2594 4537
362 278 454 350 28
1003 282 1102 349 Μ.
1154 282 1231 349 Τ.
1285 280 1848 352 CICERONIS

358 400 694 488 haberet,
747 399 947 498 quod
973 432 979 439 ·
1003 400 1278 473 salvum
1324 426 1479 475 esse
1512 402 1771 475 vellet?
1816 408 1931 476 An
1974 426 2148 477 vero
2190 405 2501 479 clarissi-

365 535 568 584 mum
605 514 840 584 virum
864 523 894 555 ²
931 515 1214 611 generis
1243 514 1463 584 vestri
1500 536 1583 585 ac
1632 516 1949 587 nominis
1999 538 2217 587 nemo
2258 540 2505 615 repre-

363 622 657 711 hendit,
697 625 828 721 qui
854 622 1086 695 filium
1125 646 1341 695 suum
1381 628 1525 695 vita
1566 627 1871 724 privavit
1893 680 1913 712 ‚
1960 640 2045 699 ut
2078 624 2203 698 iu³
2242 626 2507 699 ceteris

359 732 680 805 firmaret
707 736 1096 832 imperium
1117 759 1132 803 :
1165 750 1244 806 tu
1261 734 1788 833 rempublicam
1808 736 2315 835 reprehendiS,
2342 761 2507 835 quae

361 841 793 917 domesticos
825 844 1074 916 hostes
1099 898 1119 933 ,
1161 836 1255 916 ne
1289 843 1393 916 ‘ab
1424 847 1513 917 iis
1543 848 1695 943 ipsa
1737 863 2141 939 necaretur,
2176 848 2509 919 necavit?

356 958 610 1053 ltaque
655 954 946 1027 attende
981 955 1167 1050 jam,
1201 959 1604 1053 Torquate,
1646 981 1868 1055 quam
1902 982 2039 1056 ego
2066 960 2098 1010 4
2138 955 2507 1055 defugiam

360 1067 862 1139 auctoritatem
897 1066 1316 1139 consulatus
1352 1068 1515 1138 mei.
1544 1068 1859 1139 Maxima
1887 1091 2103 1155 voce,
2132 1082 2217 1138 ut
2242 1091 2507 1139 omnes

361 1174 690 1249 exaudiri
723 1180 1006 1277 possint
1033 1232 1053 1267 ,
1097 1176 1300 1266 dico,
1338 1200 1775 1276 semperque
1814 1174 2141 1249 dicam⁵z
2182 1174 2509 1248 adestote

362 1311 621 1360 omnes
665 1290 920 1360 animis
938 1343 957 1377 ‚
998 1292 1130 1387 qui
1167 1278 1431 1359 adestis
1476 1286 1907 1387 corporibus
1929 1342 1948 1376 ‚
2002 1312 2321 1386 quorum
2372 1312 2510 1385 ego

255 1484 270 1491 ⁴
361 1396 774 1496 frequentia
807 1423 1250 1498 magnopere
1276 1399 1521 1488 laetor3
1556 1401 1808 1495 erigite
1842 1390 2123 1470 mentes
2150 1421 2509 1495 auresque

363 1524 672 1599 vesu-asi,
715 1524 791 1583 et
835 1534 954 1581 me
997 1509 1088 1581 de
1114 1508 1487 1581 invidiosis
1514 1505 1805 1597 rebusss,
1840 1525 1926 1581 ut
1958 1508 2079 1581 ille
2120 1522 2371 1607 putat,
2406 1507 2511 1578 di-

364 1632 648 1691 centem
676 1619 1050 1692 attendite.
1089 1625 1240 1717 Ego
1271 1619 1565 1706 consul,
1604 1644 1837 1716 quum
1876 1620 2233 1691 exercitus
2273 1616 2513 1717 perdi-

365 1742 608 1799 torum
637 1730 900 1801 civium
923 1784 944 1819 ‚
963 1729 1415 1801 clandestino
1461 1730 1727 1801 scelere
1758 1728 2141 1815 conflatu5‚
2168 1726 2513 1801 crudelis-

365 1839 628 1910 simum
661 1854 736 1913 et
761 1838 1379 1912 luctuosissimum
1406 1840 1707 1911 exitium
1728 1844 1976 1937 patriae
1996 1852 2511 1937 comparasset3

367 1972 600 2045 quum
651 1948 743 2019 ad
799 1972 1136 2022 occasum
1180 1950 1707 2047 interitumque
1747 1948 2161 2048 reipublioee
2202 1947 2515 2020 Catilina

365 2060 443 2130 in
474 2059 758 2147 castris,
783 2060 860 2128 in
901 2059 1014 2131 his
1047 2075 1290 2132 autem
1330 2059 1619 2158 templis
1646 2074 1869 2156 atque
1904 2060 2115 2131 tectis
2142 2057 2295 2130 dux
2316 2064 2512 2130 Len-

369 2169 566 2243 tulus
607 2184 798 2243 esset
846 2174 1284 2243 constitutus
1311 2224 1332 2260 ,
1386 2171 1565 2241 meis
1612 2168 1965 2258 consiliis,
2022 2171 2203 2241 meis
2248 2166 2515 2241 labori-

367 2280 543 2370 bus,
592 2284 738 2354 mei
787 2283 1041 2379 capitis
1086 2280 1469 2380 periculis,
1524 2281 1681 2351 sine
1731 2278 2053 2351 tumultu
2069 2291 2126 2365 ⁷,
2176 2281 2333 2350 sine
2384 2278 2513 2350 de-

363 2512 428 2562 al.
448 2511 600 2579 vulg.
623 2515 726 2564 «Et
746 2529 891 2579 quem
908 2534 958 2575 a,
977 2529 1140 2564 errore
1156 2513 1383 2564 solemni.

360 2596 484 2644 J.V.
507 2595 564 2642 1..

439 2687 489 2722 a.
516 2669 846 2721 Clarissimum
861 2669 1045 2721 vit-um.
1060 2674 1122 2721 T.
1151 2673 1394 2722 Manlium

1476 2515 1691 2577 eiusdem
1716 2513 2071 2576 conjurationis
2098 2513 2334 2571 fautor-ea,
2362 2521 2421 2562 et
2446 2513 2517 2560 aie

1479 2594 1600 2642 odio
1624 2610 1682 2641 ao
1718 2595 1803 2642 irae
1829 2591 2003 2658 populi
2032 2591 2224 2640 romani
2252 2590 2514 2654 designare

1480 2671 1758 2722 studebant.
1785 2672 1986 2728 Cicero,
2027 2682 2084 2719 ut
2116 2671 2209 2718 viri
2248 2671 2403 2719 sortes
2427 2669 2515 2734 qui

363 2755 696 2817 Torquatum,
734 2751 822 2815 qui
847 2751 1042 2799 tertium
1074 2752 1282 2811 consul,
1314 2751 1392 2799 la·

365 2833 474 2882 tino
509 2829 642 2880 bello
679 2827 868 2892 filium,
907 2847 1200 2897 quamquam
1227 2831 1391 2879 vieto·

365 2927 498 2972 rem,
525 2909 690 2958 necari
725 2908 870 2968 juaait
887 2941 904 2969 ,
948 2909 1066 2973 quia
1095 2918 1265 2958 contra
1293 2908 1396 2956 edi·

363 3000 500 3040 etum
522 3003 664 3036 auum
689 2997 1007 3052 pugnaverat.

436 3069 486 3118 3.
504 3066 736 3117 Anibi-oa.
755 3066 867 3116 eod.
894 3088 920 3108 ει
933 3067 986 3116 in
1003 3077 1190 3116 oeteroa
1201 3089 1246 3116 ι.
1266 3066 1395 3116 vide

367 3151 500 3214 Aug.
523 3145 706 3196 Maium
725 3179 742 3207 ,
760 3163 816 3212 p.
844 3155 961 3203 141.
981 3150 1035 3197 J.
1054 3151 1120 3199 V.
1140 3151 1202 3197 L.

439 3235 492 3283 4.
537 3227 700 3290 Quam
738 3241 830 3289 ego
867 3223 1140 3291 deficiam.
1175 3227 1389 3275 Ironiee.

366 3303 648 3372 significare
671 3303 781 3352 vult
804 3320 858 3352 ae
879 3319 1148 3370 numquam
1184 3304 1393 3369 denega-

365 3395 558 3443 turum,
604 3382 719 3448 quia
759 3382 876 3432 inde
913 3399 1151 3432 summam
1185 3383 1394 3449 adeptu»

369 3463 575 3532 gloriam
591 3497 606 3523 ,
632 3472 729 3512 ete.

437 3539 491 3594 5.
519 3541 662 3602 Dico,
679 3557 962 3607 semperque
985 3541 1170 3590 dicam.
1192 3543 1294 3604 Qui
1312 3542 1395 3592 ei-

369 3637 600 3672 eeronem
624 3622 938 3687 vituperant,
963 3620 1100 3686 quod
1127 3621 1312 3670 multus
1340 3621 1395 3669 in

365 3704 428 3752 iia
468 3711 686 3751 venetur
721 3717 832 3766 quai
857 3700 1144 3766 reipublice
1179 3701 1392 3748 contulit

364 3778 630 3838 beneficia,
671 3795 902 3845 oppreaaa
937 3779 1129 3828 scilicet
1168 3777 1393 3827 Catilinae

369 3856 730 3927 conjuratione,
765 3858 802 3905 ii
829 3872 932 3904 nou
965 3855 1227 3904 attendunt
1249 3854 1314 3903 ad
1342 3857 1397 3905 id

371 3935 640 3986 adductum
665 3951 775 3986 eum
789 3971 808 3994 ,
831 3947 887 3984 ut
903 3937 1208 4000 auspiciouea
1227 3933 1397 4000 depel-

369 4017 492 4066 leret
523 4015 700 4081 quibua
727 4032 838 4064 eum
869 4015 1118 4078 involvere
1145 4014 1400 4064 novissimi

1476 2752 1651 2818 populi
1661 2753 1773 2813 jura
1786 2749 2045 2798 defendere
2062 2748 2242 2809 solent,
2262 2763 2369 2797 non
2386 2748 2516 2798 adeo

1476 2831 1691 2895 ingratas
1714 2829 1897 2878 civium
1914 2840 2101 2878 mentes
2114 2863 2131 2891 ,
2146 2845 2297 2892 quam
2312 2845 2517 2877 eorum·

1482 2909 1595 2958 dem
1630 2925 1816 2956 errorea
1850 2907 2149 2956 formidabat
2180 2921 2195 2955 ε
2234 2919 2289 2956 et
2326 2907 2456 2972 quid
2490 2923 2517 2956 a

1484 2987 1705 3038 catilinae
1730 2985 1963 3035 studiosis
2000 2985 2071 3034 illi
2100 2985 2425 3034 metuendum
2448 3002 2520 3034 ea·

1484 3076 1557 3116 aet
1572 3101 1589 3126 ,
1610 3066 1725 3114 aatia
1748 3063 2069 3114 ostenderunt
2090 3064 2257 3115 Clodii
2277 3065 2521 3114 factiones

1487 3155 1537 3193 et
1554 3155 1722 3210 postea
1749 3143 1989 3194 exsilium.

1560 3225 1609 3273 6.
1636 3225 1712 3272 De
1736 3222 1985 3272 invidiosis
2012 3223 2177 3273 rebus.
2221 3223 2281 3272 Id
2310 3235 2421 3283 eat,
2460 3225 2523 3273 de

1486 3319 1604 3352 nece
1623 3302 1993 3365 conjuratorum
2006 3338 2022 3365 ‚
2033 3318 2145 3367 quae
2162 3305 2217 3350 in
2232 3319 2313 3351 me
2330 3303 2524 3369 impro-

1480 3383 1657 3432 borum
1678 3382 1900 3430 omnium
1924 3381 2039 3430 odia
2056 3381 2523 3432 concitaverunt.—

1487 3463 1553 3510 Ue
1581 3461 1667 3510 ille
1693 3471 1860 3524 putat.
1880 3460 2075 3526 Nempe
2104 3461 2257 3508 mein
2282 3460 2526 3510 invidiam

1481 3541 1762 3604 Torquatus
1785 3539 2033 3588 adducere
2058 3549 2270 3589 conatus
2286 3551 2380 3590 est.

1557 3636 1610 3679 7.
1628 3617 1743 3665 Sine
1771 3618 1995 3666 tumultu.
2024 3618 2217 3667 Bellum
2235 3619 2489 3670 Gallicum
2506 3655 2525 3680 ‚

1482 3709 1570 3746 aut
1626 3697 1853 3746 Italicum
1910 3696 2147 3762 appellari
2214 3699 2495 3749 tumultum
2508 3733 2523 3758 ‚

1480 3776 1619 3842 quod
1643 3777 1696 3824 iu
1714 3791 1775 3824 eo
1794 3776 1943 3826 timor
1960 3777 2145 3826 multus
2163 3786 2291 3824 esset
2306 3812 2323 3836 ,
2354 3779 2528 3827 scribit

1483 3857 1658 3907 Cicero
1702 3857 1758 3904 iu
1804 3855 2023 3921 Philipp.
2040 3857 2163 3904 vm
2193 3869 2209 3903 ε
2250 3856 2441 3920 quibua
2475 3859 2525 3904 in

1484 3935 1627 3984 bellis
1643 3951 1707 3985 ne
1722 3935 2055 3984 sacerdotibus
2070 3933 2275 3997 quidem
2302 3947 2355 3984 et
2382 3952 2527 3985 sexa-

1490 4015 1699 4080 genariis
1742 4015 1933 4065 vacatio
1987 4023 2105 4062 erat.
2165 4015 2339 4078 Quum
2373 4016 2527 4081 igitur
