2594 4537
338 256 477 348 642
943 261 1219 330 GAsP.
1274 226 1856 332 GAizAToNn

336 386 403 447 in
442 384 585 471 ipso
621 381 933 462 adven'tu3
970 399 1086 445 «ut
1114 402 1217 446 me
1249 385 1534 471 primum
1571 382 1892 448 decedens
1923 406 2008 449 ex
2049 385 2234 473 Syria
2269 390 2460 471 vidit,

336 490 711 579 complexus
743 504 808 552 et
848 490 1174 577 gratulans
1212 514 1360 555 meo
1395 488 1712 555 beneficio
1747 494 2013 579 patriam
2061 516 2130 557 se
2165 480 2459 561 visurum

333 620 471 662 esse
516 596 751 675 dixit»,
800 594 1080 683 Philipp.
1130 599 1231 679 11,
1280 595 1356 679 5,
1411 620 1606 685 quem
1655 596 1874 661 locum
1922 600 2138 663 attulit
2191 601 2456 666 Maius:

330 704 641 790 denique,
682 723 887 788 quum
932 702 1217 789 primum
1253 702 1322 765 in
1370 718 1665 767 senatum
1714 706 1924 785 venit,
1971 735 1999 760 ι
2023 707 2256 769 omnia
2289 708 2456 771 illius

329 808 572 873 ordinis
615 806 905 871 consulta
954 807 1237 873 laudavit
1277 808 1412 896 (ad
1451 811 1584 873 Att.
1623 810 1683 891 I,
1733 814 1810 888 125
1832 809 1877 897 ).
1925 810 2102 874 Tum
2149 812 2452 895 Crassus,

324 930 741 1003 posteaquam
772 910 931 975 vidit
958 912 1139 977 illum
1151 914 1478 1002 excepisse
1503 913 1761 978 laudem
1785 938 1864 978 ex
1885 936 2000 991 ec,
2036 916 2220 1004 quod
2239 920 2456 1007 suspi-

322 1035 624 1084 carentur
654 1018 953 1081 homines
990 1018 1049 1080 ei
1090 1019 1500 1083 consulatum
1544 1038 1763 1083 meum
1803 1022 2090 1108 placere,
2135 1026 2451 1105 surrexit,

320 1124 855 1211 ornatissimeque
890 1122 972 1199 de
1007 1141 1155 1187 meo
1188 1125 1534 1188 consulatu
1575 1124 1888 1213 loquutus
1925 1143 2108 1191 est....
2148 1127 2452 1192 Proxime

312 1230 696 1318 Pompeium
741 1227 1042 1291 sedebam
1078 1251 1094 1291 τ
1149 1228 1432 1297 intellexi
1481 1230 1818 1294 hominem
1863 1232 2110 1295 moveri
2145 1255 2162 1295 :
2219 1250 2448 1297 utrum

316 1338 619 1399 Crassum
654 1334 815 1396 inire
846 1350 994 1396 'eam
1029 1334 1293 1422 gratiam
1320 1380 1340 1414 ,
1381 1355 1579 1421 quam
1620 1334 1758 1422 ipse
1789 1336 2333 1423 praetermisisset,
2363 1362 2446 1401 an

312 1464 452 1505 esse
485 1456 692 1504 tantas
724 1459 827 1501 res
864 1454 1151 1519 nostraS,
1192 1460 1339 1525 quae
1381 1454 1513 1501 tam
1559 1438 1800 1503 libente
1843 1456 2072 1503 senatu
2101 1440 2446 1505 laudaren-

308 1564 437 1628 tur,
472 1559 591 1609 etc.
612 1576 637 1601 n
670 1546 833 1607 Cum
874 1544 975 1606 his
1017 1544 1350 1632 superiora
1399 1544 1452 1607 si
1496 1546 1822 1627 conferas,
1868 1545 2108 1633 quibus
2147 1546 2444 1636 Pompeii

306 1651 635 1717 silentium
666 1649 1106 1737 redarguerat,
1136 1667 1263 1736 qna
1305 1665 1471 1714 esset
1519 1648 1866 1737 prudentia
1901 1652 2165 1734 Cicero,
2208 1653 2444 1717 intelli·

306 1781 437 1847 geS.
474 1756 780 1843 Sequitur
802 1756 988 1842 epist.
1022 1754 1102 1818 16
1128 1752 1211 1817 de
1229 1776 1297 1817 se
1323 1770 1389 1817 et
1408 1754 1758 1843 Pompeio:
1793 1786 1817 1811 α
1843 1755 2044 1819 multa
2069 1772 2134 1819 et
2145 1757 2440 1837 jucunda

304 1860 779 1927 consuetudine
828 1858 1161 1939 conjuncti
1206 1860 1379 1923 inter
1438 1882 1559 1924 nos
1623 1882 1876 1942 sumuS,
1927 1884 2158 1949 usque.
2199 1885 2314 1939 eo,
2364 1882 2436 1928 ut

305 1970 511 2033 nostri
562 1966 667 2030 isti
710 1964 1228 2029 commissatores
1283 1964 1750 2045 conjurationis
1800 1966 2120 2030 barbatuli
2162 1967 2437 2047 juvenes

302 2076 486 2138 illum
532 2074 600 2140 in
638 2069 1055 2135 'sermonibus
1102 2071 1371 2133 Gnaeum
1419 2070 1797 2134 Ciceronem
1841 2071 2232 2159 appellent».
2267 2074 2434 2137 Item

304 2182 489 2268 e‘pist.
516 2200 631 2265 19:
670 2177 937 2263 «Itaque
965 2175 1249 2263 primum
1280 2192 1430 2239 eum
1453 2224 1470 2256 ,
1515 2176 1628 2263 qui
1661 2177 1938 2239 nimium
1973 2174 2090 2240 diu
2119 2176 2200 2240 de
2235 2178 2434 2243 rebus

300 2286 539 2351 nostris
575 2299 895 2364 tacuerat,
928 2281 1318 2370 Pompeium
1341 2280 1580 2346 adduxi
1611 2283 1679 2345 in
1719 2305 1859 2347 eam
1892 2283 2335 2368 voluntatem,
2357 2301 2433 2350 ut

301 2395 367 2457 in
412 2408 638 2457 senatu
688 2414 823 2454 non
880 2389 1113 2470 semel,
1170 2389 1284 2453 sed
1326 2405 1531 2478 saepe,
1575 2390 1926 2478 multisque
1971 2391 2187 2455 verbis
2237 2390 2430 2472 hujus

298 2499 458 2560 mihi
514 2498 786 2561 salutem
846 2493 1097 2582 imperii
1161 2509 1358 2581 atque
1411 2494 1586 2557 orbis
1652 2510 1971 2558 terrarum
2025 2493 2428 2574 adjudicarit.

298 2600 498 2684 Quod
533 2623 667 2664 non
710 2616 842 2662 tam
884 2597 1180 2661 interfuit
1210 2621 1354 2662 mea
1393 2597 1635 2686 (neque
1666 2599 1840 2662 enim
1883 2599 2005 2663 illae
2037 2621 2139 2664 res
2185 2615 2302 2663 aut
2343 2601 2426 2664 ita

300 2723 456 2772 sunt
487 2706 814 2786 obscurae,
848 2719 923 2766 ut
948 2704 1429 2781 testimonium,
1469 2721 1582 2767 aut
1615 2704 1700 2768 ita
1739 2703 1982 2786 dubiae,
2007 2721 2084 2768 ut
2107 2702 2425 2769 laudatio-

294 2837 446 2879 nem
475 2809 900 2898 desiderent),
926 2829 1124 2897 quam
1152 2809 1558 2897 reipublicae:
1587 2810 1768 2898 quod
1795 2827 1976 2875 erant
2011 2809 2278 2898 quidam
2313 2812 2426 2876 im-

293 2919 515 3008 probi,
542 2918 655 3005 qui
688 2916 1175 2980 contentionem
1216 2917 1358 2977 fore
1403 2914 1680 3002 aliquam
1720 2915 1881 2979 mihi
1925 2937 2076 2980 cum
2111 2916 2422 3004 Pompeio

288 3051 367 3090 ex
394 3044 614 3089 rerum
644 3023 903 3086 illarum
936 3019 1336 3084 dissensione
1362 3021 1832 3096 arbitrarentur
1849 3051 1895 3086 n.
1926 3023 2210 3112 Insignis
2232 3023 2420 3086 etiam

190 3185 196 3195 .
290 3151 388 3198 est
434 3133 650 3213 locuS,
694 3131 793 3210 11,
844 3151 902 3210 1,
943 3149 1074 3215 quo
1123 3143 1358 3216 purgat
1407 3149 1476 3192 se
1529 3127 1610 3192 de
1654 3129 1944 3218 Pompeii
1971 3130 2106 3209 jam
2141 3129 2420 3192 nimium

292 3238 621 3329 popularis
656 3235 1081 3300 familiaritate
1115 3235 1496 3323 objurgatus
1530 3237 1613 3300 ab
1657 3237 1912 3301 Attico:
1952 3259 2240 3326 eumque
2287 3267 2314 3292 ι
2339 3236 2418 3300 de

287 3347 479 3428 meis,
516 3345 762 3432 inquit,
798 3341 1027 3421 rebuS,
1077 3341 1144 3403 in
1181 3361 1340 3428 quas
1383 3363 1535 3404 eum
1557 3342 1765 3412 :multi
1797 3343 2174 3423 incitarant,
2211 3343 2418 3406 multo

289 3452 449 3515 scito
477 3449 852 3538 gloriosius,
883 3469 1077 3534 quam
1124 3444 1204 3509 de
1246 3445 1409 3526 suis»,
1445 3445 1832 3534 praedicare.
1875 3448 1997 3512 sibi
2039 3448 2214 3511 enim
2251 3447 2418 3512 bene

292 3575 513 3647 gestae,
533 3555 695 3619 mihi
718 3569 1107 3618 conservatae
1135 3552 1294 3640 reip.
1317 3551 1427 3617 dat
1451 3554 1959 3618 testimonium».
1989 3555 2210 3644 Pergit
2231 3554 2415 3642 epist.

293 3665 383 3727 3:
420 3659 837 3742 «conjunctio
866 3657 1027 3721 mihi
1058 3681 1314 3721 summa
1351 3681 1501 3722 cum
1540 3658 1854 3748 Pompeio
1876 3689 1920 3724 υ.
1965 3659 2082 3722 Illa
2105 3681 2264 3722 vero
2295 3682 2418 3722 no·

291 3771 413 3830 tari
460 3767 735 3831 velim«
710 3789 831 3828 «ex
886 3787 1107 3828 rerum
1156 3763 1410 3828 illarum
1468 3763 1899 3846 dissensione,
1941 3766 2010 3828 in
2056 3787 2216 3852 quas
2267 3788 2417 3828 eum

292 3871 481 3934 multi
515 3871 896 3942 incitarant»
916 3917 934 3951 ,
968 3886 1042 3933 ut
1088 3867 1171 3932 ad
1216 3892 1323 3951 ea,
1361 3893 1505 3957 quae
1549 3871 1632 3934 de
1675 3872 1952 3959 pristino
1987 3871 2286 3958 Pompeii
2335 3871 2418 3934 si·

284 3974 487 4036 lentio
542 3975 862 4055 diximus,
924 3973 1378 4063 adjungantur.
1433 3977 1714 4042 Ubinam
1775 3977 1973 4066 igitur
2017 3993 2194 4040 tanta
2249 3977 2414 4040 illius
