2594 4537
501 296 878 367 ORATIO
929 297 1146 369 PRO
1197 296 1353 366 CN.
1396 296 1897 369 PLANCIO.
2134 296 2269 396 575

117 418 314 491 mihi
345 416 548 491 ferro
591 440 938 514 magnum
983 412 1124 489 fuit
1171 439 1339 489 cum
1386 417 1710 513 reliquiis
1750 443 2041 510 eorum,
2084 446 2273 519 quos

115 555 269 629 ego
303 528 648 604 florentes
675 542 898 625 atque
923 530 1246 623 integros
1274 529 1432 599 sine
1470 524 1665 599 ferro
1696 529 2059 603 viceram?
2084 537 2272 607 Con-

119 642 326 715 sules
358 654 525 738 post
554 634 984 713 hominum³
1021 638 1447 711 memoriam
1482 638 1835 727 teterrimi
1862 656 2081 739 atque
2118 658 2269 714 tur-

123 752 448 849 pissimi,
490 750 678 824 sicut
711 764 788 823 et
821 748 944 819 illa
986 747 1339 845 principia
1358 800 1379 835 ,
1416 761 1491 817 et
1536 746 1615 817 hi
1662 765 1989 823 recentes
2024 777 2269 826 rerum

119 864 372 935 exitus
399 859 888 950 declararunt,
915 880 1232 955 quorum
1259 857 1440 931 alter
1462 858 1857 929 exercitum
1874 864 1905 912 ⁴
1935 861 2271 959 perdidit,

119 973 316 1046 alter
347 970 676 1045 vendidit
695 967 750 1058 ⁵,
787 970 1050 1067 emptis
1080 969 1471 1066 provinciis
1486 964 1544 1056 ⁶,
1572 992 1615 1039 a
1654 983 1907 1041 senatu
1926 1024 1947 1058 ‚
1983 997 2024 1043 a
2049 996 2271 1071 repu-

119 1082 326 1157 blica
347 1136 368 1171 ,
399 1106 440 1153 a
470 1080 690 1153 bonis
733 1078 1078 1152 omnibus
1113 1076 1530 1151 defecerant
1569 1104 1587 1148 :
1631 1082 1763 1175 qui
1802 1082 2273 1171 exercitibus,

121 1196 260 1293 qni
321 1194 536 1267 armis
557 1244 578 1278 ‚
629 1193 758 1289 qui
801 1188 1070 1287 opibus
1119 1186 1515 1286 plurimum
1558 1202 1898 1285 poterant
1914 1202 1967 1276 ⁷,
2010 1216 2278 1289 quum,

123 1301 314 1403 quid
353 1302 748 1388 sentirent,
791 1300 1230 1386 nesciretur,
1273 1297 1547 1370 furialis
1592 1297 1711 1369 illa
1759 1292 1948 1369 vox⁸
1990 1298 2277 1375 nefariis

125 1412 408 1510 stupris
425 1463 445 1498 ,
469 1411 820 1509 religiosis
842 1408 1186 1481 altaribus
1213 1406 1646 1496 effeminata,
1670 1421 1952 1481 secum9
1980 1426 2055 1482 et
2078 1412 2239 1485 illos
2254 1468 2275 1502 ,

124 1538 208 1597 et
243 1522 585 1595 consules
619 1521 856 1595 facere
881 1574 904 1608 ,
945 1516 1403 1593 acerbissime
1452 1516 1913 1617 personabat.
1928 1524 2277 1619 «Egentes

123 1636 212 1705 in
255 1630 656 1730 locupletes
673 1686 696 1719 ,
733 1630 1000 1729 perditi
1035 1633 1114 1701 in
1149 1627 1419 1718 bonos,
1460 1632 1651 1703 servi
1684 1630 1765 1701 in
1799 1629 2135 1705 dominos
2159 1658 2273 1705 ar-

124 1740 546 1815 mabantur.
599 1740 868 1813 Aderat
901 1762 1190 1813 mecum
1232 1754 1523 1815 senatus
1542 1792 1562 1827 ,
1614 1754 1688 1811 et
1734 1730 2031 1837 quidem
2079 1758 2277 1816 veste

123 1865 414 1927 mutata
439 1862 544 1923 ¹⁰:
589 1850 792 1950 quod
834 1874 970 1948 pro
1007 1874 1125 1923 me
1164 1874 1318 1921 uno
1366 1864 1532 1949 post
1572 1850 1957 1923 hominum
1998 1877 2278 1927 memo-

123 1963 320 2036 riam
364 1959 664 2058 publico
708 1961 1014 2036 consilio
1051 1974 1469 2058 susceptum
1508 1974 1639 2033 est.
1686 1960 1829 2033 Sed
1862 1962 2277 2053 recordare,

123 2073 266 2170 qui
301 2085 456 2145 tum
489 2068 762 2143 fuerint
795 2070 1177 2143 consulum
1211 2072 1511 2143 nomine
1540 2070 1823 2157 hostes;
1862 2074 1992 2168 qui
2030 2076 2167 2145 soli
2198 2082 2276 2147 in

207 2274 262 2322 ³.
288 2271 518 2321 Consules
535 2282 653 2336 post
671 2268 938 2319 hominum.
966 2267 1165 2318 Nemini
1254 2289 1280 2311 a
1296 2268 1469 2318 Emieti
1508 2285 1536 2318 e
1572 2270 1847 2320 foedieeimo
1886 2271 2088 2322 tribuno
2116 2275 2275 2338 plebis

127 2351 346 2402 dubium
393 2361 467 2400 eet
517 2351 651 2399 bunc
695 2350 860 2398 locum
905 2365 1058 2413 neque
1099 2347 1164 2397 ad
1261 2385 1276 2397 .
1297 2383 1312 2396 .
1334 2381 1348 2395 .
1378 2347 1551 2412 grandi
1572 2352 1803 2413 pecunia,
1825 2362 1883 2399 nt
1905 2349 1998 2398 tibi
2032 2352 2094 2400 de
2120 2370 2271 2418 pecn-

125 2457 156 2478 α
174 2432 352 2484 adem
373 2445 565 2479 meeum
597 2439 792 2477 uenatus
809 2448 836 2470 ι-
861 2443 967 2478 esee
991 2443 1164 2477 corru-
1249 2427 1348 2475 niiae
1366 2427 1562 2476 creditis
1582 2431 1663 2490 jue
1688 2431 1742 2477 i'n
1766 2429 1947 2478 liberos
1964 2431 2205 2496 populos.
2222 2468 2236 2482 .
2251 2469 2264 2482 .

127 2523 282 2579 ptum
305 2522 357 2562 et
375 2509 774 2576 incompositum.
1251 2504 1417 2556 dicere
1466 2507 1635 2556 liceret
1670 2529 1715 2556 a.
1770 2506 1900 2557 Ibid.
1945 2510 2117 2560 eodem
2162 2529 2273 2578 cap.

210 2602 262 2650 4.
311 2591 450 2638 Alter
483 2588 749 2638 exereitum
777 2585 1018 2652 perdidit.
1045 2587 1161 2636 Scil-
1253 2605 1278 2626 ι
1300 2601 1452 2649 quum
1478 2587 1716 2636 Gabinius
1744 2587 1905 2636 omnia
1931 2587 2027 2638 eibi
2046 2601 2095 2640 et
2114 2602 2274 2657 empta

127 2675 270 2722 Piso.
283 2671 612 2736 Exponnntur
627 2667 733 2714 baec
750 2665 854 2714 fuse
869 2666 925 2714 in
942 2665 1163 2720 oratione
1252 2675 1303 2714 et
1328 2665 1531 2714 emenda
1554 2682 1657 2714 esse
1678 2667 1907 2714 clamaret
1926 2688 1949 2710 ι
1960 2703 1973 2716 .

131 2751 200 2800 de
235 2749 506 2815 provinciis
539 2745 780 2796 consuler.
805 2760 954 2808 quem
991 2746 1165 2796 Cicero
1328 2761 1379 2807 ¹7.
1414 2743 1514 2809 Qui
1543 2745 1867 2806 exercitibus,
1906 2746 1993 2810 qm·
2016 2749 2197 2798 annis.
2216 2785 2229 2797 .
2252 2785 2265 2798 .

128 2830 376 2879 habuerat
411 2841 542 2876 enno
581 2823 848 2889 superiore.
875 2823 1128 2871 Exercitus
1148 2855 1164 2882 ,
1247 2823 1515 2888 plurimum
1528 2823 2019 2887 poterane.1ntelligit
2037 2843 2151 2874 eane
2166 2829 2276 2876 Cae-

133 2909 335 2974 inquit,
358 2907 440 2955 me
466 2915 654 2966 noster,
690 2901 1038 2968 superbissimo
1077 2903 1161 2951 de·
1253 2917 1437 2962 eurem,
1486 2903 1769 2966 Pompeium
1818 2913 1867 2952 et
1903 2902 2144 2953 Crassum.
2182 2909 2277 2956 Pro

133 2992 274 3038 lectu
293 3021 308 3046 ‚
326 2997 380 3035 et
401 2985 657 3033 durissime
683 2981 1046 3048 conquisitione
1067 2980 1168 3028 eol-

133 3071 296 3118 lectns
307 3101 324 3126 ,
341 3065 500 3114 omnis
517 3061 704 3114 interiit
716 3095 731 3120 ,
757 3070 849 3109 ete.

213 3147 266 3195 5.
311 3145 449 3193 Alter
482 3139 732 3192 vendidit.
773 3137 895 3188 Seu.
929 3137 1168 3186 Gabinius

135 3223 454 3279 Alexandria
489 3219 592 3286 regi
620 3235 634 3269 t
678 3241 704 3260 κ
721 3219 942 3282 seipsum
961 3251 978 3281 ‚
1017 3217 1167 3264 sesoee

136 3322 284 3365 suos,
310 3301 575 3351 exercitum
603 3297 781 3366 populi
820 3297 1036 3358 romani,
1069 3313 1167 3346 nu-

138 3401 254 3436 men
284 3375 694 3445 interdictumque
729 3377 934 3426 deorum
969 3378 1168 3425 immor-

139 3465 340 3522 talium,
368 3475 600 3526 response
625 3456 934 3506 secerdotum
957 3491 974 3516 ,
1004 3467 1168 3505 aucto·

137 3547 336 3594 ritatem
352 3551 547 3590 senatus
567 3575 583 3602 ,
605 3539 737 3601 jum
762 3536 962 3602 populi,
992 3551 1172 3585 nomen

135 3640 202 3671 ac
238 3619 524 3684 dignitatem
563 3617 758 3684 imperii
802 3616 904 3680 regi
935 3615 1172 3681 AEgyptio

140 3699 367 3750 vendidit
387 3719 434 3746 υ.

213 3783 265 3829 6.
301 3778 492 3843 Emptis
530 3774 815 3842 provinciis.
863 3779 910 3822 A
953 3773 1134 3824 Clodio
1153 3807 1168 3832 ,

143 3861 258 3926 qui,
292 3857 399 3924 lege
421 3858 516 3906 leta
537 3889 553 3916 ‚
600 3855 766 3903 Pisoni
793 3853 1136 3904 Macedoniam
1152 3886 1168 3912 ,

143 3939 360 3992 Gabinio
399 3935 591 4002 Syriam
645 3932 868 3982 tradidit.
904 3933 964 3980 In
1003 3931 1170 3980 eadem

145 4021 368 4074 oratione
403 4016 464 4064 de
507 4013 738 4062 Provinc.
766 4011 955 4062 consul.
978 4027 1086 4078 cap.
1107 4019 1167 4068 ιε

1258 2979 1396 3027 Sext.
1422 2997 1535 3046 cap.
1559 2997 1639 3043 17,
1673 2983 1731 3030 18
1752 3017 1766 3041 ,
1804 2995 1899 3046 19,
1926 3005 1953 3025 ι
1972 2983 2045 3032 Ex
2071 2985 2279 3047 quibus,

1256 3059 1357 3120 eit,
1390 3075 1541 3108 unum
1575 3057 1853 3125 (Caeeerem)
1892 3061 2069 3112 habere
2094 3066 2279 3116 exerci-

1255 3148 1362 3187 tum
1406 3139 1458 3184 in
1504 3138 1641 3188 Italia
1686 3141 1976 3202 maximum,
2010 3141 2111 3190 duo
2128 3179 2143 3203 ,
2192 3145 2281 3208 qui

1256 3217 1435 3284 privati
1472 3227 1576 3264 tum
1620 3229 1809 3278 essent,
1854 3231 1903 3268 et
1944 3237 2148 3288 praeesse
2170 3257 2187 3283 ,
2233 3235 2281 3272 et

1255 3312 1424 3360 parare
1442 3329 1456 3353 ,
1495 3293 1535 3342 si
1572 3296 1777 3362 vellent,
1812 3301 2077 3350 exercitum
2104 3319 2281 3368 poue,

1255 3374 1405 3440 idque
1432 3374 1649 3424 facturos
1667 3392 1768 3424 esse
1794 3376 1985 3430 dicebat
1998 3381 2275 3447 (Clodius):

1257 3471 1347 3503 nec
1374 3453 1495 3502 mihi
1520 3452 1602 3502 ille
1622 3453 1865 3514 judicium
1889 3461 2105 3524 populi„
2121 3496 2161 3510 ..
2192 3463 2279 3512 eed

1259 3537 1388 3595 vim,
1428 3551 1559 3584 arma
1576 3568 1594 3596 ,
1626 3537 1895 3598 exercitus,
1938 3541 2287 3605 imperatorne,

1259 3627 1414 3665 cestre
1437 3615 1757 3664 denuntiabat
1774 3637 1816 3665 »-

1332 3695 1383 3742 8.
1418 3693 1631 3744 Furialis
1659 3694 1747 3742 illa
1778 3711 1908 3744 vox.
1934 3697 2013 3744 Sc.
2039 3698 2245 3748 Pisonis.

1330 3789 1381 3838 9.
1408 3774 1473 3820 Ee
1500 3772 1623 3822 illos.
1651 3773 1811 3822 Scilic.
1837 3775 2071 3824 cesarem
2087 3811 2102 3836 ,
2137 3779 2283 3828 Pom.

1255 3852 1421 3916 poium
1440 3865 1489 3902 et
1508 3851 1749 3902 Crassum.

1336 3947 1414 3982 ιο.
1451 3933 1589 3982 Veste
1614 3943 1821 3982 mamea.
1848 3932 1963 3983 Scil.
1988 3947 2121 3985 veste
2140 3938 2291 3990 indn-

1260 4022 1339 4062 ωε
1359 4021 1489 4074 ιιι-ις
1510 4012 1649 4076 qnod
1666 4013 1831 4066 luctus
1850 4023 1953 4062 eret
1974 4014 2227 4067 indicium.
