2594 4537
930 235 1028 302 M.
1080 236 1156 302 T.
1210 235 1790 305 CICERONIS

298 353 635 424 lescentia
684 366 1007 424 versatus
1064 370 1172 427 est
1220 357 1300 426 in
1351 353 1512 426 foro
1533 409 1554 443 ,
1609 379 1841 452 quum
1896 377 2062 426 eum
2093 407 2114 442 ,
2165 370 2438 452 praeter

296 463 701 536 simulatam
735 477 1240 561 versutamque
1268 466 1658 552 tristitiam,
1685 463 1882 536 nulla
1913 489 2028 536 res
2053 489 2433 538 commen-

296 571 536 660 daret,
578 596 729 642 non
759 573 943 668 juris
986 572 1344 662 studium,
1393 599 1546 646 non
1577 571 1903 662 dicendi,
1945 597 2097 645 non
2137 577 2248 645 rei
2291 577 2431 645 mi-

297 682 517 753 litaris
536 737 555 770 ,
592 707 745 754 non
789 685 1457 782 cognoscendorum
1501 685 1882 755 hominum
1901 737 1922 772 ,
1965 709 2120 755 non
2161 683 2433 757 libera-

296 794 457 862 litas
476 802 530 861 2.
568 796 801 883 Quem
854 799 1270 892 praeteriens
1310 819 1541 892 quum
1584 795 1974 882 incultum,
1999 793 2388 868 horridum
2409 851 2432 885 ,

295 917 783 1000 moestumque
806 903 1099 977 vidisses
1116 961 1135 994 ,
1160 906 1437 979 etiamsi
1461 921 1814 1002 agrestem
1848 920 1922 976 et
1943 905 2430 978 inhumanum

294 1014 769 1105 existimares,
808 1030 1051 1088 tamen
1086 1015 1552 1088 libidinosum
1589 1030 1664 1087 et
1694 1014 2060 1114 perditum
2093 1040 2248 1086 non
2289 1042 2430 1115 pu-

298 1138 507 1194 tares.
554 1129 737 1196 Cum
778 1124 923 1198 hoc
962 1127 1263 1198 homine
1282 1181 1304 1214 ,
1347 1153 1442 1198 an
1477 1151 1642 1198 cum
1677 1127 1914 1223 stipite
1947 1123 2284 1223 AEthiope
2301 1123 2332 1170 ³
2375 1129 2432 1198 si

294 1233 373 1304 in
428 1231 591 1306 foro
650 1237 1091 1310 constitisses
1113 1292 1134 1326 ,
1196 1236 1379 1308 nihil
1444 1235 1776 1309 crederes
1831 1237 2176 1308 interesse
2211 1262 2230 1304 τ
2279 1237 2434 1308 sine

298 1367 551 1434 sensu,
597 1349 753 1420 sine
802 1371 1058 1444 sapore
1080 1400 1100 1433 ‚
1152 1347 1440 1443 elingue
1460 1349 1518 1434 ⁴,
1573 1345 1860 1416 tardum
1883 1399 1902 1430 ,
1943 1343 2430 1415 inhumanum

298 1461 672 1552 negotium
695 1454 744 1528 ⁵.
790 1454 1340 1556 Cappadocem⁶
1383 1455 1605 1528 modo
1655 1453 2040 1552 abreptum
2081 1452 2175 1526 de
2217 1478 2430 1552 grege

298 1567 661 1638 venalium
691 1567 990 1640 diceres.
1018 1567 1219 1640 Idem
1249 1566 1448 1638 domi
1475 1590 1694 1663 quam
1723 1564 2190 1636 libidinosus?
2213 1587 2430 1660 quam

298 1675 679 1773 impurus?
742 1703 961 1775 quam
1023 1681 1556 1775 intemperans,
1605 1699 1760 1746 non
1809 1675 2030 1770 janua
2077 1675 2432 1771 receptis,

301 1783 428 1856 sed
484 1787 977 1884 pseudothyro
1002 1800 1029 1844 ⁷
1094 1787 1524 1860 intromissis
1578 1782 2124 1882 voluptatibus?
2187 1785 2430 1873 Quum

299 1918 475 1964 vero
517 1896 730 1966 etiam
776 1892 1044 1969 literis⁸
1100 1897 1394 1969 studere
1435 1895 1732 1993 incipit,
1779 1907 1852 1965 et
1888 1891 2136 1964 helluo
2187 1893 2434 1962 imma-

300 2004 463 2074 niso
495 2029 663 2076 cum
704 2007 1045 2079 Graeculis
1080 2005 1613 2105 philosophari,
1649 2019 1808 2075 tum
1849 2017 1958 2074 est
1997 2005 2397 2100 Epicureus
2415 2057 2434 2088 ,

300 229 439 302 280

304 2191 495 2248 Gallus,
551 2193 806 2242 Placentia
852 2193 1049 2243 civitate
1096 2194 1321 2242 donatus.

302 2270 425 2320 Inde
446 2276 657 2323 Romam
673 2290 784 2321 eum
805 2272 905 2321 fllia
922 2274 1169 2339 profectus
1182 2310 1196 2333 ,
1217 2290 1323 2322 eam

303 2352 469 2399 Pisoni
506 2352 767 2401 Caesonino
782 2388 797 2409 ,
839 2352 985 2413 hujus
1035 2354 1090 2400 1..
1135 2352 1325 2401 Pisonis

304 2431 433 2493 patri
459 2430 735 2479 collocavit.
773 2432 997 2480 Ceterum
1027 2432 1252 2479 observes
1276 2443 1326 2480 et

304 2508 403 2556 hoc
428 2518 477 2557 et
502 2510 764 2572 superiori,
781 2520 829 2558 et
843 2511 1069 2574 proximo
1092 2512 1144 2557 in
1169 2514 1327 2574 capite

306 2603 539 2634 summam
554 2588 803 2636 Ciceronis
823 2589 1019 2637 dicendi
1037 2588 1328 2650 libertatem,

307 2665 385 2712 vel
406 2665 573 2729 potins
598 2666 1017 2732 intemperantitun
1040 2680 1089 2718 et
1110 2668 1328 2717 scurrili·

306 2752 478 2803 tatem,
510 2760 609 2809 qus
638 2745 763 2795 duos
794 2747 1017 2795 inimicos
1050 2748 1172 2808 sibi,
1204 2764 1327 2797 con-

304 2822 457 2883 sules,
484 2824 764 2875 insectatur.

378 2918 426 2950 τι.
468 2904 587 2950 Non
608 2902 762 2969 juris.
784 2937 797 2951 .
820 2938 833 2951 .
879 2904 1167 2954 liberalitas.
1212 2906 1323 2953 Hoc

308 2992 465 3030 totum
480 2984 701 3031 Ernestio
719 2983 911 3032 videtur
924 3001 1027 3033 esse
1040 2984 1324 3047 delendum,

305 3064 417 3125 quis
460 3062 596 3113 abest
638 3079 667 3110 n
706 3064 830 3111 Mss
866 3075 915 3112 et
960 3066 1014 3112 in
1053 3066 1160 3115 aliis
1191 3067 1324 3114 varie

304 3153 627 3205 corrupteque
679 3142 873 3207 legitur.
931 3144 1155 3193 Gravius
1205 3160 1325 3192 vero

302 3219 428 3266 hanc
446 3221 731 3284 scripturam
748 3231 930 3279 tuetur,
947 3238 1147 3286 eamque
1160 3222 1325 3270 laudat

305 3300 621 3346 Heumannus
635 3333 651 3356 ,
692 3302 780 3363 qui
817 3311 1047 3365 praterea
1082 3302 1326 3350 tironibus

303 3376 557 3440 precipit,
596 3386 651 3425 ut
694 3376 883 3427 discant
920 3380 1067 3441 hine,
1106 3381 1326 3444 quinque

304 3454 539 3503 Romanis
558 3456 659 3503 vias
678 3456 823 3506 fuisse
843 3457 906 3506 sd
930 3460 1158 3508 honores.
1182 3458 1326 3507 Alius

304 3534 491 3583 scilicet
517 3552 567 3583 se
603 3538 974 3586 commendabat
1002 3538 1189 3587 civibus
1222 3539 1324 3587 suis

298 3612 421 3671 iuris
449 3616 648 3663 scientia
667 3651 681 3673 ,
709 3616 833 3665 alius
857 3616 1134 3681 eloquentis
1156 3650 1172 3677 ,
1202 3617 1326 3665 elius

302 3691 480 3740 virtute
502 3694 697 3741 militari
710 3728 725 3753 ,
745 3694 869 3743 alius
887 3695 1145 3760 prudentis
1163 3696 1324 3758 civili,

303 3768 425 3817 alius
443 3772 651 3837 denique
671 3774 822 3821 effusa
841 3774 1143 3824 liberalitate.

377 3848 425 3895 3.
470 3850 640 3913 Stipite
676 3850 921 3915 AEtlu'ope.
962 3852 1095 3901 Idem
1132 3866 1234 3903 erat
1270 3855 1326 3903 in

311 3926 421 3973 foro
467 3939 578 3976 eum
631 3930 807 3977 Pisone
848 3942 932 3979 sut
986 3948 1099 3980 eum
1142 3934 1324 3983 stolido

1411 2190 1639 2255 AEthiope
1679 2190 1877 2237 versari.
1925 2190 1984 2235 Iu
2035 2187 2203 2252 stipite
2247 2189 2436 2236 Pisonis

1411 2280 1602 2335 stupor,
1623 2270 1678 2317 in
1704 2267 1935 2331 AEtltiope
1959 2266 2248 2317 deformius
2274 2284 2332 2316 se
2355 2284 2434 2316 co-

1411 2349 1492 2397 lor
1527 2358 1776 2397 notantur.
1817 2347 1966 2396 Multi
2003 2346 2188 2395 habent
2230 2370 2257 2389 ι
2277 2348 2434 2413 stipite

1413 2428 1492 2475 vel
1509 2427 1744 2493 ‘Ji-:thiope
1763 2447 1809 2475 ι.

1491 2514 1541 2562 4.
1579 2505 1803 2571 Elingue.
1842 2504 1922 2553 δίο
1949 2504 2166 2553 conexit
2190 2505 2436 2553 Eme-tius

1416 2586 1531 2632 loeo
1551 2604 1576 2627 ι
1599 2584 1840 2647 elinguem
1862 2605 1883 2626 ι
1897 2618 1912 2641 ,
1947 2584 2017 2631 its
2047 2594 2104 2631 ut
2143 2584 2346 2633 mollior
2375 2584 2436 2631 sit

1415 2674 1682 2723 structura,
1711 2674 1764 2711 et
1795 2662 1958 2711 omnin
1993 2662 2056 2710 sd
2091 2684 2118 2703 α
2137 2664 2392 2727 negotium
2411 2684 2435 2703 ι·

1413 2743 1701 2791 reserantur.

1485 2822 1535 2869 5.
1562 2820 1646 2869 Al.
1675 2816 1955 2885 negotium,
1973 2820 2125 2883 Capp.
2152 2820 2206 2869 J.
2223 2820 2292 2869 V.
2317 2824 2372 2870 1..

1483 2900 1537 2947 6.
1568 2898 1926 2963 Cappadocem.
1952 2898 2436 2963 Contemptissimum

1411 2994 1662 3027 servorum
1687 2993 1856 3041 genus.
1888 2977 2068 3026 Iisdem
2092 2979 2250 3027 ferme
2285 2978 2438 3028 verbis

1411 3066 1609 3106 notatur
1626 3058 1739 3105 Piso
1757 3056 1812 3105 in
1833 3072 1889 3105 es
1907 3072 2054 3121 quam
2075 3056 2251 3106 Cicero
2273 3070 2437 3107 eontra

1413 3152 1524 3185 eum
1559 3136 1732 3184 habuit
1767 3137 2018 3201 oratioue,
2046 3158 2072 3178 α
2093 3138 2250 3200 Syrus
2277 3137 2436 3185 nescio

1413 3215 1548 3279 quis,
1575 3214 1637 3263 de
1657 3230 1800 3279 grege
1823 3215 2122 3263 novitiorum
2141 3237 2186 3263 a.
2213 3216 2282 3265 Et
2303 3214 2436 3264 facile

1413 3292 1782 3341 confunduntur
1798 3293 2047 3352 nationes,
2070 3308 2184 3357 qua
2201 3310 2268 3342 ne
2285 3295 2438 3343 bonos

1413 3373 1610 3437 quidem
1633 3388 1798 3421 servos
1820 3372 2218 3439 suppeditabant.

1487 3470 1537 3514 7.
1568 3452 1913 3513 Pseudoehym.
1931 3451 2051 3501 Vid.
2074 3466 2185 3516 cap.
2208 3454 2242 3501 5
2259 3486 2275 3511 ,
2295 3450 2329 3517 S
2360 3468 2436 3500 n.

1412 3532 1642 3580 Innnitur
1659 3532 1827 3580 Venus
1847 3532 2058 3580 mascula
2075 3565 2095 3595 ‚
2120 3530 2438 3597 significetur·

1413 3628 1508 3676 que
1525 3645 1541 3672 ,
1570 3612 1707 3676 quod
1731 3611 1961 3661 adversus
1990 3621 2042 3659 et
2066 3626 2266 3659 aversus
2295 3610 2436 3658 suerit

1414 3690 1710 3756 impudicus.

1483 3772 1531 3818 8.
1551 3768 1634 3820 Al.
1659 3770 1840 3818 litem-t.
1867 3770 1918 3819 J.
1942 3772 2007 3817 V.
2029 3770 2090 3818 L.

1483 3865 1536 3911 9.
1567 3848 1815 3896 Immanis.
1841 3850 2039 3911 Ingens.
2063 3874 2137 3884 -
2168 3846 2429 3895 Graeculus.

1417 3928 1616 3975 Graeeus
1637 3926 1976 3992 philosophus.
1998 3926 2081 3976 Ad
2103 3936 2432 3991 contemptum
