2594 4537
476 315 834 387 MARRL.
876 317 989 387 ET
1028 319 1285 390 GESN.
1329 319 1988 394 PRAEFATIONES.
2168 341 2304 423 227'

174 461 329 528 quae
360 456 461 505 est
492 437 576 504 ad
604 439 891 523 Quirites
920 455 1071 528 post
1101 439 1406 506 Reditum
1426 489 1446 523 ,
1475 441 1767 530 quiedam
1799 445 1994 510 verba
2023 449 2308 514 Ammia-

180 569 309 612 nus
342 546 755 612 Marcellinus
786 545 869 612 ad
904 569 1098 612 usum
1132 571 1328 613 suum
1359 551 1746 616 convertisse
1783 551 2085 619 creditur.

268 654 359 719 11.
390 655 738 719 Enimvero
770 653 822 720 si
856 654 971 741 qui
1006 672 1235 732 erunt,
1269 657 1384 744 qui
1409 705 1426 737 ,
1450 654 1768 746 quidquid
1793 658 1875 722 ab
1905 675 2125 726 vetere
2145 677 2308 728 teste

183 776 264 823 ut
289 759 575 848 probum
616 783 690 824 ac
724 760 1086 851 genuinum
1129 784 1209 825 an
1220 761 1380 850 tiqui
1425 763 1751 852 scriptoris
1791 787 1956 853 opus
1985 765 2306 844 laudatur,

182 879 455 952 propter
494 887 693 929 unam
738 865 909 929 hanc
945 887 1203 930 causam
1247 887 1369 953 pro
1416 865 1527 930 tali
1572 865 1939 932 habendum
1962 917 1980 952 ,
2015 870 2308 960 nihilque

180 985 417 1057 praeter
457 993 601 1036 mm
630 972 1077 1044 auctoritatem
1108 971 1531 1060 spectandum
1565 989 1632 1038 et
1660 974 2307 1044 animadvertendum

182 1097 323 1140 esse
370 1077 811 1142 arbitrentur:
858 1099 979 1166 ego
1024 1100 1432 1166 nequaquam
1481 1078 1828 1162 recusabo,
1879 1103 2014 1169 quo
2051 1084 2266 1150 minus
2286 1133 2308 1166 ,
2359 1115 2372 1131 ·

178 1183 445 1273 cognita
486 1182 594 1248 illa
635 1183 1033 1272 professione
1062 1232 1080 1266 ‚
1124 1183 1191 1246 in
1250 1199 1446 1272 caput
1478 1206 1696 1250 meum
1733 1200 2013 1252 statuant
2036 1235 2056 1270 ‚
2093 1187 2310 1276 quod-

180 1311 467 1377 cumque
508 1289 659 1378 ipsis
703 1288 979 1354 libuerit.
1012 1288 1191 1356 Nihil
1225 1289 1435 1354 habeo
1468 1288 1648 1378 quod
1683 1290 2110 1380 respondeam
2130 1341 2149 1375 ‚
2182 1294 2310 1360 nisi

180 1413 259 1460 ut
291 1398 451 1461 huic
480 1399 699 1488 generi
734 1398 1051 1462 lectorum
1083 1399 1453 1486 patientiam
1487 1419 1668 1462 suam
1697 1413 1764 1464 et
1792 1400 2164 1488 gravitatem
2192 1425 2309 1490 pa·

178 1502 293 1566 lati
325 1503 637 1591 gratuler,
674 1517 1024 1591 optentque
1044 1549 1065 1582 ,
1102 1517 1178 1566 ut
1208 1525 1286 1567 ex
1319 1502 1604 1592 legendis
1633 1504 1868 1568 talibus
1901 1502 2079 1570 libris
2113 1528 2310 1593 quam

178 1607 539 1696 plurimum
570 1608 913 1696 voluptatis
946 1631 1175 1698 mpere
1208 1608 1394 1674 nullo
1427 1626 1718 1698 tempore
1756 1608 2053 1675 desinant
2088 1634 2106 1676 ε
2150 1611 2312 1678 mihi

177 1735 341 1778 vero
385 1713 677 1778 animum
722 1713 1123 1778 confirmabo
1168 1715 1563 1804 cogitatione
1595 1737 1822 1780 eorum
1843 1765 1864 1790 ‚
1903 1717 2017 1804 qui
2054 1740 2160 1782 me
2199 1741 2311 1786 ve·

178 1843 333 1884 rum
368 1819 639 1900 vidisse,
672 1842 743 1883 re
774 1819 1072 1884 subtilius
1100 1821 1412 1908 pensitata
1431 1869 1450 1902 ,
1485 1819 1876 1908 quandoque
1903 1821 2312 1901 judicabunt.

184 1926 452 2015 Quippe
484 1947 619 1990 non
650 1925 702 1990 is
736 1947 856 2014 ego
888 1917 1033 1990 sum
1055 1974 1074 2008 ‚
1104 1925 1217 2013 qui
1245 1927 1384 1990 ullo
1415 1949 1562 1991 meo
1591 1927 1760 1992 facto
1786 1926 2168 2016 cujusquam
2202 1931 2318 1996 ho·

184 2030 379 2094 minis
422 2031 786 2095 libertatem
836 2046 901 2095 et
940 2029 1173 2120 gaudia
1216 2030 1560 2095 sollicitare
1591 2031 1692 2095 vel
1721 2047 1992 2098 atterere
2033 2035 2310 2123 cupiam.

180 2139 357 2200 Cum
395 2136 533 2200 aliis
572 2136 735 2200 mihi
768 2137 1105 2226 negotium
1138 2151 1237 2200 est
1257 2182 1276 2216 ‚
1309 2137 1459 2223 qui,
1495 2137 1732 2217 majore
1765 2137 2114 2202 subtilitate
2139 2139 2314 2220 judi-

181 2243 263 2308 cii
310 2251 381 2307 ‘et
426 2242 779 2308 eruditiore
826 2243 1039 2331 palato
1090 2241 1346 2331 praediti
1365 2290 1382 2325 ,
1433 2241 1594 2307 nihil
1645 2258 1882 2307 temere
1921 2244 2203 2333 probant
2251 2263 2314 2312 et

180 2371 503 2439 germanae
544 2348 845 2412 vetustati
892 2348 1245 2431 tribuunt2
1268 2346 1450 2435 quod
1495 2348 1848 2412 manifestis
1879 2350 2048 2414 vitiis
2081 2349 2314 2442 ling-use
2379 2366 2386 2379 '

179 2470 249 2521 et
282 2456 752 2520 sententiarum
785 2454 1189 2542 peccatisque
1220 2452 1544 2519 historicis
1577 2454 2007 2519 deformatum
2039 2457 2162 2541 sit3
2199 2482 2316 2523 cu·

175 2560 467 2641 jusmodi
506 2576 765 2648 peccata
808 2560 1010 2623 multa
1052 2559 1366 2624 hactenus
1405 2560 1473 2623 in
1507 2560 1644 2624 istis
1688 2560 1971 2649 epistolis
2001 2562 2310 2631 iudioevi-

184 2689 365 2749 mus,
420 2682 621 2753 atque
663 2687 842 2729 nunc
886 2664 1179 2730 similiter
1224 2666 1293 2729 in
1341 2665 1441 2729 his
1496 2666 1900 2732 orationibus
1942 2690 2312 2759 arguemus.

180 2772 405 2855 Tales,
444 2773 747 2859 inquam,
782 2794 905 2859 ego
944 2770 1105 2835 mihi
1144 2771 1418 2837 lectores
1449 2794 1714 2861 operam
1753 2772 1904 2837 dare
1935 2773 2157 2857 velim,
2200 2778 2312 2841 iis-

180 2900 309 2965 que
362 2876 947 2942 animadversiones
994 2899 1167 2943 meas
1230 2876 1681 2966 expendendas
1737 2876 2142 2963 tradiderim,
2195 2883 2313 2971 qui

179 2982 551 3048 didicerunt
599 2984 666 3047 in
724 2982 903 3047 hisce
954 2984 1151 3047 rebus
1204 3000 1380 3048 recta
1435 2983 1685 3061 ratione
1734 2982 2116 3051 addubitare
2137 3034 2156 3068 ‚
2205 2989 2310 3051 in·

179 3088 543 3176 structique
568 3086 886 3153 aceedunt
914 3087 1213 3153 facultate
1241 3087 1424 3155 latini
1457 3088 1774 3154 sermonis
1805 3104 1872 3151 et
1897 3088 2048 3155 satis
2081 3112 2310 3181 magna

179 3194 511 3259 Ciceronis
552 3208 619 3257 et
664 3209 957 3258 veterum
994 3192 1404 3259 classicorum
1438 3194 1832 3281 scriptorum
1863 3195 2135 3260 omnino
2169 3218 2311 3261 om-

178 3302 363 3365 nium
397 3298 841 3365 familiaritate.

260 3406 403 3470 Iam
442 3404 603 3493 quid
636 3405 759 3469 illis
792 3420 1177 3469 eventurum
1211 3405 1293 3469 sit
1317 3448 1336 3487 ,
1369 3404 1484 3469 has
1525 3404 1846 3469 orationes
1889 3428 2148 3473 mecum
2183 3424 2311 3473 tra-

177 3513 539 3594 ctantibus,
570 3511 777 3600 palam
810 3526 1162 3599 aperteque
1193 3509 1573 3598 praedicam,
1609 3507 1766 3575 dum
1791 3558 1810 3592 ,
1846 3510 2008 3600 quid
2041 3512 2179 3600 ipse
2223 3512 2306 3577 de

178 3618 249 3682 iis
297 3618 371 3682 in
420 3620 797 3682 universum
850 3617 1123 3682 sentiam
1142 3665 1161 3697 ,
1210 3614 1568 3682 declarabo.
1616 3615 1782 3683 Nam
1833 3618 1882 3681 si
1937 3614 2207 3704 diligens
2241 3635 2310 3683 et

177 3724 408 3813 sepius
445 3722 716 3811 repetita
760 3722 950 3786 lectio
982 3720 1249 3801 alicujus
1281 3722 1611 3810 scriptoris
1649 3721 1838 3785 nobis
1874 3742 2140 3786 sensum
2171 3722 2309 3789 for-

180 3852 352 3894 mare
394 3844 461 3893 et
490 3851 721 3893 acuere
752 3844 969 3917 potest
988 3875 1008 3909 ,
1038 3826 1137 3891 uti
1172 3826 1354 3892 haud
1385 3827 1584 3893 dubie
1621 3843 1835 3917 potest
1849 3871 1870 3909 ,
1903 3826 1986 3892 ad
2017 3828 2310 3895 celeriter
2396 3862 2404 3873 ·

171 3933 598 4015 judicandum
624 3980 645 4017 ,
680 3932 842 4021 quid
874 3933 1130 3997 intersit
1166 3932 1336 3997 inter
1365 3932 1652 4014 ejusdem
1685 3933 2013 4022 scriptoris
2050 3951 2118 3999 et
2148 3936 2307 4001 alio-

176 4063 325 4105 rum
370 4040 655 4128 scripta3
700 4038 965 4103 minime
1018 4036 1294 4120 dubito,
1338 4039 1537 4126 quin,
1589 4038 1703 4125 qui
1743 4038 1810 4103 in
1853 4038 2164 4104 Cicerone
2193 4062 2307 4104 co·

1873 4156 1882 4165 .
2015 4142 2048 4167 ,-

1966 4170 1990 4213 1
2009 4170 2067 4213 ο.
