2594 4537
617 282 1017 353 ORATIO
1065 285 1267 355 PRO
1317 284 1736 357 ARCHIA.
2102 289 2233 363 113

143 410 207 479 in
241 406 366 481 hac
401 419 650 477 autem
693 402 972 503 legibus
1007 405 1513 496 constitutum,
1551 404 1643 477 de
1672 418 1921 477 nostra
1956 406 2237 483 civitate

145 516 530 613 ejiciemus?
719 516 742 528 Γ
2138 574 2147 583 .

219 630 302 695 Χ.
337 631 522 700 Nam
563 626 624 696 si
668 625 830 722 quis
867 628 1224 697 minorem
1261 624 1505 723 gloriae
1555 623 1869 699 fructum
1906 641 2115 725 putat
2148 654 2239 701 ex

141 736 359 831 graecis
380 735 705 807 versibus
723 744 744 778 ¹
774 735 1088 832 percipi,
1113 759 1333 832 quam
1360 760 1450 807 ex
1478 733 1743 825 latinis,
1770 736 2240 811 vehementer

140 859 307 916 errat
343 873 360 915 z
403 859 788 942 propterea
839 844 1041 941 quod
1091 869 1319 945 graeca
1364 845 1708 943 leguntur
1764 846 1863 923 in.
1897 848 2239 923 omuibus

137 952 271 1025 fere
299 953 634 1052 gentibus
653 1007 672 1041 ‚
713 953 930 1025 latina
961 954 1106 1026 suis
1137 952 1407 1026 finibus
1426 964 1480 1043 ²,
1515 955 1792 1051 exiguis
1826 980 2032 1045 sane,
2071 981 2244 1029 con-

137 1064 456 1135 tinentur.
495 1067 737 1156 Quare
766 1068 825 1135 si
852 1088 968 1137 res
994 1065 1104 1136 hae
1122 1118 1142 1151 ‚
1173 1089 1356 1163 quas
1392 1066 1741 1161 gessimus
1762 1120 1782 1154 ‚
1814 1066 2013 1139 orbis
2040 1081 2243 1140 terrae

135 1172 526 1270 regionibus
579 1172 1046 1265 definiuntur,
1093 1200 1359 1275 cupere
1402 1174 1753 1248 debemus
1773 1230 1793 1264 ‚
1830 1201 1981 1273 quo
1998 1175 2027 1222 ³
2088 1203 2242 1252 ma-

135 1308 346 1355 nuum
405 1298 820 1356 nostrarum
875 1283 1017 1356 tela
1075 1286 1575 1382 pervenerint,
1633 1282 1889 1357 eodem
1942 1286 2241 1383 gloriam

137 1388 524 1491 famamque
568 1406 952 1491 penetrare
983 1420 1000 1464 ε
1041 1394 1239 1492 quod
1293 1420 1523 1494 quum
1571 1395 1745 1493 ipsis
1783 1396 2072 1494 populis
2092 1452 2115 1487 ,
2150 1398 2243 1469 de

135 1526 426 1599 quorum
475 1502 696 1576 rebus
758 1502 1121 1593 scribitur,
1178 1504 1331 1576 haec
1386 1505 1623 1604 ampla
1681 1519 1891 1595 sunt;
1938 1522 2097 1577 tum
2158 1508 2243 1579 iis

134 1626 342 1701 certe,
375 1618 507 1712 qui
537 1612 626 1685 de
659 1615 838 1702 vita,
874 1614 1117 1711 glorioe
1145 1638 1355 1687 causa
1376 1670 1395 1701 ‚
1430 1615 1811 1704 dimicant,
1851 1616 1993 1687 hoc
2021 1618 2240 1690 maxi·

129 1746 312 1793 mum
361 1739 436 1796 et
482 1724 974 1822 periculorum
1009 1726 1561 1798 incitamentum
1600 1740 1708 1798 est
1754 1740 1830 1797 et
1877 1724 2235 1799 laborum.

133 1835 348 1923 Quam
389 1834 660 1907 multos
696 1833 1122 1932 scriptores4
1159 1860 1407 1907 rerum
1452 1858 1739 1905 suarum
1778 1859 2081 1933 magnus
2118 1836 2239 1909 ille

133 1940 515 2014 Alexander
556 1967 802 2015 secum
847 1942 1186 2015 habuisse
1228 1946 1531 2015 dicitur?
1580 1948 1819 2041 Atque
1855 1946 1917 2014 is
1956 1958 2238 2037 tamen,

138 2050 346 2147 quum
381 2055 460 2125 in
503 2054 714 2150 Sigeo
761 2051 853 2124 ad
901 2052 1198 2125 Achillis
1241 2051 1608 2123 tumulum
1646 2049 2030 2125 adstitisset
2065 2079 2081 2123 ε
2118 2084 2153 2120 α
2178 2057 2242 2126 Ο

134 2158 514 2251 fortunate,
565 2164 843 2260 inquit,
899 2161 1314 2234 adolescens
1338 2214 1359 2251 ,
1410 2163 1535 2257 qui
1586 2174 1728 2231 tuae
1765 2162 2051 2232 virtutis
2093 2166 2241 2232 Ho-

133 2295 389 2344 merum
450 2271 864 2378 praeconem
919 2268 1311 2344 inveneris!
1342 2301 1375 2338 n
1427 2274 1513 2341 Et
1570 2295 1740 2342 vere
1776 2296 1792 2339 :
1837 2291 2007 2340 nam
2034 2324 2054 2359 ,
2102 2273 2240 2342 nisi
2296 2309 2303 2314 ·

132 2381 274 2454 Ilias
305 2384 425 2454 illa
447 2381 480 2428 ⁵
519 2385 940 2474 exstitisset,
982 2382 1176 2454 idem
1209 2380 1533 2454 tumulus
1555 2433 1575 2470 ,
1616 2383 1743 2477 qui
1782 2403 2047 2476 corpus
2084 2379 2241 2474 ejus

132 2507 564 2580 contexerat,
603 2517 872 2564 nomen
909 2493 1124 2564 etiam
1161 2489 1541 2562 obruisset.
1579 2487 1803 2580 Quid!
1821 2504 2087 2562 noster
2116 2489 2237 2561 hic

131 2603 416 2700 Mag-nus
435 2657 455 2692 ,
481 2604 795 2701 quicum
816 2603 1088 2674 virtute
1105 2599 1478 2673 fortunam
1496 2598 1893 2697 adaequavit
1906 2597 1965 2696 ἒ,
1991 2619 2239 2672 nonne

130 2711 628 2811 Theophanem
683 2712 1172 2809 Mitylenaeum
1195 2722 1250 2800 ⁷,
1306 2712 1732 2809 scriptorem
1778 2735 2025 2782 rerum
2076 2735 2239 2782 sua-

189 2917 250 2966 X.
293 2933 342 2968 ι.
377 2919 464 2966 1ae
481 2917 660 2983 gra-cis
682 2917 899 2966 versibus
913 2917 1126 2984 μετ-εἰμ’,

129 3009 258 3056 quam
291 3013 360 3046 ex
394 2996 579 3045 Ῑαιίιιίε.
613 2999 786 3046 Graes
815 2997 961 3045 fuisse
979 3029 997 3057 ‚
1025 3013 1128 3046 non

127 3072 254 3124 latin·
288 3075 484 3126 Archia
527 3087 754 3141 pomata
775 3109 790 3135 ,
821 3089 882 3124 ex
919 3075 982 3124 iis
1019 3091 1128 3141 qua

128 3165 365 3216 supersunt
382 3154 498 3203 ntia
515 3164 664 3219 patet.

187 3248 230 3282 a.
258 3234 366 3282 Sais
374 3233 585 3302 finibus.
613 3235 730 3284 Non
754 3233 946 3299 imperii
968 3249 1128 3283 roma-

127 3309 197 3372 ni,
216 3313 299 3361 ned
323 3313 480 3373 Latii,
507 3313 646 3377 quod
671 3313 858 3378 exiguis
887 3329 1001 3362 une
1025 3322 1126 3361 ter·

128 3390 250 3438 mini·
271 3391 675 3440 concludebatur.
687 3393 806 3441 Erat
829 3393 957 3440 enim
969 3425 987 3452 ,
1000 3392 1126 3441 ultra

129 3467 232 3516 Latii
250 3467 374 3518 fines
387 3503 402 3528 ‚
422 3485 578 3534 greca
595 3471 762 3535 lingua
778 3505 794 3530 ‚
813 3480 913 3519 erat
932 3470 1120 3536 gallica,

129 3557 213 3594 ml
232 3559 438 3597 etrusca.

187 3627 229 3673 ³.
257 3627 333 3676 Al.
363 3649 390 3671 a
405 3643 508 3692 quo
533 3629 694 3676 mium
712 3649 752 3675 a.
781 3628 933 3676 Recte
958 3625 1126 3676 Lamb.

129 3705 288 3755 delevit
303 3731 330 3751 α
343 3707 506 3756 minus
520 3730 563 3758 ιι.
575 3709 710 3755 Infra
723 3707 852 3755 enim
869 3707 1130 3772 legendum

127 3797 232 3833 estet
243 3791 262 3844 ⁴,
286 3809 312 3828 ιι
327 3803 387 3835 eo
404 3786 578 3834 saltem
594 3786 798 3850 gloriam
810 3819 828 3845 ‚
857 3795 948 3834 etc.
965 3806 991 3827 ι·
1011 3784 1126 3832 vid.

127 3864 296 3912 Victor.
313 3869 430 3916 Ver.
449 3865 564 3914 lect.
583 3869 608 3914 1
625 3901 643 3929 ‚
671 3875 719 3922 4.
746 3868 795 3915 J.
811 3867 879 3915 V.
901 3869 958 3913 Ι..

187 3951 234 3998 4.
263 3945 416 4007 Quam
441 3945 618 3993 maltos
641 3943 911 4010 scriptores.
941 3941 1127 3992 Enbuit

127 4019 242 4068 enim
269 4038 424 4071 aecum
461 4021 803 4072 Callisthenem
819 4057 838 4085 ,
867 4021 1127 4073 Aristobu-

301 4111 416 4180 IV.
472 4127 562 4189 Οἱς.
577 4141 693 4187 pars
711 4126 919 4174 secunda·

1216 2917 1324 2967 lum
1339 2952 1353 2976 ,
1388 2917 1701 2969 Clitarchnm.
1729 2917 1847 2968 Vid.
1882 2916 2087 2965 Fabricii
2111 2917 2243 2966 Bibl.

1217 2999 1376 3047 Grae.
1403 2999 1509 3058 111,
1533 2997 1586 3046 8.

1288 3078 1341 3124 5.
1370 3077 1595 3124 Muretus
1621 3076 1923 3137 coniecerat,
1952 3095 1979 3114 ιι
2002 3071 2101 3120 nisi
2124 3073 2240 3122 Ilin's

1214 3155 1475 3203 exstitisset
1488 3188 1503 3214 ,
1542 3153 1627 3201 mo
1652 3153 1783 3201 idem
1820 3151 2057 3211 tumulus,
2087 3163 2186 3202 etc.
2211 3173 2236 3196 ι

1213 3232 1487 3298 Eleganter.
1504 3234 1554 3282 J.
1567 3234 1633 3280 V.
1652 3234 1709 3279 1..

1285 3313 1337 3360 6.
1362 3313 1631 3360 Fortunam
1652 3309 1951 3374 adaquavit.
1972 3309 2073 3373 Qui
2095 3313 2239 3358 Pom-

1213 3391 1354 3456 peius
1371 3391 1590 3439 maxime
1608 3387 1783 3439 virtuti
1802 3405 1965 3454 parem
1984 3389 2231 3438 fortunam

1214 3469 1441 3531 adjunxit
1459 3503 1474 3529 ,
1509 3471 1594 3533 qui
1634 3484 1737 3516 non
1770 3468 1933 3515 minus
1976 3466 2115 3513 fortis
2142 3465 2233 3514 fuit

1217 3565 1362 3614 quam
1382 3547 1521 3596 felix.

1289 3645 1337 3690 7.
1363 3624 1701 3690 Theophanem
1716 3622 2059 3686 Mitylenaeum.
2076 3623 2235 3683 Quem

1216 3705 1311 3754 Cn.
1330 3705 1590 3768 Pompeius
1605 3705 1673 3751 ita
1695 3701 1866 3750 dilexit
1878 3733 1894 3758 ,
1920 3710 1979 3748 nt
1994 3699 2037 3747 ei
2064 3702 2233 3764 μηνίει

1212 3786 1314 3846 jam
1331 3782 1614 3848 obsidendae
1628 3781 1819 3829 veniam
1843 3780 2105 3844 imperator
2120 3793 2232 3828 con-

1209 3862 1481 3911 donaverit.
1520 3859 1600 3909 cf.
1633 3859 1697 3907 ad
1733 3859 1841 3907 Διὶ.
1874 3860 1954 3917 11,
1984 3854 2013 3907 5
2034 3873 2051 3920 ;
2076 3859 2198 3906 vm
2222 3894 2234 3916 ,

1216 3957 1271 4005 73
1302 3955 1395 4007 pro
1418 3939 1600 3997 Balbo,
1638 3939 1741 3996 253
1771 3935 1885 3990 Val.
1910 3937 2047 3985 Max.
2074 3937 2195 3986 vm
2217 3969 2232 3996 ,

1222 4029 1311 4081 14,
1333 4023 1393 4080 33
1416 4017 1639 4070 Strabon-
1667 4018 1825 4077 xm,
1850 4027 1951 4066 etc.

1936 4101 1980 4169 8
