2594 4537
315 274 1602 303 wmmmmmmmmmm
1607 274 1694 295 m

794 454 1945 600 EXCURSUSIH

722 663 1300 745 GASPARIS
1355 660 2030 743 GARATONII

617 846 690 893 Ad
721 861 777 893 ea
806 844 1047 892 Ciceronis
1076 844 1221 890 verba
1236 877 1251 899 ,
1279 852 1402 889 orat.
1433 856 1522 915 pro
1549 842 1638 889 Cn.
1657 842 1847 889 Plancio
1860 874 1876 895 ,
1901 858 2008 904 cap.
2039 856 2128 902 17:

301 994 387 1047 Ee
408 990 463 1045 si
484 984 768 1063 qua-sicot
792 983 927 1040 kuic
952 982 1205 1039 edendus
1224 978 1472 1051 finisset,
1513 997 1684 1055 quem
1723 981 1958 1036 tandem
1987 980 2198 1055 potim-
2214 1021 2232 1045 ,
2269 998 2444 1057 qnam

1035 1078 1189 1133 hunc
1224 1078 1287 1134 C.
1315 1076 1564 1150 Affium,
1597 1087 1709 1133 etc.

398 1430 751 1511 Victorius,
794 1426 860 1490 C.
892 1424 1209 1514 Alphium
1226 1448 1249 1487 .·
1283 1424 1436 1489 Ant.
1452 1426 1852 1515 Augustinus
1879 1447 1960 1489 ex
1989 1425 2143 1489 loco
2161 1425 2449 1490 inferiori

316 1538 384 1603 C.
413 1536 709 1601 Flavium
738 1558 763 1595 .·
799 1530 915 1597 sed
966 1554 1086 1595 cur
1132 1530 1318 1595 illum
1369 1530 1592 1595 locum
1623 1552 1760 1595 non
1787 1530 2058 1621 corrigit
2089 1554 2173 1595 ex
2203 1532 2367 1614 hoc,
2403 1532 2452 1595 si

308 1644 505 1709 habet
534 1639 985 1706 auctoritatem
1006 1684 1024 1718 ,
1080 1658 1224 1723 quae
1267 1634 1658 1700 confirmet?
1704 1636 1777 1701 F.
1794 1636 2200 1703 Unum—In
2225 1640 2450 1702 Franc.

309 1751 499 1839 prim.
542 1746 611 1812 C.
647 1744 982 1832 Alpkium.
1028 1736 1234 1808 Gra'ev.
1277 1740 1346 1807 C.
1381 1742 1700 1807 Flavium.
1753 1744 1853 1807 Ita
1904 1744 2221 1831 quoesitor
2267 1744 2378 1809 hic
2419 1766 2453 1807 a

310 1853 641 1921 Laterensi
669 1850 879 1917 editus
916 1865 1187 1915 vocatur
1217 1848 1387 1913 infra
1406 1896 1427 1931 ,
1461 1872 1599 1938 cap.
1637 1852 1720 1927 42
1743 1899 1764 1933 ,
1794 1872 1918 1914 nec
1945 1850 2295 1915 verisimile
2321 1867 2454 1929 est,

320 1960 387 2025 C.
423 1960 767 2050 Alphium,
796 1973 873 2021 ut
907 1955 1153 2022 habent
1183 1954 1431 2043 vulgati
1452 2001 1471 2038 ‚
1512 1956 1626 2044 qui
1655 1954 1784 2020 hoe
1819 1978 1996 2021 anno
2029 1972 2275 2045 praetor
2299 1958 2452 2037 fuit,

310 2066 561 2133 editum
590 2065 1001 2153 quaesitorem
1033 2061 1256 2126 fuisse.
1288 2062 1738 2127 Lan—Haec
1779 2063 2060 2151 sumpsit
2089 2064 2192 2127 vir
2227 2062 2456 2129 doctus

316 2197 352 2238 a
384 2172 685 2239 Manutio
718 2167 801 2234 ad
826 2191 968 2258 cap.
1001 2172 1109 2247 42.
1145 2168 1317 2231 Cum
1347 2168 1450 2231 his
1470 2217 1489 2251 ‚
1519 2185 1584 2232 et
1615 2170 1771 2233 Ant.
1797 2169 2171 2257 Augustino
2211 2168 2280 2233 C.
2301 2169 2458 2233 Fla·

318 2287 483 2348 vium
523 2279 632 2344 hic
682 2278 841 2366 legit
888 2277 1080 2341 etiam
1118 2275 1384 2364 Pighius
1419 2274 1503 2341 ad
1533 2299 1782 2340 annum
1810 2276 1963 2362 698,
2005 2300 2293 2366 eumque
2317 2300 2446 2341 non

318 2405 661 2480 praetorem
707 2383 909 2449 modo
965 2384 1145 2464 facit,
1200 2405 1431 2446 verum
1467 2381 1662 2447 etiam
1706 2382 2132 2471 quaestionem
2171 2383 2450 2448 ambitus

318 2509 748 2560 exercentem.
778 2491 1091 2554 Ernestus
1126 2489 1196 2552 in
1232 2487 1381 2554 Iud.
1415 2489 1580 2555 Hist.
1611 2512 2006 2578 quamquam
2037 2490 2204 2554 nihil
2235 2488 2452 2555 decer·

320 2601 449 2683 nit,
482 2615 580 2664 est
604 2597 965 2685 suspicatus
982 2642 1000 2677 ,
1032 2596 1103 2661 G.
1135 2595 1432 2660 Flavium
1464 2596 1572 2660 hie
1591 2596 1775 2660 illum
1793 2596 2092 2686 intelligi,
2125 2598 2246 2686 qui
2265 2597 2450 2662 Attici

322 2722 388 2770 et
423 2704 606 2770 Bruti
640 2701 967 2767 familiaris
1008 2701 1153 2766 fuit.
1179 2703 1424 2766 Contra
1465 2701 1790 2766 Corradus
1816 2702 1885 2766 in
1918 2705 2166 2786 Quoest.
2194 2727 2262 2791 p.
2299 2702 2452 2780 263,

321 2810 425 2878 ed.
460 2810 631 2899 Lips.
669 2810 760 2872 ita
796 2806 878 2872 de
907 2806 1077 2873 Alfio
1113 2830 1251 2872 non
1279 2807 1568 2891 dubitat,
1594 2824 1672 2872 ut
1688 2809 1860 2874 hanc
1880 2810 2249 2875 orationem
2285 2831 2454 2874 anno

322 2917 453 3004 699
476 2913 766 2980 habitam
805 2937 883 2978 ex
920 2937 999 2978 eo
1037 2912 1470 2977 demonstrari
1499 2913 1853 2978 certissime
1877 2915 2252 2996 arbitretur,
2279 2913 2454 3002 quod

322 3026 396 3089 C.
428 3023 631 3088 Alfius
677 3020 875 3085 fuerit
919 3021 1031 3085 illo
1063 3043 1238 3084 anno
1268 3023 1588 3108 quoesitor.
1625 3021 1767 3111 Ego
1814 3043 1970 3086 vero
1997 3021 2291 3110 primum
2325 3021 2456 3086 haec

324 3125 725 3194 observanda
751 3126 963 3191 duco:
1000 3127 1418 3190 Laterensem
1453 3125 1645 3221 edere
1685 3149 1880 3214 quem
1930 3127 2124 3192 vellet
2163 3129 2458 3216 quaesito-

323 3257 460 3299 rem
500 3233 792 3323 potuisse
812 3281 831 3314 ,
878 3249 1021 3297 tum
1054 3232 1417 3320 privatum,
1467 3249 1608 3296 tum
1645 3254 1782 3296 non
1827 3230 2030 3298 modo
2075 3249 2420 3322 praeturam
2441 3280 2457 3312 ,

327 3339 441 3406 sed
467 3339 664 3402 alium
696 3361 963 3428 quoque
997 3337 1446 3427 magistratum
1479 3352 1810 3427 gerentem
1833 3388 1852 3421 ,
1889 3355 1968 3404 ut
2003 3339 2166 3404 nihil
2190 3340 2276 3403 sit
2297 3337 2464 3402 infir-

330 3445 538 3526 mius,
584 3467 779 3532 quam
820 3443 923 3508 illa
968 3442 1279 3532 Pighiana
1320 3459 1631 3531 praetura,
1674 3459 1742 3508 et
1781 3443 2064 3509 ambitus
2110 3461 2287 3509 sorte
2319 3443 2460 3508 data

331 3549 603 3641 quaestio
636 3550 706 3613 C.
740 3547 961 3612 Flavio
995 3570 1074 3611 ex
1103 3547 1232 3610 hoc
1261 3547 1607 3612 Planciano
1631 3545 1882 3630 judicio
1908 3548 2170 3614 tributa.
2209 3547 2338 3614 Sed
2371 3565 2460 3611 ta-

329 3678 480 3722 men
518 3654 589 3718 in
622 3653 722 3717 his
752 3653 1204 3741 quaesitoribus
1236 3651 1759 3718 extraordinariis
1788 3653 2120 3743 dignitatis
2147 3655 2458 3718 rationem

329 3763 527 3826 fuisse
560 3760 847 3824 habitam
865 3806 883 3841 ,
916 3781 1128 3823 nemo
1170 3758 1434 3823 infitiari
1474 3758 1690 3825 debet.
1745 3761 1878 3842 Qui
1913 3761 2090 3827 enim
2123 3761 2368 3844 judicio
2391 3778 2460 3824 ut

330 3882 653 3953 praeesset,
682 3881 897 3952 atque,
935 3880 1012 3928 ut
1034 3885 1173 3952 cap.
1204 3861 1285 3929 53
1314 3886 1435 3952 pro
1467 3863 1727 3932 Cluent.
1747 3863 2008 3948 dicitur,
2028 3865 2290 3956 judices
2313 3889 2458 3930 mee*

328 3985 495 4034 cerer
512 4019 529 4052 ,
570 3971 928 4059 eligebatur
950 4018 969 4052 ,
1022 3970 1129 4034 cui
1174 3993 1276 4034 res
1325 3971 1512 4058 plane
1563 3973 1862 4060 proetoria
1905 3973 2458 4048 oommittebatur,
