2594 4537
537 279 930 349 ORATIO
977 281 1180 348 PRO
1229 282 1305 350 P.
1352 280 1714 352 SULLA.
2094 287 2179 358 61

160 405 472 474 Accusati
511 415 684 472 sunt
722 426 879 472 uno
911 399 1259 472 nomine6
1289 403 1701 504 consulares
1735 429 1753 475 :
1793 419 1876 478 ut
1912 407 2055 502 jam
2085 412 2189 480 vi-

84 513 304 584 deatur
366 511 672 584 honoris
743 511 1161 609 amplissimi
1225 537 1498 584 nomen
1530 525 1555 570 ⁷
1629 515 1793 613 plus
1860 518 2145 590 invidiae
2168 577 2189 611 ‚

84 649 274 718 quam
303 623 676 721 dignitatis
701 621 981 694 afferre.
1013 619 1504 712 Adfuerunt⁸‚
1529 630 1801 726 inquit,
1838 630 2189 721 Catilinae,

84 733 400 830 illumque
455 733 882 826 laudarunt.
947 734 1160 805 Nulla
1206 749 1361 805 tum
1416 736 1751 834 patebat,
1801 741 1999 813 nulla
2039 758 2191 814 erat

83 845 332 938 cognita
387 843 802 938 conjuratio
851 869 868 912 ε
919 842 1409 916 defendebant
1464 847 1777 918 amicum
1811 904 1830 935 ‚
1893 849 2191 925 aderant

83 954 390 1052 supplici,
421 956 588 1025 vitae
627 954 780 1049 ejus
811 949 1337 1051 turpitudinem
1371 956 1449 1025 in
1476 962 1775 1030 summis
1811 959 1965 1055 ejus
1996 963 2189 1060 peri-

84 1063 236 1134 culis
289 1089 439 1136 non
481 1062 1082 1161 insequebantur.
1138 1065 1332 1153 Quin
1382 1067 1595 1136 etiam
1659 1091 1919 1165 parens
1976 1084 2189 1160 tuuS,

84 1177 448 1271 Torquate,
487 1173 746 1244 consul
776 1197 906 1244 reo
944 1173 1035 1244 de
1066 1176 1393 1271 pecuniis
1422 1177 1839 1274 repetundis
1870 1180 2189 1253 Catilinae

84 1279 198 1352 fuit
232 1280 1016 1379 advocatus:improbo
1055 1283 1375 1371 homini,
1415 1301 1489 1356 at
1506 1287 2189 1386 supplici;·fortasse

85 1393 345 1481 audaci,
389 1407 464 1464 at
517 1391 910 1490 aliquando
975 1395 1231 1465 amico,
1289 1397 1427 1466 Cui
1480 1422 1711 1494 quum
1760 1399 1988 1472 adfuit
2026 1417 2193 1500 post

84 1495 351 1570 delatam
390 1498 483 1572 ad
526 1525 696 1572 eum
733 1503 1042 1599 primam
1075 1501 1274 1574 illam
1302 1507 1963 1602 conjurationem93
2000 1512 2191 1584 indi·-

85 1612 242 1680 cavit
269 1635 342 1681 se
369 1609 657 1682 audisse
681 1610 954 1708 aliquid
979 1623 1041 1657 ²⁰
1060 1666 1081 1701 ,
1111 1639 1262 1685 non
1283 1617 1687 1692 credidisse.
1717 1625 1809 1692 At
1827 1621 2016 1693 idem
2039 1647 2192 1695 non

87 1717 284 1791 adfuit
331 1721 474 1792 alio
539 1721 617 1790 in
666 1719 940 1816 judicio
966 1731 1024 1765 ¹¹
1052 1774 1072 1809 ‚
1127 1747 1359 1821 quum
1426 1727 1757 1801 adessent
1822 1735 2060 1803 ceteri.
2122 1734 2197 1804 Si

87 1845 300 1925 postea
329 1844 682 1929 cognorat
711 1832 867 1929 ipse
898 1832 1174 1931 aliquid
1193 1889 1213 1924 ,
1233 1834 1437 1933 quod
1472 1839 1548 1909 in
1580 1841 1956 1913 consulatu
1990 1844 2191 1940 igno-

87 1956 306 2029 rasset3
340 1940 867 2039 ignoscendum
915 1957 1022 2014 est
1065 1945 1190 2033 iis,
1231 1949 1360 2044 qui
1403 1965 1653 2046 postea
1704 1951 1883 2022 nihil
1944 1954 2192 2025 audie·

89 2067 246 2122 runt.
274 2054 396 2124 Sin
429 2052 556 2123 illa
582 2075 698 2123 res
721 2053 956 2150 prima
977 2062 1040 2096 ¹²
1065 2055 1326 2145 valuit3
1348 2082 1499 2129 non
1516 2060 1946 2148 inveterata,
1976 2081 2193 2160 quam

89 2185 301 2236 recens
319 2218 338 2253 ,
383 2162 646 2235 debuit
673 2187 824 2235 esse
849 2165 1149 2260 gravior.
1184 2167 1324 2238 Sed
1348 2223 1369 2256 ,
1408 2173 1469 2239 si
1489 2183 1659 2241 tuus
1690 2193 1951 2268 parens
1980 2174 2189 2249 etiam

91 2270 152 2341 in
187 2272 296 2345 illa
325 2274 742 2373 suspicione
761 2275 1071 2372 periculi
1112 2278 1254 2367 sui,
1293 2293 1533 2383 tamen
1574 2279 2022 2353 humanitate
2065 2283 2195 2354 ad-

90 2473 114 2503 e
127 2460 220 2507 eod.
237 2464 306 2511 Fr.
332 2478 375 2512 1.
391 2461 598 2511 Lallem.
618 2486 690 2499 —
704 2460 993 2510 conceditis.
1017 2498 1030 2511 .
1050 2495 1066 2512 .
1239 2474 1292 2522 9.
1317 2462 1436 2507 Post
1455 2461 1697 2509 delatam.
1718 2493 1733 2509 .
1754 2494 1767 2508 .
1790 2459 2195 2525 conjurationem.

88 2534 338 2588 libertatem.
353 2538 731 2589 DicendL—St'
739 2540 899 2589 minus
914 2540 1074 2599 liceat.
1168 2538 1391 2598 Scilicet,
1434 2540 1641 2589 delatam
1675 2540 1763 2588 uni
1797 2541 2046 2605 Torquato
2074 2559 2196 2591 con-

90 2612 280 2665 Retinere
296 2617 600 2681 dignitatem.
1169 2618 1294 2675 suli,
1333 2618 1421 2666 aed
1462 2619 1682 2667 nondum
1715 2620 1767 2667 in
1805 2630 1971 2669 senatu
2008 2620 2071 2670 de
2108 2621 2191 2671 ill·

147 2696 188 2743 6.
217 2693 442 2747 Aecusaoe'
473 2707 596 2745 sunt
627 2712 726 2745 uno
761 2696 978 2747 nomine.
1019 2696 1082 2745 Id
1169 2697 1508 2757 conjuratione
1528 2701 1778 2764 cognitum
1798 2711 1915 2749 erat.

91 2786 171 2833 at,
189 2778 453 2842 Torquatus
477 2792 650 2827 omnes
676 2776 956 2825 consulares
985 2792 1081 2825 una
1246 2792 1327 2823 ιο.
1360 2778 1422 2823 So
1444 2778 1640 2826 audisse
1675 2778 1881 2843 aliquid.
1915 2781 1991 2828 De
2016 2781 2196 2843 conju·

91 2856 316 2905 mensuit.
1169 2855 1371 2905 ratione.
1903 2892 1909 2897 .

149 2951 190 2995 7.
223 2936 419 2986 Honoris
458 2934 746 3001 amplissimi
781 2950 982 2983 nomen.
1021 2935 1083 2984 Id
1245 2948 1329 2983 u.
1368 2933 1484 2983 Alio
1529 2934 1581 2983 in
1605 2933 1817 3000 judicio.
1860 2937 1980 2985 Post
2020 2936 2196 2997 effecta

92 3023 179 3073 est,
227 3032 398 3066 nomen
461 3016 768 3077 conualatua,
831 3013 1083 3080 dignitatIa
1170 3013 1369 3062 comitia
1406 3014 1674 3064 consularia
1718 3016 1905 3065 Caesare
1940 3026 1989 3063 et
2022 3016 2195 3080 Figulo

95 3088 373 3156 amplissima}
1169 3108 1296 3141 coss.
1334 3109 1485 3157 quum
1522 3094 1761 3159 repulsam
1789 3094 1995 3145 Catilina
2026 3110 2197 3158 passus

149 3172 190 3220 8.
213 3174 508 3240 Affuerum.
531 3210 546 3225 .
565 3211 582 3223 .
620 3174 863 3225 catilinae.
890 3172 954 3222 Id
978 3184 1050 3225 est
1064 3208 1082 3235 ,
1169 3182 1581 3231 esaet,accusatua
1595 3184 1669 3220 est
1682 3172 1811 3221 inter
1824 3173 2023 3222 sicarios
2034 3174 2197 3223 fuisse.

95 3253 347 3304 consulares.
393 3258 450 3304 L.
505 3254 712 3304 Catilina
765 3254 840 3301 bis
888 3270 1082 3302 causam
1246 3266 1329 3300 12.
1358 3254 1446 3299 Res
1462 3252 1524 3298 de
1536 3251 1759 3315 pecuniis
1780 3252 2054 3317 repetundis
2060 3269 2121 3318 p.
2140 3270 2195 3302 v.

96 3326 222 3391 dixit,
245 3350 354 3382 nam
387 3335 566 3385 Cicero
592 3334 646 3382 in
674 3336 730 3383 L.
758 3334 986 3382 Pisonem
1014 3334 1086 3381 ait
1172 3330 1252 3380 Sic
1292 3328 1537 3378 habebant
1584 3330 1703 3379 olim
1748 3330 1865 3381 edd.
1914 3332 2195 3393 nonnullaeg

95 3406 314 3461 Catilinam
360 3414 440 3461 his
473 3414 752 3462 absolutum
790 3412 962 3474 fuisse,
998 3410 1086 3459 sed
1171 3420 1299 3459 recte
1333 3420 1493 3457 autem
1514 3442 1529 3469 ,
1552 3410 1775 3457 Lambin.
1805 3421 1853 3459 et
1882 3410 2079 3459 Manat.
2108 3426 2203 3458 au·

95 3486 258 3547 injuste.
301 3494 356 3541 L.
400 3494 612 3543 Catilina
650 3502 831 3556 praetor
871 3492 1084 3539 Africam
1173 3486 1416 3546 etot-ibus,
1438 3486 1680 3535 sublatum
1699 3497 1771 3536 est
1790 3486 2041 3553 glossema,
2060 3485 2199 3551 quod

93 3569 360 3626 provinciam
377 3572 610 3620 obtinuit.
625 3573 744 3619 Eam
758 3586 909 3635 quum
929 3570 1086 3634 gravi·
1173 3566 1311 3615 abest
1332 3582 1357 3613 a
1388 3566 1461 3631 pl.
1488 3567 1630 3615 MSS.
1660 3569 1708 3617 J.
1728 3567 1789 3614 V.
1817 3568 1876 3615 L.
1904 3590 1975 3601 --
1996 3566 2097 3614 Illa
2125 3580 2202 3615 res

94 3651 150 3690 tet
168 3660 396 3711 vexasset,
413 3650 559 3714 legati
580 3650 689 3699 Afri
706 3652 758 3697 in
776 3660 973 3709 senatu,
984 3650 1086 3711 jam
1167 3646 1335 3709 prima
1350 3668 1355 3673 ·
1370 3645 1549 3694 valuit.
1580 3646 1739 3694 Prima
1774 3644 2052 3704 conjuratio
2088 3661 2199 3710 quae

97 3731 179 3770 m1¹¹
201 3727 386 3778 absente
411 3730 499 3777 illo
515 3764 531 3791 ,
555 3730 715 3795 questi
739 3739 872 3779 aunt.
913 3728 1088 3776 Multae
1172 3725 1343 3772 iuiuni
1356 3724 1511 3773 delata
1527 3725 1769 3772 fuerat.--
1782 3723 1899 3769 Non
1918 3721 2203 3774 inveterata.

94 3815 326 3869 gfflvoeque
359 3809 614 3857 sententia
644 3809 699 3855 in
732 3818 904 3855 senatu
940 3806 1001 3854 de
1027 3822 1088 3855 eo
1175 3804 1236 3852 Id
1263 3812 1361 3865 eat,
1392 3803 1573 3851 delatio
1598 3802 1681 3850 illa
1705 3803 1971 3849 inveterata
1990 3817 2091 3850 non
2118 3802 2204 3851 de.-

97 3878 216 3931 diem
241 3898 366 3936 sunt.
397 3889 543 3953 Isque
569 3890 627 3936 L.
657 3888 908 3951 Torquato
945 3896 996 3934 et
1022 3887 1084 3934 L.
1178 3883 1288 3931 buit
1314 3898 1415 3931 esse
1435 3882 1630 3945 gravior
1654 3880 1755 3942 illi,
1786 3879 1837 3929 id
1864 3890 1967 3943 est,
1986 3882 2202 3929 animum

99 3958 215 4009 Cotta
239 3982 362 4016 cosa.
384 3984 413 4016 a
427 3970 487 4018 P.
509 3964 689 4019 Clodio
707 3966 1086 4031 repetundarum
1183 3964 1288 4023 ejm
1307 3960 1459 4026 magia
1495 3976 1691 4011 movere
1705 3995 1721 4025 ,
1758 3976 1868 4028 quae
1893 3975 2002 4008 eum
2028 3974 2197 4009 moena

100 4048 318 4095 wemma
335 4058 424 4099 eat.
1186 4056 1290 4089 non
1318 4051 1555 4089 moverat.
