2594 4537
303 206 442 321 586
925 246 1022 313 M.
1075 245 1154 312 T.
1212 243 1802 315 clcERole

387 372 712 443 XXXIX.
731 372 882 463 Ego
911 379 1154 440 autem
1181 369 1313 437 Gn.
1338 368 1797 464 Pompeium,
1816 392 1967 439 non
1996 367 2161 441 dico
2188 387 2445 445 aucto-

289 506 444 555 rem
467 536 489 565 ,
525 480 786 553 ducem
805 530 826 563 ‚
857 474 1315 548 defensorem
1342 476 1591 548 salutis
1626 501 1801 549 meoe
1836 477 2051 573 (nam
2092 478 2249 553 haec
2284 488 2441 581 pri-

289 594 508 666 vatim
535 590 836 663 fortasse
863 584 1274 659 officiorum
1314 588 1741 659 memoriam
1780 602 1855 659 et
1889 592 2191 687 gratiam
2234 618 2441 689 quae-

287 715 498 775 runt¹
519 702 570 798 )‚
601 698 730 774 sed
755 698 920 771 dico
948 698 1124 787 hoc,
1161 698 1359 795 quod
1388 696 1483 769 ad
1504 698 1809 771 salutem
1826 698 2252 797 reipublicae
2279 727 2441 799 per·

284 818 467 885 tinet
511 842 527 883 ε
579 833 716 907 ego
743 831 912 879 eum
949 832 1103 879 non
1131 812 1378 895 tuear',
1410 832 1631 905 quem
1660 826 1915 881 omnes
1938 812 2017 879 in
2050 811 2441 908 republica

283 922 683 1022 principem
717 942 872 991 esse
911 916 1414 991 concedunt2?
1446 921 1601 1015 Ego
1635 922 1713 991 G.
1754 921 2046 991 Caesaris
2090 919 2441 993 laudibus

276 1034 546 1115 desim,
577 1052 760 1127 quas
794 1028 1119 1126 primum
1147 1027 1405 1125 populi
1442 1030 1767 1118 romani,
1823 1053 2026 1102 nunc
2066 1034 2291 1103 etiam
2322 1058 2437 1105 se-

279 1158 526 1230 natuS,
563 1140 680 1211 cui
717 1162 834 1209 me
873 1160 1159 1234 semper
1195 1134 1473 1225 addixi,
1502 1136 1844 1235 plurimis
1880 1152 2105 1236 atque
2134 1140 2437 1240 amplis-

276 1254 474 1323 simis
500 1247 790 1347 judiciis
821 1246 1106 1318 videam
1139 1270 1294 1317 esse
1323 1244 1721 1319 celebratas
1741 1249 1967 1319 ?Tum
1986 1248 2289 1323 hercule
2317 1276 2435 1323 me

276 1360 662 1445 confitear,
713 1384 864 1429 non
899 1356 1258 1453 judicium
1297 1356 1597 1454 aliquod
1652 1355 1991 1431 habuisse
2036 1358 2131 1431 de
2180 1362 2437 1459 reipu-

273 1474 479 1545 blicoe
517 1472 864 1558 utilitate,
901 1467 1029 1540 sed
1057 1468 1479 1540 hominibus
1516 1473 1866 1558 amicum,
1893 1486 2023 1543 aut
2048 1472 2431 1545 inimicum

275 1585 516 1657 fuisse.
566 1587 708 1669 An,
744 1604 978 1678 quum
1018 1578 1301 1651 rideam
1334 1604 1591 1653 navem
1624 1580 1965 1653 secundis
2000 1586 2241 1657 ventis
2270 1604 2431 1657 cur-

271 1720 430 1766 sum
463 1706 840 1765 tenentem
863 1713 1110 1775 suum,
1134 1690 1375 1759 sinon
1404 1714 1571 1761 eum
1606 1706 1809 1789 petat
1838 1708 2135 1791 portum
2154 1748 2176 1781 ,
2204 1720 2427 1793 quem

271 1830 408 1902 ego
441 1799 835 1900 aliquando
872 1797 1208 1898 probavi,
1265 1798 1401 1871 sed
1439 1798 1667 1871 alium
1712 1826 1865 1872 non
1902 1804 2147 1874 minus
2183 1820 2425 1877 tutum

269 1930 490 2011 atque
526 1908 1004 2008 tranquillum
1035 1935 1051 1979 ε
1099 1932 1270 1979 cum
1316 1924 1745 2009 tempestate
1782 1935 2107 2009 pugnem
2143 1918 2425 2012 pericu*

272 2025 424 2111 lose
467 2023 710 2123 potius
730 2073 751 2106 ‚
807 2042 1030 2118 quam
1068 2018 1208 2106 illi,
1265 2019 1493 2091 salute
1552 2022 1951 2117 praesertim
2004 2026 2417 2121 proposita,

271 2136 777 2231 obtemperem
798 2128 1493 2228 etpaream?Neque
1506 2133 1701 2201 enim
1714 2131 2203 2204 inconstantis
2216 2150 2418 2233 puto,

271 2245 696 2318 sententiam
720 2297 739 2330 ,
781 2254 1152 2336 tamquam
1197 2236 1496 2336 aliquod
1562 2244 1928 2339 navigium
1976 2257 2201 2341 atque
2254 2272 2413 2319 cur-

271 2383 469 2443 sum,
513 2381 604 2426 ex
646 2349 1060 2450 reipublicae
1109 2364 1539 2447 tempestate
1574 2350 1939 2424 moderari
1960 2349 2013 2423 ³.
2054 2357 2210 2453 Ego
2242 2383 2412 2428 vero

269 2469 420 2536 haec
437 2463 695 2550 didici,
730 2461 884 2531 hoec
916 2458 1100 2547 vidi,
1137 2457 1290 2530 haec
1330 2463 1595 2558 scripta
1629 2461 1812 2559 legi;
1838 2460 1995 2534 haec
2020 2462 2113 2536 de
2138 2467 2411 2566 sapien·

269 2576 556 2648 tissimis
600 2585 674 2642 et
708 2570 1110 2641 clarissimis
1151 2570 1355 2658 viris»,
1394 2587 1467 2642 et
1494 2575 1569 2642 in
1612 2571 1749 2644 hac
1778 2573 2194 2671 republica,
2224 2595 2301 2650 et
2337 2582 2407 2650 in

265 2687 420 2758 aliis
477 2680 886 2754 civitatibus
945 2697 1417 2753 monumenta
1468 2680 1720 2770 nobis,
1758 2682 2017 2768 literae,
2070 2687 2406 2784 prodide-

267 2792 487 2867 runt4
525 2816 717 2862 :non
751 2813 1036 2889 semper
1065 2789 1357 2862 easdem
1385 2791 1887 2865 sententiasab
1925 2793 2183 2868 iisdem
2204 2799 2403 2888 ,sed,

1380 2959 1693 3025 gubernanda
1730 2961 1849 3010 viris
1881 2961 2077 3014 laudata
2118 2977 2195 3014 eet
2227 2967 2279 3016 in
2312 2983 2401 3016 nm

1378 3044 1613 3092 sententia
1640 3054 1874 3108 perpetue
1899 3047 2207 3109 pet-mendo:
2240 3047 2325 3096 ned
2348 3049 2401 3096 nt

262 2968 320 3014 (3.
341 2963 512 3029 Steph.
539 2971 589 3010 et
611 2960 780 3009 Lamb.
807 2957 1096 3018 ediderunt,
1133 2979 1160 3000 α
1183 2975 1288 3006 enm

261 3046 470 3109 deligere
495 3051 682 3109 partem
710 3039 940 3088 debemus
960 3057 1006 3088 ι.

334 3134 581 3184 XXXIX.
613 3146 659 3177 1.
689 3126 978 3178 Memoriam
1001 3137 1052 3174 et
1067 3125 1289 3192 gratiam

263 3224 503 3282 qua-runt.
523 3213 696 3258 Bavnr.
717 3231 742 3250 α
757 3205 1044 3256 Memoriam
1063 3215 1290 3268 quarunt

264 3308 310 3343 et
335 3294 533 3358 gratiam
555 3311 600 3337 υ.

331 3389 381 3422 2.
421 3369 692 3433 Principem
733 3381 836 3414 esse
868 3363 1160 3414 concedunt.
1197 3363 1286 3410 Er-

261 3464 387 3503 nest.
407 3451 553 3500 hebet
579 3445 883 3502 concedant,
913 3454 970 3490 ut
997 3443 1159 3490 omnia
1187 3443 1286 3491 sint

261 3537 390 3600 paria
410 3567 424 3590 ‚
461 3551 484 3572 ι
503 3541 641 3576 tuear
657 3558 673 3585 ,
709 3541 854 3589 quem
881 3522 1179 3580 concedant,
1206 3521 1285 3570 de-

255 3621 369 3672 sim,
397 3626 520 3676 quas
537 3607 726 3656 videam
747 3625 794 3651 ι.
1123 3651 1130 3658 ,

325 3695 352 3741 3
366 3729 377 3741 .
406 3694 578 3754 Neque
590 3685 718 3734 em'm
732 3681 1088 3730 inconstantis.
1109 3717 1122 3728 .
1147 3691 1290 3728 Aem-

246 3783 438 3840 pestate
455 3763 718 3818 moderari.
737 3765 878 3810 Hunc
897 3759 1112 3826 phrasim
1130 3761 1280 3808 intru-

247 3857 294 3901 di
313 3861 476 3900 censet
495 3846 720 3894 Onellins.
740 3842 970 3892 Eamdem
988 3840 1279 3889 sententiam

243 3934 408 3980 videre
425 3940 500 3977 est
519 3929 569 3974 in
587 3941 667 3990 ep.
685 3923 746 3972 ad
767 3921 1056 3970 Lentulum:
1085 3921 1278 3968 «Num-

235 4029 382 4079 quam
411 4009 538 4058 enim
569 4002 920 4070 praestantibus
948 4001 1002 4050 in
1027 4000 1278 4063 republica

1378 3121 1432 3170 in
1458 3123 1733 3188 navigando
1760 3127 2033 3187 tempestati
2060 3126 2265 3190 obsequi
2288 3128 2399 3175 artis

1378 3211 1449 3250 est
1464 3235 1480 3261 ,
1499 3202 1684 3250 etiamsi
1701 3213 1899 3266 portum
1922 3213 2085 3251 tenere
2106 3220 2210 3252 non
2230 3221 2395 3268 qne-s:

1376 3297 1531 3345 quum
1560 3296 1677 3330 vero
1704 3281 1759 3328 id
1786 3281 1945 3344 poesie
1974 3293 2159 3330 mutata
2192 3283 2397 3334 velifica-

1377 3361 1513 3408 tione
1534 3359 1735 3423 adsequi
1751 3395 1767 3422 ,
1792 3359 1995 3408 stultum
2016 3371 2089 3408 est
2110 3377 2223 3410 enm
2243 3373 2395 3412 tmere

1375 3456 1487 3488 enm
1522 3439 1742 3502 periculo
1776 3455 1973 3487 cursum
2004 3455 2153 3503 quem
2186 3443 2391 3508 cepa-is,

1373 3520 1539 3584 potins
1556 3533 1729 3582 qnam,
1752 3533 1813 3566 eo
1838 3530 2161 3579 commutato,
2190 3537 2289 3584 qun
2310 3538 2389 3570 ve·

1372 3600 1459 3656 lis,
1494 3599 1692 3648 tandem
1734 3599 1989 3662 pervenire
2006 3619 2052 3648 a.
2108 3602 2266 3662 Hujus
2299 3601 2386 3650 loci

1372 3689 1637 3728 extremam
1659 3690 1847 3743 partem
1868 3679 1920 3726 in
1942 3677 2165 3726 untione
2186 3695 2276 3744 pro
2290 3681 2385 3728 Bal-

1370 3759 1467 3818 bo,
1492 3775 1599 3824 cap.
1626 3774 1709 3820 ²7,
1732 3758 1969 3806 invenies.

1440 3847 1490 3894 4.
1526 3837 1727 3896 Liecroe,
1744 3837 2085 3900 prodiderunt.
2121 3837 2204 3885 Al.
2230 3837 2383 3886 lieet-a·

1368 3935 1476 3966 mm
1488 3917 1773 3978 conjiciunt.
1784 3915 1913 3964 Vide
1923 3916 2259 3980 proesationem
2274 3929 2381 3968 om.

1368 3997 1428 4046 de
1448 4000 1593 4047 Prov.
1614 3995 1806 4044 consul.
2532 4005 2534 4055 Ι
