2594 4537
308 240 402 312 90
542 265 550 275 .
970 214 1765 285 ARGUMENTUM.

387 349 682 399 numenta.
711 334 1026 411 Rhegium,
1056 334 1359 413 Neapolis,
1389 340 1737 407 Tarentum,
1764 336 2043 399 Archiam
2082 337 2317 399 civitate
2342 340 2434 399 do·

389 454 634 506 navere3
661 445 724 491 et
745 443 904 491 certe
935 446 1264 491 memorare
1301 432 1587 510 potuisset
1613 434 1713 510 jus
1746 430 1890 492 illud
1920 432 1997 493 ab
2038 434 2162 493 istis
2202 419 2457 495 urbibus*

389 548 753 599 concessum3
795 526 909 585 nisi
935 526 1072 585 satis
1103 526 1216 585 fuit
1243 526 1329 585 illi
1359 528 1409 587 si
1436 548 1500 585 se
1527 528 1969 588 Heracleensem
1996 530 2183 591 civem
2214 534 2434 610 profite-

393 639 586 699 retur,
625 638 692 684 ut
723 624 859 703 jure
893 623 1104 685 merito
1133 643 1429 691 romanam
1456 622 1663 683 urbem
1700 624 2005 688 incoleret.
2034 630 2317 701 Quamvis
2340 628 2431 687 ab·

392 743 522 788 sens
551 736 700 785 esset
723 741 906 800 quum
934 740 1141 781 census
1177 722 1376 794 lieret,
1412 741 1534 781 non
1564 721 1735 781 desiit
1772 736 1965 783 tamen
2004 736 2129 783 toto
2162 726 2297 804 jure
2337 727 2435 785 frui

393 821 646 883 romanis
671 819 898 880 civibus
923 838 1216 882 concesso.
1244 822 1386 899 Cap.
1414 828 1451 890 4
1467 861 1485 891 ,
1518 820 1573 879 5.
1600 860 1605 863 -

470 921 612 978 Pars
639 918 819 977 altera
845 916 1315 975 confirmationis.
1348 950 1429 961 —
1453 918 1697 977 Archias
1724 916 1933 997 dignus
1960 934 2048 979 est
2073 921 2178 997 qui
2204 940 2432 979 romana

399 1016 634 1085 civitate
661 1014 942 1087 donetur,
981 1034 1114 1093 quae
1163 1027 1320 1073 certe
1370 1015 1757 1085 conserenda,
1808 1016 1921 1075 nisi
1968 1014 2233 1077 haberet.
2282 1016 2435 1078 Unde

397 1114 544 1175 mira
571 1113 872 1173 literarum
905 1111 1162 1171 laudatio
1187 1111 1485 1191 sequitur,
1510 1132 1583 1173 ex
1610 1113 1791 1191 ipsius
1820 1114 2071 1173 oratoris
2104 1115 2433 1173 testimonio.

397 1219 504 1275 11ae
619 1211 800 1271 imum
826 1210 1216 1289 virtutemque
1241 1211 1500 1270 extulere
1520 1254 1538 1284 ‚
1572 1232 1755 1289 quum
1784 1224 1920 1271 ante
1948 1212 2151 1271 oculos
2184 1226 2437 1292 praetan-

405 1232 637 1395 tissirss'
659 1308 928 1386 exempla
955 1321 1217 1367 veterum
1245 1306 1616 1385 subjicerent.
1657 1308 2003 1367 Felicissima
2028 1308 2256 1369 indoles
2287 1309 2436 1368 insti-

401 1406 626 1467 tutione
661 1418 884 1463 tantum
923 1404 1126 1483 perfici
1156 1417 1369 1483 potest.
1398 1405 1681 1483 Exemplo
1725 1418 1860 1463 sunt
1898 1388 2238 1474 Africanus,
2274 1410 2436 1475 cato,

399 1503 612 1563 Laelius
628 1545 646 1573 ,
675 1502 958 1581 multique
985 1500 1098 1560 alii.
1125 1502 1358 1561 Utilitas
1388 1500 1815 1580 delectatioque
1843 1522 1918 1561 ex
1955 1503 2137 1588 literis
2162 1518 2438 1582 percepta.

403 1597 652 1660 Archias
673 1600 849 1679 igitur
869 1619 906 1657 a
927 1596 1203 1657 Romanis
1225 1612 1286 1657 et
1308 1599 1579 1659 aestimari
1602 1614 1661 1659 et
1680 1600 2037 1659 remunerari
2064 1598 2275 1659 debet:
2306 1598 2439 1657 1⁰ob

404 1698 710 1777 praeclaras
735 1696 912 1755 animi
932 1696 1136 1767 dotes;
1177 1696 1246 1753 2⁰
1263 1696 1403 1773 quia
1429 1709 1591 1755 vates
1622 1696 1878 1774 quodam
1902 1697 2143 1755 numine
2166 1698 2441 1762 afflantur,

403 1808 466 1853 et
489 1793 566 1854 ab
593 1793 720 1871 ipso
749 1792 864 1853 deo
887 1792 1317 1865 accenduntur3
1362 1793 1423 1850 3⁰
1454 1793 1615 1852 omni
1644 1812 1721 1851 ex
1746 1806 1913 1854 aetate
1934 1792 2191 1853 honores
2222 1794 2444 1872 praecla-

405 1892 616 1953 tissimi
629 1890 862 1969 ingenio
877 1892 1038 1951 fuere
1059 1889 1261 1949 tributi
1277 1912 1292 1947 z
1320 1891 1483 1949 testis
1494 1895 1783 1951 Homerus
1798 1914 1817 1964 ;
1838 1895 2206 1971 4⁰postremo
2218 1890 2443 1951 Archias

405 2002 580 2067 poeta
610 1968 812 2049 Romae
853 1986 1309 2065 magnitudinem
1346 1986 1662 2046 celebravit
1678 2030 1694 2059 ‚
1738 2007 1920 2065 quum
1951 1988 2163 2047 cecinit
2194 2006 2443 2047 mansuro

403 2086 658 2147 carmine
689 2086 941 2145 Marium
975 2085 1421 2162 Lucullumque.
1458 2084 1630 2146 Haud
1662 2084 1831 2145 aliter
1872 2086 2207 2164 Scipionem
2242 2085 2445 2145 Ennius

405 2183 652 2263 posteris
682 2182 1129 2243 commendavit.
1160 2180 1527 2254 Alexander,
1570 2182 1909 2261 Pompeius,
1960 2182 2151 2255 Sulla,
2196 2182 2446 2241 Metellus

403 2283 542 2343 Pius
559 2325 580 2352 ,
624 2286 850 2342 Drusus
883 2279 1272 2356 Fulviusque,
1308 2299 1509 2339 omnes
1548 2279 1737 2338 laudis
1782 2281 1979 2340 studio
2024 2282 2239 2340 acriter
2275 2299 2449 2339 move·

403 2378 620 2440 bantur
645 2399 662 2435 ε
711 2397 774 2438 se
798 2377 988 2453 ipsum
1017 2376 1216 2452 gloriae
1242 2395 1441 2436 amore
1475 2378 1660 2437 teneri
1694 2377 1926 2437 fatetur.
1953 2377 2202 2440 Archias
2238 2397 2446 2436 manen

403 2474 734 2544 inchoavit,
771 2492 892 2552 quo
917 2473 1252 2532 consulatus
1279 2474 1431 2534 facta
1460 2473 1849 2534 celebrantur.
1886 2475 2095 2535 Gloria
2120 2489 2209 2535 est
2235 2493 2446 2553 magno·

408 2591 541 2631 rum
571 2572 832 2630 virorum
859 2571 1323 2644 incitamentum3
1366 2592 1546 2632 unum
1572 2573 1689 2631 boc
1712 2573 1783 2634 iis
1812 2586 1901 2632 est
1926 2573 2185 2632 studium
2212 2573 2415 2632 scilicet
2431 2614 2447 2638 ‚

411 2683 476 2730 ut
499 2687 713 2728 nomen
745 2667 822 2728 ad
847 2669 1226 2728 aeternitatem
1247 2671 1546 2736 memoria⁴
1571 2671 1997 2730 commendent.
2025 2675 2166 2750 Cap.
2192 2672 2361 2729 6-12.

488 2765 804 2824 PeroratiO.
825 2805 907 2816 --
927 2769 1145 2826 Orator
1173 2767 1376 2846 paucis
1404 2767 1597 2827 verbis
1625 2787 1757 2846 quae
1778 2782 2131 2847 exposuerat
2152 2766 2451 2843 recolligit,
2534 2823 2536 2856 ;

420 2864 477 2924 1⁰
495 2883 568 2924 ea
584 2883 720 2942 quae
747 2863 806 2922 in
837 2863 1035 2942 priore
1065 2877 1232 2942 parte
1257 2865 1653 2934 continentur..
1680 2866 1742 2925 id
1776 2879 1895 2935 est,
1927 2867 2317 2925 testimonium
2344 2871 2451 2924 Lu·
2534 2929 2536 2944 ἦ

411 2962 550 3021 culli
577 2973 636 3018 et
663 2961 1173 3034 Heracleensium3
1208 2975 1277 3018 2⁰
1301 2981 1433 3038 quae
1464 2963 1525 3020 in
1556 2963 1904 3040 posteriori,
1950 2963 2013 3021 id
2054 2977 2173 3034 est,
2217 2965 2449 3022 fructum

409 3071 472 3118 et
509 3057 815 3118 utilitatem
845 3057 1177 3130 literarum3
1219 3058 1517 3136 ingenium
1554 3059 1823 3132 Archiae,
1861 3058 2201 3138 nominique
2230 3077 2450 3118 romano
2534 3123 2536 3126 Α

415 3155 652 3216 utiliora
680 3168 964 3233 poemata.
989 3160 1244 3216 Excusat
1263 3156 1475 3215 iterum
1498 3176 1559 3216 se
1574 3200 1591 3229 ,
1619 3156 1781 3235 quod
1806 3157 1865 3215 in
1892 3177 2068 3216 causa
2092 3177 2214 3218 non
2242 3174 2453 3234 semper

415 3251 659 3312 steterit.
689 3253 830 3330 Cap.
855 3271 944 3310 ια.

417 3403 420 3408 .
491 3349 654 3411 Nihil
689 3349 868 3428 magis
907 3349 1256 3428 comprobat
1297 3363 1579 3428 quantum
1613 3351 1841 3410 intersit
1875 3352 2037 3410 ‚inter
2082 3349 2455 3430 prastantissi-

421 3469 580 3508 inum
609 3449 728 3508 hoc
756 3467 906 3526 opus
938 3463 998 3508 et
1029 3447 1429 3508 defensionum
1459 3461 1797 3528 usurpatam
1834 3450 2328 3508 consuetudinem.
2358 3449 2455 3506 Hic
2534 3457 2536 3482 ³

413 3545 735 3625 praesertim
787 3544 1349 3626 magnificentissima
1394 3565 1639 3624 poeseos
1687 3547 1815 3605 laus
1874 3545 2219 3606 celebratur.
2262 3551 2456 3605 Orator

421 3645 670 3702 Ennium
705 3644 1040 3721 loquentem
1065 3641 1290 3701 inducit
1310 3683 1333 3710 ‚
1356 3643 1461 3721 qui
1490 3655 1649 3703 vates
1680 3663 1875 3704 saeros
1905 3657 2107 3716 vocat,
2134 3656 2195 3702 et
2224 3644 2341 3722 ipse
2362 3645 2457 3699 Ar-

417 3741 577 3802 chias
605 3742 663 3800 iu
695 3761 814 3802 uno
855 3763 928 3800 ex
973 3743 1044 3800 iis
1087 3761 1218 3818 quae
1263 3755 1575 3820 supersunt
1602 3742 2119 3823 epigrammatibus
2140 3743 2388 3802 dixerat:

787 3913 887 3987 Ῐρὸν
915 3914 1212 3972 ἁοιὸοπόλων
1245 3921 1419 3990 ἔτυμον
1442 3922 1608 3990 γένος.
