2594 4537
326 276 468 365 450
964 272 1059 339 Μ.
1114 272 1191 339 Τ.
1242 270 1828 339 CICERONIS

366 488 375 497 ι
422 404 753 470 Attamen
790 394 1085 489 ignarus
1122 390 1277 478 ille,
1313 392 1443 487 qui
1486 391 1820 463 consules
1851 391 2140 464 essent⁵
2161 448 2181 481 ‚
2213 420 2464 469 exsan-

327 512 486 609 guis
510 523 731 603 atque
756 516 1067 573 aestuans
1084 554 1104 589 ‚
1124 524 1199 573 se
1218 525 1306 571 ex
1328 501 1526 571 curia
1545 516 1848 599 repente
1871 504 2238 601 proripuit
2253 558 2273 591 ,
2293 530 2462 576 cum

326 615 759 719 quibusdam
790 610 1030 683 fractis
1048 608 1081 655 ⁶
1100 610 1249 706 jam
1277 624 1498 706 atque
1533 606 1876 681 inanibus
1907 613 2123 683 minis
2144 666 2166 699 ,
2195 626 2274 685 et
2297 638 2462 685 cum

319 731 509 803 illius
582 724 944 795 Pisoniani
1014 724 1364 821 temporis
1432 718 1964 819 Gabinianique
2033 723 2456 796 terroribus,

320 844 557 931 Quem
584 856 813 933 quum
840 828 1328 929 egredientem
1356 830 1638 929 insequi
1657 835 2032 929 coepissem
2051 837 2248 932 ‚cepi
2267 837 2460 932 equi-

320 950 487 1022 dem
514 945 833 1017 fructum
857 943 1256 1013 maximum
1274 994 1294 1026 ‚
1323 954 1397 1011 et
1412 965 1499 1010 ex
1521 945 2107 1013 consurrectione
2127 946 2458 1015 omnium

317 1072 681 1141 vestrum,
724 1066 800 1123 et
846 1078 935 1123 ex
978 1053 1328 1122 comitatu
1369 1049 1956 1149 publicanorum.
2011 1053 2156 1125 Sed
2209 1080 2460 1127 vecors

320 1182 623 1268 repente
656 1166 809 1235 sine
844 1186 979 1234 suo
1015 1160 1251 1249 vultu,
1288 1160 1442 1231 sine
1479 1160 1759 1247 colore,
1799 1165 1955 1232 sine
1990 1187 2172 1236 voce
2199 1167 2462 1237 consti·

321 1282 439 1368 tit;
475 1274 738 1351 deinde
763 1274 1118 1371 respexit;
1149 1285 1223 1340 et
1252 1268 1468 1340 simul
1508 1294 1589 1340 ac
1612 1276 1745 1341 Cn.
1777 1272 2172 1343 Lentulum
2201 1298 2460 1347 consu-

319 1391 461 1462 lem
516 1386 885 1484 adspexit,
929 1380 1245 1455 concidit
1290 1382 1368 1451 in
1405 1384 1622 1453 curiae
1665 1406 1862 1479 paene
1897 1381 2186 1470 limine,
2213 1409 2456 1458 necor-

316 1499 611 1571 datione
643 1550 663 1583 ‚
734 1491 988 1581 credo,
1051 1489 1342 1563 Gabinii
1399 1494 1548 1578 sui,
1609 1488 2114 1590 desiderioque
2155 1498 2456 1568 Pisonis,

317 1611 537 1705 Cujus
564 1630 700 1705 ego
735 1602 827 1675 de
866 1600 1217 1674 effrenato
1234 1618 1308 1672 et
1325 1604 1676 1700 praecipiti
1699 1600 1945 1674 furore
1970 1603 2148 1701 quid
2180 1603 2458 1678 dicam?

313 1717 511 1791 haud
551 1729 792 1813 potest
832 1706 1282 1813 gravioribus
1315 1736 1355 1783 a
1387 1736 1503 1783 me
1543 1711 1782 1783 verbis
1807 1712 2205 1802 vulnerari,
2237 1742 2452 1813 quam

312 1845 423 1901 est
456 1828 694 1899 statim
718 1878 738 1911 ‚
766 1824 839 1893 in
878 1821 1069 1894 facto
1092 1822 1253 1920 ipso
1274 1830 1302 1876 7
1325 1874 1346 1908 ‚
1386 1844 1428 1891 a
1453 1823 1872 1919 gravissimo
1920 1824 2079 1895 viro
2113 1828 2188 1895 P.
2227 1826 2451 1897 Servi-

310 1940 411 2010 lio
445 1934 820 2010 confectus
849 1958 931 2005 ac
950 1930 1352 2015 trucidatus
1382 1956 1400 1999 ε
1440 1931 1648 2027 cujus
1675 1936 1737 2002 si
1771 1936 1988 2002 etiam
2015 1934 2162 2002 vim
2201 1948 2278 2005 et
2303 1958 2452 2033 gra·

310 2049 605 2119 vitatem
640 2044 837 2115 illam
883 2042 1349 2141 singularem,
1389 2064 1474 2111 ac
1511 2054 1718 2138 pae'ne
1757 2040 2114 2131 divinam,
2167 2046 2452 2141 assequi

308 2180 634 2257 possem,
676 2168 921 2225 tamen
958 2174 1113 2221 non
1150 2148 1447 2237 dubito,
1487 2153 1670 2246 quin
1715 2174 1798 2223 ea
1841 2152 2016 2235 tela,
2061 2176 2228 2249 quae
2273 2176 2444 2225 con·

306 2268 563 2364 jecerit
592 2258 1218 2360 inimicus⁸‚quam
1250 2285 1365 2347 ea,
1395 2285 1557 2359 quae
1583 2258 1860 2360 collega
1891 2262 2150 2360 patris⁹
2169 2265 2446 2349 emisit,

309 2381 581 2453 leviora
623 2389 843 2472 atque
873 2373 1253 2458 hebetiora
1280 2385 1438 2442 esse
1467 2371 1869 2444 videantur.

404 2493 494 2560 II.
554 2484 694 2556 Sed
749 2499 994 2556 tamen
1048 2484 1190 2554 mei
1248 2479 1416 2553 facti
1469 2483 1826 2554 rationem
1885 2505 2259 2582 exponere
2317 2484 2448 2556 illis

308 2595 475 2668 volo
493 2648 512 2681 ‚
548 2595 679 2691 qui
706 2593 1049 2666 hesterno
1072 2589 1189 2662 die
1217 2589 1474 2663 dolore
1499 2615 1618 2663 me
1643 2592 1910 2663 elatum
1928 2647 1946 2678 ‚
1975 2607 2048 2663 et
2079 2595 2448 2666 iracundia

308 2707 595 2803 longius
626 2724 861 2804 prope
884 2702 1283 2797 digressum
1315 2700 1890 2791 arbitrabantur,
1923 2725 2148 2800 quam
2169 2708 2447 2803 sapien-

304 2821 396 2891 tis
413 2817 731 2890 hominis
748 2815 1056 2910 cogitata
1080 2815 1263 2882 ratio
1290 2813 1706 2910 postularet.
1743 2813 1942 2886 Nihil
1967 2811 2108 2885 feci
2133 2825 2156 2860 ¹
2183 2817 2408 2888 iratus
2427 2871 2444 2900 ‚

305 2927 491 3001 nihil
536 2921 920 3025 impotenti
959 2923 1241 3006 anime,
1294 2922 1480 2992 nihil
1515 2944 1668 2994 non
1709 2922 1840 2993 diu
1875 2923 2444 3006 consideratum,

306 3065 387 3113 ac
409 3039 643 3111 multo
668 3047 835 3105 ante
860 3029 1305 3104 meditatum.
1327 3037 1484 3130 Ego
1501 3035 1698 3104 enim
1719 3087 1739 3121 ‚
1757 3047 2000 3131 patres
2019 3034 2408 3134 conscripti
2423 3091 2442 3122 ‚

302 3300 379 3347 hia
413 3292 715 3360 temporibus
745 3299 796 3338 et
828 3289 1031 3354 privatis
1054 3300 1104 3338 et
1128 3287 1327 3355 publico
1491 3291 1540 3339 8.
1583 3288 1710 3353 Quin
1758 3307 1821 3338 ea
1867 3291 1966 3338 cela
1979 3323 1996 3346 ,
2043 3307 2157 3356 quoe
2197 3291 2444 3355 conixa-ie

297 3377 543 3426 intulerat.
1415 3368 1658 3417 inimicus.
1685 3367 1877 3418 Cicero.

374 3452 426 3507 5,
460 3449 557 3516 Qui
582 3445 805 3496 consules
840 3455 1011 3494 essent.
1036 3445 1204 3508 Quum
1231 3461 1327 3493 no·
1485 3463 1538 3512 9.
1565 3451 1690 3514 Quoe
1723 3449 1916 3514 collega
1939 3449 2102 3514 patris
2135 3448 2312 3500 omisit.
2345 3453 2440 3499 aas·

299 3549 474 3584 vorum
524 3527 778 3578 consulum
828 3524 1045 3574 indolem
1099 3523 1324 3574 nondum
1411 3525 1558 3576 vilius
1587 3543 1699 3576 cnm
1723 3539 1866 3592 patre
1901 3527 2070 3578 clodii
2100 3529 2276 3593 Appio
2303 3529 2438 3579 clm·

300 3617 633 3678 cognosceret.
1413 3605 1499 3656 dio
1533 3607 1750 3656 Pulchro
1776 3622 1895 3656 nnn.
1917 3609 1984 3655 U.
2003 3607 2116 3669 67⁵
2137 3607 2434 3657 eonsnhtum

370 3693 420 3740 6.
460 3683 663 3737 tractis.
702 3685 895 3732 Mutata
934 3691 1213 3746 temporum
1240 3697 1321 3729 rn-
1411 3699 1643 3751 gesserat.

296 3773 436 3820 ιίοιιο
454 3803 469 3827 ,
495 3778 643 3830 quum
672 3779 831 3828 neque
854 3762 999 3819 Piso,
1034 3773 1195 3825 neque
1216 3759 1318 3809 G·—
1481 3767 1546 3817 11.
1581 3781 1630 3822 ι,
1654 3763 1926 3831 Nikftfici
1950 3765 2126 3816 francs.
2163 3765 2309 3814 Adeo
2343 3779 2436 3815 non

292 3849 459 3898 binius
473 3847 573 3914 jam
602 3843 827 3893 consules
854 3851 1032 3890 essent.
1409 3845 1734 3908 quorumdam
1761 3853 2044 3894 senntomn
2087 3845 2276 3893 uinea
2291 3867 2296 3872 ·
2313 3859 2438 3894 ano-

362 3945 413 3988 7.
440 3925 497 3973 In
516 3921 669 3989 facto
710 3923 831 3990 ipso.
858 3921 1027 3984 Qum
1062 3917 1317 3982 estodium
1405 3921 1486 3972 liri
1531 3925 1705 3990 quei-lt
1749 3933 1916 3974 orator
1930 3960 1946 3982 ,
1989 3935 2047 3974 nt
2097 3933 2273 3974 eontra
2317 3924 2432 3974 mad

286 4013 605 4062 minitaretur.
1405 4005 1724 4068 amplexetur,
1745 4016 1802 4054 ut
1827 4003 2076 4054 meditatu
2099 4005 2285 4053 mentiz
2299 4019 2433 4071 epm.
