<?xml version="1.0" encoding="UTF-8"?>
<!DOCTYPE html PUBLIC "-//W3C//DTD XHTML 1.0 Transitional//EN"
    "http://www.w3.org/TR/xhtml1/DTD/xhtml1-transitional.dtd">
<html xmlns="http://www.w3.org/1999/xhtml" xml:lang="en" lang="en">
 <head>
  <title>
</title>
<meta http-equiv="Content-Type" content="text/html;charset=utf-8" />
  <meta name='ocr-system' content='tesseract 3.04.00' />
  <meta name='ocr-capabilities' content='ocr_page ocr_carea ocr_par ocr_line ocrx_word'/>
</head>
<body>
  <div class='ocr_page' id='page_1' title='image "./mtciceronisquae05lemagoog_0193.png"; bbox 0 0 2594 4537; ppageno 0'>
   <div class='ocr_carea' id='block_1_1' title="bbox 606 313 2280 390">
    <p class='ocr_par' dir='ltr' id='par_1_1' title="bbox 606 313 2280 390">
     <span class='ocr_line' id='line_1_1' title="bbox 606 313 2280 390; baseline 0.004 -8"><span class='ocrx_word' id='word_1_1' title='bbox 606 313 993 383; x_wconf 85' lang='lat' dir='ltr'><strong>ORATIO</strong></span> <span class='ocrx_word' id='word_1_2' title='bbox 1040 315 1244 384; x_wconf 85' lang='lat' dir='ltr'>PRO</span> <span class='ocrx_word' id='word_1_3' title='bbox 1293 317 1375 385; x_wconf 94' lang='lat' dir='ltr'>L.</span> <span class='ocrx_word' id='word_1_4' title='bbox 1426 317 1854 387; x_wconf 83' lang='lat' dir='ltr'>FLACCO.</span> <span class='ocrx_word' id='word_1_5' title='bbox 2163 321 2280 390; x_wconf 74' lang='lat'>181</span> 
     </span>
    </p>
   </div>
   <div class='ocr_carea' id='block_1_2' title="bbox 164 432 2317 3072">
    <p class='ocr_par' dir='ltr' id='par_1_2' title="bbox 164 432 2300 740">
     <span class='ocr_line' id='line_1_2' title="bbox 164 432 2300 538; baseline 0.002 -30"><span class='ocrx_word' id='word_1_6' title='bbox 164 447 453 508; x_wconf 84' lang='lat' dir='ltr'>vosmet</span> <span class='ocrx_word' id='word_1_7' title='bbox 481 436 619 534; x_wconf 85' lang='lat' dir='ltr'>ipsi</span> <span class='ocrx_word' id='word_1_8' title='bbox 650 433 1069 508; x_wconf 78' lang='lat' dir='ltr'>describatis</span> <span class='ocrx_word' id='word_1_9' title='bbox 1096 439 1334 508; x_wconf 82' lang='lat' dir='ltr'>Asiam</span> <span class='ocrx_word' id='word_1_10' title='bbox 1360 432 1432 525; x_wconf 82' lang='lat'>⁵3</span> <span class='ocrx_word' id='word_1_11' title='bbox 1467 461 1601 509; x_wconf 87' lang='lat' dir='ltr'>nec</span> <span class='ocrx_word' id='word_1_12' title='bbox 1625 493 1644 526; x_wconf 93' lang='lat'>,</span> <span class='ocrx_word' id='word_1_13' title='bbox 1681 437 1862 536; x_wconf 85' lang='lat' dir='ltr'>quid</span> <span class='ocrx_word' id='word_1_14' title='bbox 1891 438 2300 538; x_wconf 71' lang='lat' dir='ltr'>alienigena:</span> 
     </span>
     <span class='ocr_line' id='line_1_3' title="bbox 166 541 2298 649; baseline 0.003 -33"><span class='ocrx_word' id='word_1_15' title='bbox 166 541 277 618; x_wconf 72' lang='lat' dir='ltr'>‹le&#39;</span> <span class='ocrx_word' id='word_1_16' title='bbox 300 543 509 616; x_wconf 77' lang='lat' dir='ltr'>vobis</span> <span class='ocrx_word' id='word_1_17' title='bbox 550 545 757 642; x_wconf 88' lang='lat' dir='ltr'>loqui</span> <span class='ocrx_word' id='word_1_18' title='bbox 802 544 1115 632; x_wconf 87' lang='lat' dir='ltr'><strong>soleant,</strong></span> <span class='ocrx_word' id='word_1_19' title='bbox 1158 544 1285 617; x_wconf 91' lang='lat' dir='ltr'>sed</span> <span class='ocrx_word' id='word_1_20' title='bbox 1329 545 1507 643; x_wconf 89' lang='lat' dir='ltr'>quid</span> <span class='ocrx_word' id='word_1_21' title='bbox 1540 564 1821 621; x_wconf 85' lang='lat' dir='ltr'>vosmet</span> <span class='ocrx_word' id='word_1_22' title='bbox 1862 550 2002 649; x_wconf 87' lang='lat' dir='ltr'>ipsi</span> <span class='ocrx_word' id='word_1_23' title='bbox 2041 550 2132 623; x_wconf 86' lang='lat' dir='ltr'>de</span> <span class='ocrx_word' id='word_1_24' title='bbox 2173 575 2298 649; x_wconf 84' lang='lat' dir='ltr'>ge-</span> 
     </span>
     <span class='ocr_line' id='line_1_4' title="bbox 166 656 1563 740; baseline 0 -14"><span class='ocrx_word' id='word_1_25' title='bbox 166 680 351 728; x_wconf 87' lang='lat' dir='ltr'>nere</span> <span class='ocrx_word' id='word_1_26' title='bbox 384 670 627 728; x_wconf 79' lang='lat' dir='ltr'>vestro</span> <span class='ocrx_word' id='word_1_27' title='bbox 668 659 1035 740; x_wconf 84' lang='lat' dir='ltr'>statuatis,</span> <span class='ocrx_word' id='word_1_28' title='bbox 1072 656 1563 727; x_wconf 80' lang='lat' dir='ltr'><strong>memineritis,</strong></span> 
     </span>
    </p>

    <p class='ocr_par' dir='ltr' id='par_1_3' title="bbox 166 767 2316 2185">
     <span class='ocr_line' id='line_1_5' title="bbox 266 767 2302 868; baseline 0.001 -30"><span class='ocrx_word' id='word_1_29' title='bbox 266 770 637 865; x_wconf 84' lang='lat' dir='ltr'>Namque,</span> <span class='ocrx_word' id='word_1_30' title='bbox 668 781 751 838; x_wconf 90' lang='lat' dir='ltr'>ut</span> <span class='ocrx_word' id='word_1_31' title='bbox 776 769 1063 865; x_wconf 85' lang='lat' dir='ltr'>opinor,</span> <span class='ocrx_word' id='word_1_32' title='bbox 1094 767 1261 838; x_wconf 87' lang='lat' dir='ltr'>Asia</span> <span class='ocrx_word' id='word_1_33' title='bbox 1287 781 1518 838; x_wconf 85' lang='lat' dir='ltr'>vestra</span> <span class='ocrx_word' id='word_1_34' title='bbox 1543 782 1826 840; x_wconf 86' lang='lat' dir='ltr'>constat</span> <span class='ocrx_word' id='word_1_35' title='bbox 1851 791 1937 840; x_wconf 86' lang='lat' dir='ltr'>ex</span> <span class='ocrx_word' id='word_1_36' title='bbox 1965 768 2264 868; x_wconf 83' lang='lat' dir='ltr'>Phrygia</span> <span class='ocrx_word' id='word_1_37' title='bbox 2282 825 2302 859; x_wconf 87' lang='lat'>,</span> 
     </span>
     <span class='ocr_line' id='line_1_6' title="bbox 166 876 2300 975; baseline 0.001 -27"><span class='ocrx_word' id='word_1_38' title='bbox 166 879 440 975; x_wconf 79' lang='lat' dir='ltr'>Mysia,</span> <span class='ocrx_word' id='word_1_39' title='bbox 480 879 721 964; x_wconf 84' lang='lat' dir='ltr'>Caria,</span> <span class='ocrx_word' id='word_1_40' title='bbox 770 876 1015 972; x_wconf 84' lang='lat' dir='ltr'>Lydia.</span> <span class='ocrx_word' id='word_1_41' title='bbox 1064 881 1328 949; x_wconf 82' lang='lat' dir='ltr'><strong>Utrum</strong></span> <span class='ocrx_word' id='word_1_42' title='bbox 1373 877 1586 974; x_wconf 83' lang='lat' dir='ltr'>igitur</span> <span class='ocrx_word' id='word_1_43' title='bbox 1632 892 1964 950; x_wconf 86' lang='lat' dir='ltr'>nostrum</span> <span class='ocrx_word' id='word_1_44' title='bbox 2011 893 2160 966; x_wconf 87' lang='lat' dir='ltr'>est,</span> <span class='ocrx_word' id='word_1_45' title='bbox 2209 904 2300 950; x_wconf 88' lang='lat' dir='ltr'>an</span> 
     </span>
     <span class='ocr_line' id='line_1_7' title="bbox 168 985 2306 1087; baseline 0.002 -31"><span class='ocrx_word' id='word_1_46' title='bbox 168 1001 491 1060; x_wconf 86' lang='lat' dir='ltr'>vestrum</span> <span class='ocrx_word' id='word_1_47' title='bbox 511 1044 533 1077; x_wconf 86' lang='lat'>‚</span> <span class='ocrx_word' id='word_1_48' title='bbox 564 987 709 1064; x_wconf 88' lang='lat' dir='ltr'>hoc</span> <span class='ocrx_word' id='word_1_49' title='bbox 743 986 1211 1086; x_wconf 85' lang='lat' dir='ltr'>proverbium</span> <span class='ocrx_word' id='word_1_50' title='bbox 1232 1042 1253 1076; x_wconf 92' lang='lat'>,</span> <span class='ocrx_word' id='word_1_51' title='bbox 1294 1017 1330 1054; x_wconf 78' lang='lat' dir='ltr'>&lt;t</span> <span class='ocrx_word' id='word_1_52' title='bbox 1358 985 1708 1085; x_wconf 82' lang='lat' dir='ltr'>Phrygem</span> <span class='ocrx_word' id='word_1_53' title='bbox 1748 990 1974 1087; x_wconf 84' lang='lat' dir='ltr'>plagis</span> <span class='ocrx_word' id='word_1_54' title='bbox 2009 987 2168 1062; x_wconf 86' lang='lat' dir='ltr'>fieri</span> <span class='ocrx_word' id='word_1_55' title='bbox 2203 1013 2306 1060; x_wconf 86' lang='lat' dir='ltr'>so-</span> 
     </span>
     <span class='ocr_line' id='line_1_8' title="bbox 168 1095 2308 1189; baseline 0 -20"><span class='ocrx_word' id='word_1_56' title='bbox 168 1097 323 1170; x_wconf 87' lang='lat' dir='ltr'>lere</span> <span class='ocrx_word' id='word_1_57' title='bbox 371 1098 853 1171; x_wconf 80' lang='lat' dir='ltr'>melioremP»</span> <span class='ocrx_word' id='word_1_58' title='bbox 909 1097 1100 1189; x_wconf 90' lang='lat' dir='ltr'><strong>Quid</strong></span> <span class='ocrx_word' id='word_1_59' title='bbox 1164 1097 1257 1170; x_wconf 90' lang='lat' dir='ltr'>de</span> <span class='ocrx_word' id='word_1_60' title='bbox 1316 1111 1466 1169; x_wconf 88' lang='lat' dir='ltr'>tota</span> <span class='ocrx_word' id='word_1_61' title='bbox 1520 1095 1820 1168; x_wconf 72' lang='lat' dir='ltr'>Caria⁶i¹</span> <span class='ocrx_word' id='word_1_62' title='bbox 1865 1124 2116 1170; x_wconf 90' lang='lat' dir='ltr'>nonne</span> <span class='ocrx_word' id='word_1_63' title='bbox 2166 1099 2308 1171; x_wconf 90' lang='lat' dir='ltr'>hoc</span> 
     </span>
     <span class='ocr_line' id='line_1_9' title="bbox 168 1207 2310 1310; baseline 0.001 -31"><span class='ocrx_word' id='word_1_64' title='bbox 168 1223 409 1280; x_wconf 83' lang='lat' dir='ltr'>vestra</span> <span class='ocrx_word' id='word_1_65' title='bbox 443 1233 621 1280; x_wconf 83' lang='lat' dir='ltr'>voce</span> <span class='ocrx_word' id='word_1_66' title='bbox 657 1207 1029 1306; x_wconf 86' lang='lat' dir='ltr'>vulgatum</span> <span class='ocrx_word' id='word_1_67' title='bbox 1062 1224 1205 1296; x_wconf 86' lang='lat' dir='ltr'>est,</span> <span class='ocrx_word' id='word_1_68' title='bbox 1240 1208 1300 1280; x_wconf 89' lang='lat' dir='ltr'>si</span> <span class='ocrx_word' id='word_1_69' title='bbox 1334 1208 1508 1305; x_wconf 89' lang='lat' dir='ltr'>quid</span> <span class='ocrx_word' id='word_1_70' title='bbox 1537 1233 1702 1280; x_wconf 90' lang='lat' dir='ltr'>cum</span> <span class='ocrx_word' id='word_1_71' title='bbox 1739 1210 2062 1308; x_wconf 88' lang='lat' dir='ltr'>periculo</span> <span class='ocrx_word' id='word_1_72' title='bbox 2097 1235 2310 1310; x_wconf 82' lang='lat' dir='ltr'>expe-</span> 
     </span>
     <span class='ocr_line' id='line_1_10' title="bbox 167 1318 2308 1416; baseline -0.001 -26"><span class='ocrx_word' id='word_1_73' title='bbox 167 1322 303 1390; x_wconf 85' lang='lat' dir='ltr'>riri</span> <span class='ocrx_word' id='word_1_74' title='bbox 342 1318 565 1408; x_wconf 80' lang='lat' dir='ltr'>velis,</span> <span class='ocrx_word' id='word_1_75' title='bbox 618 1319 695 1388; x_wconf 91' lang='lat' dir='ltr'>in</span> <span class='ocrx_word' id='word_1_76' title='bbox 760 1323 981 1390; x_wconf 81' lang='lat' dir='ltr'>Care⁷</span> <span class='ocrx_word' id='word_1_77' title='bbox 1036 1318 1112 1390; x_wconf 91' lang='lat' dir='ltr'>id</span> <span class='ocrx_word' id='word_1_78' title='bbox 1162 1319 1612 1416; x_wconf 87' lang='lat' dir='ltr'>potissimum</span> <span class='ocrx_word' id='word_1_79' title='bbox 1660 1343 1812 1391; x_wconf 90' lang='lat' dir='ltr'>esse</span> <span class='ocrx_word' id='word_1_80' title='bbox 1849 1318 2308 1410; x_wconf 80' lang='lat' dir='ltr'>faciendum?</span> 
     </span>
     <span class='ocr_line' id='line_1_11' title="bbox 169 1425 2310 1529; baseline 0 -30"><span class='ocrx_word' id='word_1_81' title='bbox 169 1425 374 1519; x_wconf 88' lang='lat' dir='ltr'><strong>Quid</strong></span> <span class='ocrx_word' id='word_1_82' title='bbox 412 1451 633 1526; x_wconf 90' lang='lat' dir='ltr'>porro</span> <span class='ocrx_word' id='word_1_83' title='bbox 668 1429 745 1498; x_wconf 86' lang='lat' dir='ltr'>in</span> <span class='ocrx_word' id='word_1_84' title='bbox 778 1453 1015 1526; x_wconf 86' lang='lat' dir='ltr'>graeco</span> <span class='ocrx_word' id='word_1_85' title='bbox 1042 1451 1374 1529; x_wconf 83' lang='lat' dir='ltr'>sermone</span> <span class='ocrx_word' id='word_1_86' title='bbox 1411 1443 1550 1502; x_wconf 84' lang='lat' dir='ltr'>tam</span> <span class='ocrx_word' id='word_1_87' title='bbox 1591 1430 1842 1501; x_wconf 83' lang='lat' dir='ltr'>tritum</span> <span class='ocrx_word' id='word_1_88' title='bbox 1877 1443 2098 1527; x_wconf 87' lang='lat' dir='ltr'>atque</span> <span class='ocrx_word' id='word_1_89' title='bbox 2135 1428 2310 1501; x_wconf 89' lang='lat' dir='ltr'>cele-</span> 
     </span>
     <span class='ocr_line' id='line_1_12' title="bbox 166 1535 2309 1638; baseline 0.001 -30"><span class='ocrx_word' id='word_1_90' title='bbox 166 1535 469 1608; x_wconf 86' lang='lat' dir='ltr'>bratum</span> <span class='ocrx_word' id='word_1_91' title='bbox 504 1552 645 1626; x_wconf 89' lang='lat' dir='ltr'>est,</span> <span class='ocrx_word' id='word_1_92' title='bbox 682 1561 941 1635; x_wconf 85' lang='lat' dir='ltr'>quam,</span> <span class='ocrx_word' id='word_1_93' title='bbox 980 1539 1039 1610; x_wconf 91' lang='lat' dir='ltr'>si</span> <span class='ocrx_word' id='word_1_94' title='bbox 1060 1539 1234 1636; x_wconf 86' lang='lat' dir='ltr'>quis</span> <span class='ocrx_word' id='word_1_95' title='bbox 1266 1537 1660 1638; x_wconf 84' lang='lat' dir='ltr'>despicatui</span> <span class='ocrx_word' id='word_1_96' title='bbox 1695 1539 2008 1624; x_wconf 84' lang='lat' dir='ltr'>ducitur,</span> <span class='ocrx_word' id='word_1_97' title='bbox 2041 1554 2123 1611; x_wconf 89' lang='lat' dir='ltr'>ut</span> <span class='ocrx_word' id='word_1_98' title='bbox 2151 1543 2309 1637; x_wconf 85' lang='lat' dir='ltr'><strong>My·-</strong></span> 
     </span>
     <span class='ocr_line' id='line_1_13' title="bbox 168 1645 2310 1746; baseline -0.003 -21"><span class='ocrx_word' id='word_1_99' title='bbox 168 1671 427 1725; x_wconf 84' lang='lat' dir='ltr'>sorum</span> <span class='ocrx_word' id='word_1_100' title='bbox 470 1645 765 1718; x_wconf 84' lang='lat' dir='ltr'>ultimus</span> <span class='ocrx_word' id='word_1_101' title='bbox 797 1671 953 1720; x_wconf 86' lang='lat' dir='ltr'>esse</span> <span class='ocrx_word' id='word_1_102' title='bbox 980 1646 1302 1720; x_wconf 85' lang='lat' dir='ltr'>dicatur?</span> <span class='ocrx_word' id='word_1_103' title='bbox 1335 1653 1513 1721; x_wconf 81' lang='lat' dir='ltr'>Nam</span> <span class='ocrx_word' id='word_1_104' title='bbox 1547 1648 1726 1746; x_wconf 90' lang='lat' dir='ltr'>quid</span> <span class='ocrx_word' id='word_1_105' title='bbox 1764 1672 1900 1746; x_wconf 88' lang='lat' dir='ltr'>ego</span> <span class='ocrx_word' id='word_1_106' title='bbox 1943 1647 2173 1720; x_wconf 89' lang='lat' dir='ltr'>dicam</span> <span class='ocrx_word' id='word_1_107' title='bbox 2219 1649 2310 1720; x_wconf 90' lang='lat' dir='ltr'>de</span> 
     </span>
     <span class='ocr_line' id='line_1_14' title="bbox 168 1757 2310 1858; baseline 0 -28"><span class='ocrx_word' id='word_1_108' title='bbox 168 1757 445 1856; x_wconf 81' lang='lat' dir='ltr'>Lydia?</span> <span class='ocrx_word' id='word_1_109' title='bbox 481 1760 647 1855; x_wconf 88' lang='lat' dir='ltr'>quis</span> <span class='ocrx_word' id='word_1_110' title='bbox 676 1782 1025 1854; x_wconf 84' lang='lat' dir='ltr'>umquam</span> <span class='ocrx_word' id='word_1_111' title='bbox 1066 1763 1358 1830; x_wconf 81' lang='lat' dir='ltr'>Groecus</span> <span class='ocrx_word' id='word_1_112' title='bbox 1385 1758 1831 1836; x_wconf 70' lang='lat' dir='ltr'>,comoediam</span> <span class='ocrx_word' id='word_1_113' title='bbox 1867 1761 2150 1858; x_wconf 86' lang='lat' dir='ltr'>scripsit</span> <span class='ocrx_word' id='word_1_114' title='bbox 2171 1814 2192 1848; x_wconf 90' lang='lat'><strong><em>‚</em></strong></span> <span class='ocrx_word' id='word_1_115' title='bbox 2237 1761 2310 1830; x_wconf 88' lang='lat' dir='ltr'>in</span> 
     </span>
     <span class='ocr_line' id='line_1_15' title="bbox 170 1863 2316 1968; baseline 0 -28"><span class='ocrx_word' id='word_1_116' title='bbox 170 1893 327 1968; x_wconf 86' lang='lat' dir='ltr'>qua</span> <span class='ocrx_word' id='word_1_117' title='bbox 379 1893 631 1940; x_wconf 85' lang='lat' dir='ltr'>servus</span> <span class='ocrx_word' id='word_1_118' title='bbox 691 1873 1089 1967; x_wconf 89' lang='lat' dir='ltr'>primarum</span> <span class='ocrx_word' id='word_1_119' title='bbox 1150 1872 1458 1967; x_wconf 88' lang='lat' dir='ltr'>partium</span> <span class='ocrx_word' id='word_1_120' title='bbox 1479 1863 1511 1914; x_wconf 79' lang='lat'><strong>⁸</strong></span> <span class='ocrx_word' id='word_1_121' title='bbox 1575 1895 1726 1940; x_wconf 92' lang='lat' dir='ltr'>non</span> <span class='ocrx_word' id='word_1_122' title='bbox 1781 1868 2024 1966; x_wconf 84' lang='lat' dir='ltr'>Lydus</span> <span class='ocrx_word' id='word_1_123' title='bbox 2077 1871 2316 1942; x_wconf 80' lang='lat' dir='ltr'>esset?</span> 
     </span>
     <span class='ocr_line' id='line_1_16' title="bbox 171 1979 2311 2079; baseline 0 -26"><span class='ocrx_word' id='word_1_124' title='bbox 171 1979 677 2071; x_wconf 83' lang='lat' dir='ltr'><strong>Quamobrem</strong></span> <span class='ocrx_word' id='word_1_125' title='bbox 719 2005 882 2079; x_wconf 81' lang='lat' dir='ltr'>quoe</span> <span class='ocrx_word' id='word_1_126' title='bbox 923 1980 1129 2052; x_wconf 87' lang='lat' dir='ltr'>vobis</span> <span class='ocrx_word' id='word_1_127' title='bbox 1168 1979 1255 2053; x_wconf 85' lang='lat' dir='ltr'>fit</span> <span class='ocrx_word' id='word_1_128' title='bbox 1292 1981 1594 2078; x_wconf 88' lang='lat' dir='ltr'>injuria,</span> <span class='ocrx_word' id='word_1_129' title='bbox 1627 1983 1687 2052; x_wconf 89' lang='lat' dir='ltr'>si</span> <span class='ocrx_word' id='word_1_130' title='bbox 1723 1983 2102 2054; x_wconf 76' lang='lat' dir='ltr'>statuimus</span> <span class='ocrx_word' id='word_1_131' title='bbox 2125 2038 2146 2071; x_wconf 92' lang='lat'>,</span> <span class='ocrx_word' id='word_1_132' title='bbox 2187 2007 2311 2054; x_wconf 87' lang='lat' dir='ltr'>ve-</span> 
     </span>
     <span class='ocr_line' id='line_1_17' title="bbox 172 2088 1880 2185; baseline -0.002 -22"><span class='ocrx_word' id='word_1_133' title='bbox 172 2107 335 2164; x_wconf 87' lang='lat' dir='ltr'>stro</span> <span class='ocrx_word' id='word_1_134' title='bbox 371 2089 586 2162; x_wconf 88' lang='lat' dir='ltr'>nobis</span> <span class='ocrx_word' id='word_1_135' title='bbox 620 2088 899 2185; x_wconf 87' lang='lat' dir='ltr'>judicio</span> <span class='ocrx_word' id='word_1_136' title='bbox 934 2090 1275 2162; x_wconf 88' lang='lat' dir='ltr'>standum</span> <span class='ocrx_word' id='word_1_137' title='bbox 1313 2113 1464 2162; x_wconf 88' lang='lat' dir='ltr'>esse</span> <span class='ocrx_word' id='word_1_138' title='bbox 1496 2088 1586 2162; x_wconf 91' lang='lat' dir='ltr'>de</span> <span class='ocrx_word' id='word_1_139' title='bbox 1623 2089 1880 2162; x_wconf 81' lang='lat' dir='ltr'>vobis?</span> 
     </span>
    </p>

    <p class='ocr_par' dir='ltr' id='par_1_4' title="bbox 172 2198 2316 2826">
     <span class='ocr_line' id='line_1_18' title="bbox 268 2198 2316 2300; baseline 0 -27"><span class='ocrx_word' id='word_1_140' title='bbox 268 2198 635 2299; x_wconf 86' lang='lat' dir='ltr'>Equidem</span> <span class='ocrx_word' id='word_1_141' title='bbox 668 2199 845 2271; x_wconf 85' lang='lat' dir='ltr'>mihi</span> <span class='ocrx_word' id='word_1_142' title='bbox 874 2203 1023 2297; x_wconf 89' lang='lat' dir='ltr'>jam</span> <span class='ocrx_word' id='word_1_143' title='bbox 1061 2200 1229 2277; x_wconf 86' lang='lat' dir='ltr'>satis</span> <span class='ocrx_word' id='word_1_144' title='bbox 1256 2224 1620 2300; x_wconf 83' lang='lat' dir='ltr'>superque</span> <span class='ocrx_word' id='word_1_145' title='bbox 1651 2201 1912 2274; x_wconf 86' lang='lat' dir='ltr'>dixisse</span> <span class='ocrx_word' id='word_1_146' title='bbox 1947 2201 2194 2275; x_wconf 86' lang='lat' dir='ltr'>videor</span> <span class='ocrx_word' id='word_1_147' title='bbox 2224 2200 2316 2273; x_wconf 88' lang='lat' dir='ltr'>de</span> 
     </span>
     <span class='ocr_line' id='line_1_19' title="bbox 172 2311 2315 2409; baseline 0 -26"><span class='ocrx_word' id='word_1_148' title='bbox 172 2314 497 2385; x_wconf 84' lang='lat' dir='ltr'>Asiatico</span> <span class='ocrx_word' id='word_1_149' title='bbox 532 2335 796 2409; x_wconf 83' lang='lat' dir='ltr'>genere</span> <span class='ocrx_word' id='word_1_150' title='bbox 837 2313 1171 2385; x_wconf 85' lang='lat' dir='ltr'>testium:</span> <span class='ocrx_word' id='word_1_151' title='bbox 1208 2311 1336 2385; x_wconf 85' lang='lat' dir='ltr'>sed</span> <span class='ocrx_word' id='word_1_152' title='bbox 1380 2326 1620 2383; x_wconf 88' lang='lat' dir='ltr'>tamen</span> <span class='ocrx_word' id='word_1_153' title='bbox 1651 2326 1977 2383; x_wconf 84' lang='lat' dir='ltr'>vestrum</span> <span class='ocrx_word' id='word_1_154' title='bbox 2011 2327 2159 2402; x_wconf 87' lang='lat' dir='ltr'>est,</span> <span class='ocrx_word' id='word_1_155' title='bbox 2197 2313 2315 2407; x_wconf 87' lang='lat' dir='ltr'>ju-</span> 
     </span>
     <span class='ocr_line' id='line_1_20' title="bbox 174 2419 2316 2521; baseline 0.001 -28"><span class='ocrx_word' id='word_1_156' title='bbox 174 2421 377 2493; x_wconf 84' lang='lat' dir='ltr'>dices</span> <span class='ocrx_word' id='word_1_157' title='bbox 396 2474 423 2509; x_wconf 89' lang='lat'>,</span> <span class='ocrx_word' id='word_1_158' title='bbox 474 2422 717 2492; x_wconf 88' lang='lat' dir='ltr'>omnia</span> <span class='ocrx_word' id='word_1_159' title='bbox 738 2474 759 2510; x_wconf 92' lang='lat'>,</span> <span class='ocrx_word' id='word_1_160' title='bbox 795 2445 959 2519; x_wconf 83' lang='lat' dir='ltr'>quoe</span> <span class='ocrx_word' id='word_1_161' title='bbox 1003 2419 1149 2493; x_wconf 90' lang='lat' dir='ltr'>dici</span> <span class='ocrx_word' id='word_1_162' title='bbox 1182 2436 1488 2521; x_wconf 88' lang='lat' dir='ltr'>possunt</span> <span class='ocrx_word' id='word_1_163' title='bbox 1535 2426 1610 2492; x_wconf 89' lang='lat' dir='ltr'>in</span> <span class='ocrx_word' id='word_1_164' title='bbox 1650 2420 2029 2493; x_wconf 88' lang='lat' dir='ltr'>hominum</span> <span class='ocrx_word' id='word_1_165' title='bbox 2065 2423 2316 2495; x_wconf 85' lang='lat' dir='ltr'>levita-</span> 
     </span>
     <span class='ocr_line' id='line_1_21' title="bbox 174 2531 2312 2631; baseline 0.001 -28"><span class='ocrx_word' id='word_1_166' title='bbox 174 2546 375 2621; x_wconf 88' lang='lat' dir='ltr'>tem,</span> <span class='ocrx_word' id='word_1_167' title='bbox 414 2534 1009 2619; x_wconf 78' lang='lat' dir='ltr'>inconstantiam,</span> <span class='ocrx_word' id='word_1_168' title='bbox 1054 2531 1564 2631; x_wconf 81' lang='lat' dir='ltr'>cupiditatem,</span> <span class='ocrx_word' id='word_1_169' title='bbox 1617 2534 1892 2604; x_wconf 89' lang='lat' dir='ltr'>etiamsi</span> <span class='ocrx_word' id='word_1_170' title='bbox 1943 2558 1984 2605; x_wconf 86' lang='lat' dir='ltr'>a</span> <span class='ocrx_word' id='word_1_171' title='bbox 2021 2558 2138 2605; x_wconf 88' lang='lat' dir='ltr'>me</span> <span class='ocrx_word' id='word_1_172' title='bbox 2183 2536 2312 2605; x_wconf 88' lang='lat' dir='ltr'>mi·</span> 
     </span>
     <span class='ocr_line' id='line_1_22' title="bbox 178 2639 2316 2745; baseline 0.003 -33"><span class='ocrx_word' id='word_1_173' title='bbox 178 2666 325 2715; x_wconf 91' lang='lat' dir='ltr'>nus</span> <span class='ocrx_word' id='word_1_174' title='bbox 375 2639 744 2732; x_wconf 89' lang='lat' dir='ltr'>dicuntur,</span> <span class='ocrx_word' id='word_1_175' title='bbox 791 2645 1046 2717; x_wconf 79' lang='lat' dir='ltr'>vestris</span> <span class='ocrx_word' id='word_1_176' title='bbox 1090 2643 1346 2715; x_wconf 86' lang='lat' dir='ltr'>animis</span> <span class='ocrx_word' id='word_1_177' title='bbox 1395 2657 1468 2714; x_wconf 86' lang='lat' dir='ltr'>et</span> <span class='ocrx_word' id='word_1_178' title='bbox 1517 2644 1948 2741; x_wconf 86' lang='lat' dir='ltr'>cogitatione</span> <span class='ocrx_word' id='word_1_179' title='bbox 1983 2668 2316 2745; x_wconf 80' lang='lat' dir='ltr'>compre-</span> 
     </span>
     <span class='ocr_line' id='line_1_23' title="bbox 174 2749 575 2826; baseline 0 -3"><span class='ocrx_word' id='word_1_180' title='bbox 174 2749 509 2826; x_wconf 79' lang='lat' dir='ltr'>bendere</span> <span class='ocrx_word' id='word_1_181' title='bbox 522 2763 575 2823; x_wconf 84' lang='lat'>⁹.</span> 
     </span>
    </p>

    <p class='ocr_par' dir='ltr' id='par_1_5' title="bbox 176 2863 2317 3072">
     <span class='ocr_line' id='line_1_24' title="bbox 274 2863 2317 2961; baseline 0 -26"><span class='ocrx_word' id='word_1_182' title='bbox 274 2866 610 2935; x_wconf 84' lang='lat' dir='ltr'><strong>XXVIII.</strong></span> <span class='ocrx_word' id='word_1_183' title='bbox 676 2865 1021 2961; x_wconf 88' lang='lat' dir='ltr'>Sequitur</span> <span class='ocrx_word' id='word_1_184' title='bbox 1078 2865 1235 2937; x_wconf 89' lang='lat' dir='ltr'>auri</span> <span class='ocrx_word' id='word_1_185' title='bbox 1284 2864 1406 2935; x_wconf 83' lang='lat' dir='ltr'>illa</span> <span class='ocrx_word' id='word_1_186' title='bbox 1455 2863 1727 2935; x_wconf 85' lang='lat' dir='ltr'>invidia·</span> <span class='ocrx_word' id='word_1_187' title='bbox 1768 2863 2110 2936; x_wconf 64' lang='lat' dir='ltr'>Judaicv.</span> <span class='ocrx_word' id='word_1_188' title='bbox 2165 2870 2317 2936; x_wconf 91' lang='lat' dir='ltr'>Hoc</span> 
     </span>
     <span class='ocr_line' id='line_1_25' title="bbox 176 2972 2317 3072; baseline 0 -27"><span class='ocrx_word' id='word_1_189' title='bbox 176 2974 533 3045; x_wconf 86' lang='lat' dir='ltr'>nimirum</span> <span class='ocrx_word' id='word_1_190' title='bbox 568 2986 677 3045; x_wconf 88' lang='lat' dir='ltr'>est</span> <span class='ocrx_word' id='word_1_191' title='bbox 702 2972 918 3063; x_wconf 90' lang='lat' dir='ltr'>illud,</span> <span class='ocrx_word' id='word_1_192' title='bbox 952 2974 1150 3072; x_wconf 91' lang='lat' dir='ltr'>quod</span> <span class='ocrx_word' id='word_1_193' title='bbox 1191 3000 1342 3047; x_wconf 91' lang='lat' dir='ltr'>non</span> <span class='ocrx_word' id='word_1_194' title='bbox 1380 2974 1593 3072; x_wconf 85' lang='lat' dir='ltr'>longe</span> <span class='ocrx_word' id='word_1_195' title='bbox 1635 3000 1678 3047; x_wconf 92' lang='lat' dir='ltr'>a</span> <span class='ocrx_word' id='word_1_196' title='bbox 1711 2973 2050 3071; x_wconf 86' lang='lat' dir='ltr'>gradibus</span> <span class='ocrx_word' id='word_1_197' title='bbox 2089 2980 2317 3046; x_wconf 82' lang='lat' dir='ltr'>Aure-</span> 
     </span>
    </p>
   </div>
   <div class='ocr_carea' id='block_1_3' title="bbox 180 3190 2336 4133">
    <p class='ocr_par' dir='ltr' id='par_1_6' title="bbox 180 3190 2336 4133">
     <span class='ocr_line' id='line_1_26' title="bbox 252 3190 2323 3260; baseline -0.002 -15"><span class='ocrx_word' id='word_1_198' title='bbox 252 3196 305 3245; x_wconf 81' lang='lat'>5.</span> <span class='ocrx_word' id='word_1_199' title='bbox 333 3193 639 3242; x_wconf 74' lang='lat' dir='ltr'>Describaeis</span> <span class='ocrx_word' id='word_1_200' title='bbox 664 3194 852 3243; x_wconf 76' lang='lat' dir='ltr'>Asiam.</span> <span class='ocrx_word' id='word_1_201' title='bbox 880 3194 1052 3243; x_wconf 72' lang='lat' dir='ltr'>Varias</span> <span class='ocrx_word' id='word_1_202' title='bbox 1084 3191 1215 3242; x_wconf 65' lang='lat' dir='ltr'>Asin</span> <span class='ocrx_word' id='word_1_203' title='bbox 1305 3210 1392 3243; x_wconf 76' lang='lat' dir='ltr'>nes</span> <span class='ocrx_word' id='word_1_204' title='bbox 1411 3203 1637 3260; x_wconf 70' lang='lat' dir='ltr'>ponunt.</span> <span class='ocrx_word' id='word_1_205' title='bbox 1665 3190 1821 3239; x_wconf 76' lang='lat' dir='ltr'>Multa</span> <span class='ocrx_word' id='word_1_206' title='bbox 1849 3194 1920 3240; x_wconf 64' lang='lat' dir='ltr'>ufic</span> <span class='ocrx_word' id='word_1_207' title='bbox 1937 3202 2040 3239; x_wconf 74' lang='lat' dir='ltr'>arte</span> <span class='ocrx_word' id='word_1_208' title='bbox 2059 3190 2323 3257; x_wconf 73' lang='lat' dir='ltr'>digressum</span> 
     </span>
     <span class='ocr_line' id='line_1_27' title="bbox 180 3270 2326 3340; baseline 0 -18"><span class='ocrx_word' id='word_1_209' title='bbox 180 3276 413 3340; x_wconf 75' lang='lat' dir='ltr'>regiones</span> <span class='ocrx_word' id='word_1_210' title='bbox 432 3271 687 3337; x_wconf 72' lang='lat' dir='ltr'>adspicite.</span> <span class='ocrx_word' id='word_1_211' title='bbox 1306 3272 1562 3322; x_wconf 83' lang='lat' dir='ltr'>concludit</span> <span class='ocrx_word' id='word_1_212' title='bbox 1585 3272 1757 3321; x_wconf 83' lang='lat' dir='ltr'>Cicero</span> <span class='ocrx_word' id='word_1_213' title='bbox 1785 3270 1838 3317; x_wconf 84' lang='lat' dir='ltr'>iu</span> <span class='ocrx_word' id='word_1_214' title='bbox 1870 3271 2110 3320; x_wconf 69' lang='lat' dir='ltr'>Asiaticos</span> <span class='ocrx_word' id='word_1_215' title='bbox 2147 3284 2292 3322; x_wconf 77' lang='lat' dir='ltr'>testes</span> <span class='ocrx_word' id='word_1_216' title='bbox 2311 3309 2326 3334; x_wconf 87' lang='lat'>,</span> 
     </span>
     <span class='ocr_line' id='line_1_28' title="bbox 250 3350 2326 3417; baseline -0.001 -14"><span class='ocrx_word' id='word_1_217' title='bbox 250 3354 306 3404; x_wconf 79' lang='lat'>6.</span> <span class='ocrx_word' id='word_1_218' title='bbox 350 3352 485 3414; x_wconf 81' lang='lat' dir='ltr'>Qm&#39;d</span> <span class='ocrx_word' id='word_1_219' title='bbox 518 3351 581 3400; x_wconf 75' lang='lat' dir='ltr'>de</span> <span class='ocrx_word' id='word_1_220' title='bbox 616 3362 724 3399; x_wconf 77' lang='lat' dir='ltr'>eota</span> <span class='ocrx_word' id='word_1_221' title='bbox 763 3352 957 3401; x_wconf 68' lang='lat' dir='ltr'>Caria?</span> <span class='ocrx_word' id='word_1_222' title='bbox 1012 3366 1180 3399; x_wconf 78' lang='lat' dir='ltr'>nonne</span> <span class='ocrx_word' id='word_1_223' title='bbox 1199 3385 1214 3410; x_wconf 92' lang='lat'>,</span> <span class='ocrx_word' id='word_1_224' title='bbox 1306 3368 1408 3417; x_wconf 85' lang='lat' dir='ltr'>quo</span> <span class='ocrx_word' id='word_1_225' title='bbox 1440 3350 1628 3399; x_wconf 72' lang='lat' dir='ltr'>facilius</span> <span class='ocrx_word' id='word_1_226' title='bbox 1663 3364 1819 3398; x_wconf 71' lang='lat' dir='ltr'>causa</span> <span class='ocrx_word' id='word_1_227' title='bbox 1855 3365 1954 3399; x_wconf 67' lang='grc' dir='ltr'>ωε</span> <span class='ocrx_word' id='word_1_228' title='bbox 1988 3350 2084 3399; x_wconf 81' lang='lat' dir='ltr'>hoe</span> <span class='ocrx_word' id='word_1_229' title='bbox 2119 3352 2171 3401; x_wconf 86' lang='lat' dir='ltr'>in</span> <span class='ocrx_word' id='word_1_230' title='bbox 2211 3352 2326 3401; x_wconf 83' lang='lat' dir='ltr'>loco</span> 
     </span>
     <span class='ocr_line' id='line_1_29' title="bbox 182 3428 1879 3494; baseline -0.003 -12"><span class='ocrx_word' id='word_1_231' title='bbox 182 3442 283 3483; x_wconf 80' lang='lat' dir='ltr'>ete.</span> <span class='ocrx_word' id='word_1_232' title='bbox 312 3430 489 3480; x_wconf 71' lang='lat' dir='ltr'>Manet</span> <span class='ocrx_word' id='word_1_233' title='bbox 526 3428 723 3479; x_wconf 76' lang='lat' dir='ltr'>Sehiitz.</span> <span class='ocrx_word' id='word_1_234' title='bbox 763 3450 790 3473; x_wconf 76' lang='grc' dir='ltr'>ι</span> <span class='ocrx_word' id='word_1_235' title='bbox 806 3428 967 3494; x_wconf 79' lang='lat' dir='ltr'>quid?</span> <span class='ocrx_word' id='word_1_236' title='bbox 994 3430 1055 3479; x_wconf 85' lang='lat' dir='ltr'>de</span> <span class='ocrx_word' id='word_1_237' title='bbox 1077 3430 1217 3480; x_wconf 73' lang='lat' dir='ltr'>Caria</span> <span class='ocrx_word' id='word_1_238' title='bbox 1303 3428 1630 3479; x_wconf 70' lang='lat' dir='ltr'>infimitatem</span> <span class='ocrx_word' id='word_1_239' title='bbox 1650 3428 1879 3478; x_wconf 80' lang='lat' dir='ltr'>occultet.</span> 
     </span>
     <span class='ocr_line' id='line_1_30' title="bbox 180 3506 2328 3562; baseline 0.002 -10"><span class='ocrx_word' id='word_1_240' title='bbox 180 3526 359 3562; x_wconf 66' lang='lat' dir='ltr'>mne</span> <span class='ocrx_word' id='word_1_241' title='bbox 376 3532 420 3559; x_wconf 68' lang='grc' dir='ltr'>ι..</span> <span class='ocrx_word' id='word_1_242' title='bbox 1376 3510 1618 3557; x_wconf 80' lang='lat' dir='ltr'>xxvm.</span> <span class='ocrx_word' id='word_1_243' title='bbox 1649 3524 1690 3555; x_wconf 85' lang='grc' dir='ltr'>ι.</span> <span class='ocrx_word' id='word_1_244' title='bbox 1716 3506 1936 3555; x_wconf 70' lang='lat' dir='ltr'>Iudaici.</span> <span class='ocrx_word' id='word_1_245' title='bbox 1960 3506 2192 3557; x_wconf 79' lang='lat' dir='ltr'>Solebam:</span> <span class='ocrx_word' id='word_1_246' title='bbox 2210 3508 2328 3557; x_wconf 77' lang='lat' dir='ltr'>olitn</span> 
     </span>
     <span class='ocr_line' id='line_1_31' title="bbox 256 3586 2332 3654; baseline -0.001 -14"><span class='ocrx_word' id='word_1_247' title='bbox 256 3608 311 3654; x_wconf 77' lang='lat'>7.</span> <span class='ocrx_word' id='word_1_248' title='bbox 344 3592 407 3637; x_wconf 76' lang='lat' dir='ltr'>In</span> <span class='ocrx_word' id='word_1_249' title='bbox 441 3588 581 3638; x_wconf 77' lang='lat' dir='ltr'>Care.</span> <span class='ocrx_word' id='word_1_250' title='bbox 620 3588 935 3638; x_wconf 66' lang='lat' dir='ltr'>Proui-bium</span> <span class='ocrx_word' id='word_1_251' title='bbox 981 3600 1117 3639; x_wconf 73' lang='lat' dir='ltr'>ent:</span> <span class='ocrx_word' id='word_1_252' title='bbox 1168 3589 1215 3640; x_wconf 69' lang='lat' dir='ltr'>lv</span> <span class='ocrx_word' id='word_1_253' title='bbox 1306 3588 1468 3640; x_wconf 67' lang='lat' dir='ltr'>ludaei</span> <span class='ocrx_word' id='word_1_254' title='bbox 1488 3588 1752 3653; x_wconf 73' lang='lat' dir='ltr'>quotannis</span> <span class='ocrx_word' id='word_1_255' title='bbox 1777 3590 1948 3635; x_wconf 70' lang='lat' dir='ltr'>aarum</span> <span class='ocrx_word' id='word_1_256' title='bbox 1971 3586 2200 3635; x_wconf 78' lang='lat' dir='ltr'>collatum</span> <span class='ocrx_word' id='word_1_257' title='bbox 2221 3588 2332 3637; x_wconf 83' lang='lat' dir='ltr'>Hie-</span> 
     </span>
     <span class='ocr_line' id='line_1_32' title="bbox 180 3662 2328 3743; baseline -0.004 -20"><span class='ocrx_word' id='word_1_258' title='bbox 180 3669 323 3743; x_wconf 70' lang='grc' dir='ltr'>Καρὶ</span> <span class='ocrx_word' id='word_1_259' title='bbox 355 3662 593 3728; x_wconf 69' lang='grc' dir='ltr'><strong>κίνδυνος.</strong></span> <span class='ocrx_word' id='word_1_260' title='bbox 1307 3667 1553 3731; x_wconf 74' lang='lat' dir='ltr'>rosolymn</span> <span class='ocrx_word' id='word_1_261' title='bbox 1575 3665 1768 3713; x_wconf 80' lang='lat' dir='ltr'>mittere</span> <span class='ocrx_word' id='word_1_262' title='bbox 1785 3697 1802 3723; x_wconf 86' lang='lat'>,</span> <span class='ocrx_word' id='word_1_263' title='bbox 1839 3664 1970 3712; x_wconf 83' lang='lat' dir='ltr'>unde</span> <span class='ocrx_word' id='word_1_264' title='bbox 1987 3664 2224 3731; x_wconf 83' lang='lat' dir='ltr'>templum</span> <span class='ocrx_word' id='word_1_265' title='bbox 2251 3666 2328 3715; x_wconf 86' lang='lat' dir='ltr'>iu-</span> 
     </span>
     <span class='ocr_line' id='line_1_33' title="bbox 254 3743 2331 3811; baseline -0.002 -12"><span class='ocrx_word' id='word_1_266' title='bbox 254 3753 316 3799; x_wconf 76' lang='lat'>8.</span> <span class='ocrx_word' id='word_1_267' title='bbox 332 3748 613 3797; x_wconf 73' lang='lat' dir='ltr'>Pritnmm</span> <span class='ocrx_word' id='word_1_268' title='bbox 630 3747 867 3811; x_wconf 69' lang='lat' dir='ltr'>partium.</span> <span class='ocrx_word' id='word_1_269' title='bbox 897 3748 995 3811; x_wconf 83' lang='lat' dir='ltr'>Qui</span> <span class='ocrx_word' id='word_1_270' title='bbox 1016 3748 1221 3795; x_wconf 74' lang='lat' dir='ltr'>actionis</span> <span class='ocrx_word' id='word_1_271' title='bbox 1309 3756 1591 3795; x_wconf 81' lang='lat' dir='ltr'>strueretur.</span> <span class='ocrx_word' id='word_1_272' title='bbox 1641 3743 1842 3791; x_wconf 73' lang='lat' dir='ltr'>Flaccus</span> <span class='ocrx_word' id='word_1_273' title='bbox 1890 3752 2050 3791; x_wconf 73' lang='lat' dir='ltr'>autem</span> <span class='ocrx_word' id='word_1_274' title='bbox 2103 3744 2228 3793; x_wconf 84' lang='lat' dir='ltr'>illud</span> <span class='ocrx_word' id='word_1_275' title='bbox 2277 3748 2331 3795; x_wconf 85' lang='lat' dir='ltr'>in</span> 
     </span>
     <span class='ocr_line' id='line_1_34' title="bbox 181 3822 2333 3895; baseline -0.002 -16"><span class='ocrx_word' id='word_1_276' title='bbox 181 3828 499 3895; x_wconf 59' lang='lat' dir='ltr'>precipuum</span> <span class='ocrx_word' id='word_1_277' title='bbox 527 3842 655 3877; x_wconf 69' lang='lat' dir='ltr'>ouu-</span> <span class='ocrx_word' id='word_1_278' title='bbox 678 3829 942 3888; x_wconf 71' lang='lat' dir='ltr'>sustineat,</span> <span class='ocrx_word' id='word_1_279' title='bbox 969 3828 1055 3893; x_wconf 86' lang='lat' dir='ltr'>qui</span> <span class='ocrx_word' id='word_1_280' title='bbox 1077 3827 1221 3892; x_wconf 71' lang='lat' dir='ltr'>plura</span> <span class='ocrx_word' id='word_1_281' title='bbox 1309 3826 1528 3875; x_wconf 61' lang='lat' dir='ltr'>ararium</span> <span class='ocrx_word' id='word_1_282' title='bbox 1547 3822 1802 3887; x_wconf 77' lang='lat' dir='ltr'>publicum</span> <span class='ocrx_word' id='word_1_283' title='bbox 1820 3822 2046 3871; x_wconf 82' lang='lat' dir='ltr'>retulerat</span> <span class='ocrx_word' id='word_1_284' title='bbox 2062 3858 2076 3883; x_wconf 89' lang='lat'>,</span> <span class='ocrx_word' id='word_1_285' title='bbox 2101 3824 2234 3873; x_wconf 85' lang='lat' dir='ltr'>uude</span> <span class='ocrx_word' id='word_1_286' title='bbox 2255 3842 2333 3875; x_wconf 81' lang='lat' dir='ltr'>re·</span> 
     </span>
     <span class='ocr_line' id='line_1_35' title="bbox 182 3902 2333 3971; baseline -0.001 -14"><span class='ocrx_word' id='word_1_287' title='bbox 182 3908 324 3957; x_wconf 71' lang='lat' dir='ltr'>dieat</span> <span class='ocrx_word' id='word_1_288' title='bbox 358 3918 407 3955; x_wconf 79' lang='lat' dir='ltr'>et</span> <span class='ocrx_word' id='word_1_289' title='bbox 434 3916 561 3971; x_wconf 70' lang='lat' dir='ltr'>agat.</span> <span class='ocrx_word' id='word_1_290' title='bbox 670 3939 679 3949; x_wconf 88' lang='lat'>.</span> <span class='ocrx_word' id='word_1_291' title='bbox 1309 3904 1548 3969; x_wconf 73' lang='lat' dir='ltr'>ligiouum</span> <span class='ocrx_word' id='word_1_292' title='bbox 1585 3911 1902 3965; x_wconf 81' lang='lat' dir='ltr'>contemptor</span> <span class='ocrx_word' id='word_1_293' title='bbox 1933 3917 1961 3949; x_wconf 76' lang='lat' dir='ltr'>a</span> <span class='ocrx_word' id='word_1_294' title='bbox 1999 3902 2216 3966; x_wconf 55' lang='lat' dir='ltr'>sudek,</span> <span class='ocrx_word' id='word_1_295' title='bbox 2246 3907 2333 3971; x_wconf 84' lang='lat' dir='ltr'>qui</span> 
     </span>
     <span class='ocr_line' id='line_1_36' title="bbox 256 3982 2336 4053; baseline -0.002 -15"><span class='ocrx_word' id='word_1_296' title='bbox 256 4004 318 4053; x_wconf 79' lang='lat'>9.</span> <span class='ocrx_word' id='word_1_297' title='bbox 338 3984 775 4051; x_wconf 71' lang='lat' dir='ltr'>Comprehendere.</span> <span class='ocrx_word' id='word_1_298' title='bbox 796 3989 895 4035; x_wconf 75' lang='lat' dir='ltr'>Ista</span> <span class='ocrx_word' id='word_1_299' title='bbox 921 3985 1088 4034; x_wconf 77' lang='lat' dir='ltr'>omnia</span> <span class='ocrx_word' id='word_1_300' title='bbox 1120 3985 1224 4032; x_wconf 75' lang='lat' dir='ltr'>uui-</span> <span class='ocrx_word' id='word_1_301' title='bbox 1313 3986 1486 4033; x_wconf 62' lang='lat' dir='ltr'>Roma</span> <span class='ocrx_word' id='word_1_302' title='bbox 1511 3983 1652 4031; x_wconf 81' lang='lat' dir='ltr'>multi</span> <span class='ocrx_word' id='word_1_303' title='bbox 1676 3982 1990 4032; x_wconf 76' lang='lat' dir='ltr'>versabantur</span> <span class='ocrx_word' id='word_1_304' title='bbox 2003 4016 2018 4041; x_wconf 89' lang='lat'>,</span> <span class='ocrx_word' id='word_1_305' title='bbox 2062 3996 2111 4033; x_wconf 83' lang='lat' dir='ltr'>et</span> <span class='ocrx_word' id='word_1_306' title='bbox 2147 3986 2336 4035; x_wconf 73' lang='lat' dir='ltr'>turbam</span> 
     </span>
     <span class='ocr_line' id='line_1_37' title="bbox 186 4061 2092 4133; baseline -0.002 -16"><span class='ocrx_word' id='word_1_307' title='bbox 186 4084 273 4117; x_wconf 84' lang='lat' dir='ltr'>mo</span> <span class='ocrx_word' id='word_1_308' title='bbox 300 4068 553 4133; x_wconf 70' lang='lat' dir='ltr'>cogitare,</span> <span class='ocrx_word' id='word_1_309' title='bbox 576 4080 689 4131; x_wconf 75' lang='lat' dir='ltr'>quae</span> <span class='ocrx_word' id='word_1_310' title='bbox 714 4064 811 4115; x_wconf 80' lang='lat' dir='ltr'>dici</span> <span class='ocrx_word' id='word_1_311' title='bbox 838 4066 893 4113; x_wconf 85' lang='lat' dir='ltr'>in</span> <span class='ocrx_word' id='word_1_312' title='bbox 918 4064 1037 4115; x_wconf 70' lang='lat' dir='ltr'>tales</span> <span class='ocrx_word' id='word_1_313' title='bbox 1066 4061 1228 4115; x_wconf 76' lang='lat' dir='ltr'>honi-</span> <span class='ocrx_word' id='word_1_314' title='bbox 1318 4063 1712 4123; x_wconf 71' lang='lat' dir='ltr'>concitaverant,</span> <span class='ocrx_word' id='word_1_315' title='bbox 1738 4062 2092 4129; x_wconf 72' lang='lat' dir='ltr'>appellabatur.</span> 
     </span>
    </p>
   </div>
  </div>
 </body>
</html>
