2594 4537
267 282 407 357 516
915 276 1010 342 M.
1063 274 1140 339 T.
1196 267 1743 340 CICERONIS

265 424 702 505 quamquam
723 454 742 487 ,
772 420 917 495 qua
941 392 1235 476 nolui9‚
1266 391 1489 486 janua
1524 412 1687 462 sum
1722 388 2088 483 ingressus
2122 384 2203 453 in
2230 404 2405 453 cau·

267 514 414 593 sam
440 572 458 606 ‚
499 533 786 611 sperare
831 505 1079 576 videor
1100 556 1118 589 ‚
1167 515 1451 571 tantum
1490 497 1897 571 abfuturam
1946 516 2101 565 esse
2133 482 2402 562 ‹iratio-

267 656 437 703 nem
463 646 697 697 meam
719 644 760 690 a
786 616 1084 686 minima
1122 609 1532 708 suspicione
1572 604 1999 699 offensionis
2018 617 2159 673 tuae
2175 654 2195 685 ‚
2226 614 2303 671 te
2320 614 2403 669 ut

267 741 508 840 potius
541 730 921 827 objurgem
938 778 957 811 ‚
987 719 1187 820 quod
1215 722 1549 818 iniquum
1576 720 1653 789 in
1678 717 2061 789 discrimen
2082 710 2401 783 adducas

265 851 687 949 dignitatem
725 853 924 908 tuam
947 887 968 921 ‚
1015 856 1236 929 quam
1279 844 1364 900 ut
1396 852 1531 926 ego
1570 850 1728 900 eam
1774 825 1922 897 ulla
1958 820 2400 897 contumelia

263 982 487 1035 coner
512 953 888 1048 attingere.
2124 947 2129 961 ·

359 1075 480 1144 IV.
524 1072 635 1138 Tu
691 1056 1210 1135 continentiam
1236 1107 1255 1141 ‚
1300 1066 1380 1123 tu
1428 1049 1858 1123 industriam
1884 1103 1903 1137 ‚
1944 1063 2026 1120 tu
2068 1046 2400 1118 animum

263 1188 340 1256 in
396 1172 953 1276 rempublicam,
1013 1179 1098 1236 tu
1149 1164 1489 1234 virtutem
1513 1218 1533 1252 ,
1584 1176 1669 1234 tu
1724 1159 2220 1232 innocentiam
2254 1209 2273 1244 ,
2319 1170 2400 1225 tu

261 1293 480 1365 fidem
502 1345 522 1378 ‚
549 1302 630 1359 tu
649 1282 934 1355 labores
967 1290 1134 1347 tuos
1150 1328 1170 1361 ‚
1197 1272 1401 1371 quod
1420 1271 1643 1345 aedilis
1658 1296 1809 1344 non
1836 1272 1931 1343 sis
1952 1265 2187 1339 factus
2209 1320 2230 1354 ‚
2265 1263 2401 1336 fra·

263 1420 416 1479 ctos
450 1423 603 1473 esse
624 1450 645 1484 ,
681 1409 752 1466 et
783 1390 1140 1486 abjectOS‚
1177 1398 1250 1453 et
1284 1382 1703 1482 repudiatos
1737 1379 1991 1484 putas?
2016 1376 2205 1449 Vide
2237 1391 2397 1447 tan-

261 1516 424 1587 dem
447 1564 467 1600 ‚
485 1502 886 1579 Laterensis
904 1552 923 1583 ‚
943 1508 1296 1594 quantum
1328 1516 1369 1563 a
1385 1507 1459 1563 te
1478 1492 1888 1565 dissentiam
1908 1498 1959 1561 ¹.
1986 1491 2091 1577 Si,
2116 1485 2399 1559 medius

258 1623 475 1696 fidius
495 1675 514 1708 ,
549 1617 798 1689 decem
833 1607 967 1681 soli
1005 1618 1245 1675 essent
1274 1607 1353 1673 in
1380 1605 1661 1674 civitate
1699 1603 1833 1674 viri
1867 1601 2047 1674 boni
2070 1653 2090 1688 ,
2122 1598 2401 1696 sapien·

258 1753 403 1823 tes,
434 1728 609 1826 justi
634 1781 655 1814 ‚
709 1742 958 1820 graves
985 1770 1004 1799 ‚
1049 1714 1178 1811 qui
1218 1726 1293 1783 te
1337 1709 1715 1809 indignum
1746 1710 2079 1783 aedilitate
2116 1708 2397 1806 judica-

257 1847 590 1926 vissent²‚
617 1834 902 1932 gravius
936 1827 1025 1898 de
1057 1838 1132 1895 te
1161 1820 1563 1919 judicatum
1600 1836 1969 1920 putarem,
2017 1842 2248 1916 quam.
2290 1831 2399 1889 est

257 1956 441 2040 hoc,
493 1943 693 2048 quod
750 1957 830 2014 tu
893 1936 1191 2021 metuis,
1247 1957 1343 2004 ne
1386 1957 1429 2003 a
1478 1932 1754 2031 populo
1797 1929 2203 2028 judicatum
2247 1951 2397 1998 esse

255 2063 586 2136 videatur
601 2052 654 2126 3.
672 2058 837 2127 Non
857 2050 1054 2121 enim
1082 2042 1390 2115 comitiis
1409 2042 1684 2137 judicat
1708 2066 1993 2140 semper
2010 2035 2392 2139 populus⁴‚

260 2172 387 2247 sed
425 2180 760 2242 movetur
793 2159 1228 2259 plerumque
1282 2156 1541 2250 gratia3
1584 2153 1777 2224 cedit
1800 2150 2183 2250 precibus3
2228 2146 2397 2220 facit

259 2307 384 2357 eos
409 2279 475 2368 ⁵,
517 2303 558 2350 a
590 2272 858 2375 quibus
891 2283 1001 2341 est
1032 2262 1340 2337 maxime
1392 2260 1723 2335 ambitus,
1765 2263 2107 2360 Denique
2127 2317 2149 2350 ‚
2188 2262 2253 2331 si
2282 2260 2396 2357 ju-

261 2387 539 2474 dicat⁶‚
583 2410 733 2456 non
772 2380 1056 2452 delectu
1091 2375 1339 2472 aliquo
1361 2427 1381 2462 ,
1422 2387 1549 2444 aut
1584 2375 1933 2472 sapientia
1977 2372 2273 2444 ducitur
2306 2369 2395 2441 ad

333 2609 384 2656 9.
397 2593 512 2655 Qua
531 2583 820 2646 nolui.Quin
841 2579 902 2628 de
923 2589 1004 2628 tua
1025 2589 1075 2626 et
1097 2575 1282 2624 Phneii

266 2671 500 2738 dignitate
535 2665 676 2728 loqui
709 2659 830 2709 mihi
875 2658 1110 2722 contigit,
1145 2654 1283 2720 quod

263 2749 509 2802 nolebam.
557 2771 626 2781 —
678 2744 794 2789 Sum
846 2737 1099 2805 ingressus.
1153 2736 1252 2784 Alii
1268 2771 1283 2795 ‚

259 2832 354 2882 u'm
371 2828 630 2894 ingressus.

335 2910 426 2956 IV.
469 2921 513 2954 t.
557 2905 808 2968 Quantum
838 2914 873 2946 a
913 2909 961 2946 te
987 2895 1284 2945 absentiam.

264 2987 462 3038 Lallem.
500 2992 616 3048 post
647 2977 894 3028 Graevium
920 2975 1056 3024 addit
1097 2991 1188 3041 ego
1224 2989 1287 3022 ex

263 3063 532 3118 Erfnrtemi
551 3098 567 3125 ,
605 3062 656 3108 in
684 3076 743 3108 eo
771 3057 879 3106 solo
914 3067 1160 3120 repertum
1195 3053 1289 3101 suit

267 3164 386 3214 οδω·
424 3159 558 3193 nunc
593 3141 737 3190 etiam
761 3139 817 3186 in
837 3136 1073 3185 Bavarico
1094 3169 1110 3194 ‚
1139 3135 1288 3198 idque

265 3228 478 3296 probant
499 3221 699 3272 Schiitz.
725 3217 882 3267 Wolf.

346 3323 398 3356 π.
454 3299 820 3351 Iudicavi-uene.
886 3298 919 3346 J
921 3297 1091 3345 antina
1141 3291 1288 3342 habet

257 3384 583 3454 judicassent.

345 3469 397 3515 3.
439 3459 590 3528 Quod
623 3469 675 3508 eu
710 3456 909 3513 metuis,
941 3470 1004 3502 no
1039 3471 1074 3502 a
1098 3453 1287 3520 populo

261 3543 544 3616 judicatum
570 3554 672 3588 esse
695 3535 940 3586 addentur.
977 3536 1057 3583 Tu
1079 3533 1258 3582 metuis
1271 3564 1290 3592 ,

271 3644 361 3684 ne,
389 3622 503 3690 quia
537 3617 694 3668 edilia
726 3630 828 3667 non
854 3625 1046 3662 creatus
1069 3629 1143 3672 ω,
1175 3611 1291 3660 ideo

271 3705 502 3769 indignus
535 3717 564 3748 ι
589 3695 781 3763 populo
810 3693 1057 3754 judicatus
1093 3709 1196 3741 esse
1219 3693 1291 3738 vi·

273 3785 463 3832 deeris:
496 3795 588 3843 ego
618 3784 787 3824 eontra
801 3809 820 3836 ‚
845 3771 888 3820 si
922 3781 973 3820 te
997 3771 1166 3820 docem
1198 3769 1294 3818 noli

275 3863 367 3913 viri
385 3861 528 3918 boni,
548 3857 805 3920 sapientes,
827 3852 968 3913 iusti,
1001 3865 1194 3915 graves,
1211 3850 1290 3897 in-

274 3943 477 4006 dignum
503 3935 732 3984 aedilitate
746 3929 1043 3992 judicassent
1059 3963 1076 3991 ‚
1101 3930 1294 3993 gravius
1310 3951 1321 3966 κ

181 4061 189 4069 .
271 4021 334 4070 de
362 4029 409 4067 to
421 4014 694 4080 judicatum
718 4020 937 4075 putarem
957 4041 973 4070 ,
1001 4023 1144 4073 qnam
1158 4008 1293 4072 quod

1371 2587 1444 2626 est
1476 2592 1503 2624 a
1531 2576 1722 2642 populo
1752 2575 2053 2640 iudicatmm
2078 2573 2239 2638 pluris
2266 2573 2395 2622 enim

1370 2657 1504 2721 apud
1520 2673 1597 2705 me
1620 2667 1743 2706 essct
1766 2657 1936 2705 decem
1958 2653 2203 2716 ejusmodi
2230 2653 2391 2702 homi-

1370 2751 1489 2783 num
1502 2735 1742 2797 judicium
1758 2769 1773 2794 ,
1795 2751 1941 2800 quam
1961 2733 2139 2799 populi
2152 2733 2367 2782 universi
2378 2767 2395 2790 ‚

1372 2815 1509 2880 quod
1531 2827 1588 2864 tu
1611 2816 1788 2864 metuis
1811 2831 1874 2864 ne
1900 2813 2119 2863 detrahat
2140 2811 2205 2861 de
2225 2811 2396 2860 existi-

1372 2897 1589 2946 matione
1614 2907 1715 2945 tua.

1450 2986 1498 3034 4.
1545 2976 1752 3024 Iudicat
1793 2987 1984 3038 semper
2014 2971 2248 3038 popalus.
2278 2967 2397 3017 Non

1378 3071 1567 3120 semper
1586 3072 1700 3104 vere
1720 3065 1771 3104 et
1787 3052 2072 3118 simplicitet
2092 3049 2298 3112 iudicat.

1452 3135 1500 3183 5.
1522 3135 1662 3184 Facit
1682 3151 1782 3184 eos.
1800 3132 1860 3183 Id
1882 3143 1977 3192 est,
2004 3141 2137 3178 creat
2153 3129 2270 3177 illos
2292 3144 2393 3176 ma·

1378 3217 1621 3280 giuti-ntus.
1654 3215 1861 3263 Inferius
1900 3228 2007 3276 cap.
2046 3211 2111 3260 5:
2142 3231 2171 3253 α
2190 3209 2245 3257 Si
2272 3221 2396 3272 quo·

1374 3295 1677 3358 timeumque
1701 3293 1973 3358 praten-itus
1990 3289 2160 3348 eritis,
2186 3289 2276 3353 qui
2295 3303 2397 3335 non

1378 3372 1602 3421 debuerit
1634 3370 1873 3437 preteriri
1889 3404 1906 3427 ,
1962 3368 2109 3417 toties
2149 3367 2401 3433 opombit

1378 3467 1489 3501 eum
1509 3486 1524 3511 ,
1554 3451 1641 3515 qui
1676 3451 1834 3498 factus
1874 3447 1989 3506 erit,
2028 3445 2345 3495 condemnari
2356 3463 2399 3490 ι.

1378 3533 1443 3580 Et
1462 3547 1573 3596 cap.
1604 3531 1670 3578 6:
1698 3552 1723 3572 «ι
1740 3528 1825 3576 Sin
1843 3527 1941 3575 hoe
1962 3540 2179 3590 persepe
2204 3523 2399 3580 accidit,

1379 3621 1438 3660 ut
1455 3623 1507 3660 et
1531 3611 1689 3659 factos
1712 3607 1905 3672 aliquo·
1924 3615 1975 3652 et
2002 3619 2107 3652 non
2128 3603 2400 3650 factae-e

1378 3690 1657 3740 miremur..
1686 3687 1859 3736 Cicero
1874 3700 1972 3750 pro
1990 3679 2217 3743 Murena,
2230 3697 2275 3729 c.
2296 3675 2363 3729 25
2385 3694 2400 3728 τ

1382 3791 1406 3813 ι
1428 3771 1645 3835 optimus
1666 3766 1871 3832 quisque
1896 3779 2007 3812 eum
2034 3775 2139 3810 non
2154 3761 2272 3810 ficit
2290 3782 2335 3808 ο.

1452 3848 1503 3898 6.
1527 3847 1579 3896 Se·
1590 3844 1809 3913 judicat.
1834 3844 2018 3893 Erfurt.
2048 3852 2096 3889 ee
2124 3840 2171 3889 si
2188 3838 2401 3910 judic-at.

1330 3963 1345 3990 ,
1382 3930 1553 3976 Bavar.
1573 3925 1725 3974 etiam
1752 3923 1796 3972 si
1813 3922 2029 3990 judicat.
2046 3919 2204 3970 Adest
2220 3921 2273 3966 in
2293 3916 2401 3966 rdi-

1382 4008 1493 4072 quis
1509 4005 1668 4064 libris,
1692 4015 1741 4052 et
1766 4004 1817 4051 in
1845 4001 2080 4066 Eybianis
2105 3997 2367 4062 nocquin-
