2594 4537
321 266 462 364 398
953 268 1050 334 M.
1095 266 1174 332 T.
1229 265 1824 336 olcERoms

416 400 506 466 At
557 409 642 464 tu
687 394 905 463 etiam
931 445 952 478 ‚
995 405 1289 490 ereptor
1342 392 1685 476 civitatis,
1740 390 1979 486 legem
2032 389 2125 463 de
2178 393 2467 488 injuriis

319 504 629 606 publicis
653 511 710 546 ¹¹
771 502 1002 574 tulisti
1057 505 1441 599 Anagnino
1504 503 1749 572 nescio
1806 503 1925 572 cui
1966 502 2283 572 Menulae
2329 528 2463 603 per

320 617 616 715 gratiam
635 668 654 702 ,
683 614 812 709 qui
849 611 982 683 tibi
1017 608 1118 682 ob
1155 637 1315 683 eam
1352 612 1583 710 legem
1620 625 1927 682 statuam
1966 613 2043 682 in
2078 617 2261 684 meis
2292 615 2461 685 zedi-

319 727 464 796 bus
493 724 774 822 posuit3
809 736 894 793 ut
933 721 1134 793 locus
1159 723 1354 819 ipse,
1385 723 1463 792 in
1494 734 1619 792 tua
1653 734 1853 792 tanta
1881 721 2183 816 injuria,
2229 722 2461 820 legem

324 851 398 906 et
427 833 966 930 inscriptionem
1001 845 1252 902 statuae
1281 829 1679 936 refelleret:
1722 855 1881 927 quae
1926 857 2042 904 res
2078 837 2459 934 municipi-

321 943 464 1016 bus
531 943 929 1039 Anagninis
990 942 1459 1013 ornatissimis
1492 952 1550 986 ¹²
1612 941 1845 1012 multo
1902 943 2157 1037 majori
2224 943 2461 1016 dolori

321 1055 494 1140 fuit,
545 1077 768 1149 quam
813 1077 972 1150 quae
1013 1051 1211 1124 idem
1253 1050 1377 1124 ille
1419 1049 1767 1148 gladiator
1810 1049 2076 1122 scelera
2126 1056 2459 1151 Anagniae

325 1165 614 1237 fecerat.
1462 1231 1473 1242 ,

420 1279 683 1346 XXXI.
740 1271 982 1365 Quid?
1021 1273 1124 1343 si¹
1185 1297 1279 1344 ne
1320 1274 1673 1370 scriptum
1719 1271 2013 1369 quidem
2058 1285 2457 1368 umquam²

327 1401 434 1459 est
485 1387 560 1456 in
617 1387 752 1455 ista
805 1384 960 1480 ipsa
1008 1382 1419 1480 rogatione,
1473 1407 1693 1479 quam
1744 1407 1823 1453 se
1868 1381 2197 1454 Sedulius
2246 1399 2461 1480 negat

325 1499 651 1582 scivisse;
713 1509 798 1564 tu
856 1493 1112 1590 hujus,
1171 1507 1254 1564 ut
1308 1509 1465 1566 acta
1514 1496 1621 1564 tui
1668 1492 1991 1591 praeclari
2042 1491 2459 1564 tribunatus

321 1607 640 1678 hominis
695 1602 1045 1700 dignitate
1103 1601 1537 1676 cohonestes
1556 1653 1577 1692 ‚
1638 1604 2140 1674 auctoritatem
2189 1602 2459 1701 ample-

320 1717 586 1789 cteris?

417 1823 597 1910 Sed,
637 1824 920 1895 tametsi
955 1822 1134 1894 nihil
1180 1823 1270 1895 de
1311 1847 1429 1896 me
1465 1823 1723 1914 tulisti,
1768 1850 1919 1921 quo
1956 1827 2199 1894 minus
2228 1847 2459 1896 essem

323 1959 478 2006 non
521 1933 741 2005 modo
779 1935 854 2004 in
897 1936 1164 2004 civium
1213 1958 1563 2022 numero,
1602 1933 1729 2005 sed
1768 1936 1978 2006 etiam
2020 1935 2097 2004 in
2135 1959 2225 2006 eo
2262 1934 2460 2023 loco,

323 2050 402 2118 in
459 2070 610 2144 quo
668 2070 781 2116 me
839 2044 1160 2114 honores
1221 2043 1477 2141 populi
1540 2046 1821 2116 romani
1872 2044 2455 2116 collocaverunt:

323 2172 661 2228 tamenne
697 2179 866 2226 eum
901 2169 1026 2224 tua
1063 2177 1246 2224 voce
1274 2151 1611 2240 violabis»,
1646 2177 1871 2250 quem
1908 2168 2077 2252 post
2106 2152 2459 2226 nefarium

323 2268 554 2339 scelus
597 2263 982 2337 consulum
1019 2267 1515 2361 superiorum,
1555 2278 1667 2333 tot
1708 2263 1907 2335 vides
1942 2261 2232 2359 judiciis
2264 2290 2460 2336 sena-

321 2394 475 2466 tuS,
523 2375 778 2475 populi
819 2375 1137 2460 romani,
1181 2376 1405 2445 totius
1436 2373 1653 2445 Italiae
1688 2373 2201 2447 honestatum?
2240 2400 2455 2472 quem

323 2513 416 2559 ne
459 2502 618 2557 tum
659 2482 996 2580 quidem,
1027 2506 1258 2580 quum
1291 2482 1624 2572 aberam,
1671 2510 1937 2583 negare
1975 2501 2267 2583 poteras
2308 2510 2456 2557 esse

318 2613 448 2668 tua
480 2596 637 2691 lege
673 2593 1120 2663 senatorem?
1169 2590 1316 2663 Ubi
1356 2596 1553 2665 enirn
1588 2595 1853 2667 tuleras
1874 2650 1892 2686 ,
1938 2610 2023 2667 ut
2058 2595 2235 2667 mihi
2276 2620 2456 2693 aqua

321 2722 396 2779 et
429 2706 582 2803 igni
623 2702 1224 2775 interdiceretur?
1273 2704 1477 2801 quod
1531 2705 1903 2777 Gracchus
1960 2704 2053 2775 de
2098 2709 2173 2775 P.
2216 2706 2457 2803 Popil-

321 2819 421 2889 lio
443 2814 498 2906 3,
544 2815 974 2887 Saturninus
1026 2813 1118 2886 de
1161 2814 1457 2886 Metello
1506 2816 1671 2886 tulit
1712 2844 1729 2885 :
1786 2815 2119 2887 homines
2162 2815 2455 2887 seditio-

323 2928 579 3001 sissimi
609 2926 699 2997 de
731 2926 1024 3023 optimis
1056 2948 1138 2995 ac
1173 2922 1579 2997 fortissimis
1610 2924 1889 2997 civibus
1924 2950 2077 2995 non
2098 2980 2119 3013 ,
2156 2941 2241 2997 ut
2276 2939 2457 2997 esset

317 3036 784 3110 interdictum
804 3088 823 3122 ‚
859 3032 1060 3131 quod
1093 3032 1266 3106 ferri
1301 3060 1451 3106 non
1480 3048 1798 3133 poterat,
1826 3034 2185 3124 tulerunt,
2214 3036 2342 3109 sed
2378 3052 2457 3106 ut

325 3146 898 3220 interdiceretur.
955 3140 1098 3214 Ubi
1141 3145 1423 3235 cavisti,
1474 3168 1569 3216 ne
1620 3170 1784 3216 meo
1822 3168 1942 3215 me
1990 3143 2154 3217 loco
2201 3171 2458 3219 censor

397 3416 418 3447 ι
433 3416 478 3447 1.
507 3396 683 3461 Legem
708 3392 772 3441 de
803 3389 992 3458 injur-Iis
1012 3392 1242 3458 publt'cis.
1260 3394 1345 3443 Vi·
1504 3394 1699 3443 xxxl.
1733 3410 1777 3441 1.
1800 3394 1949 3457 Quod
1963 3394 2009 3442 si
2021 3412 2083 3442 ne
2099 3395 2333 3461 scriptum
2348 3396 2457 3461 qui-

317 3480 462 3527 detur
484 3474 688 3527 Clodius
713 3471 926 3536 aliquam
948 3474 1102 3536 legem
1130 3473 1190 3521 de
1213 3473 1345 3533 iuiu-
1432 3473 1544 3521 dem
1582 3488 1813 3538 umquam
1851 3485 1935 3523 est.
1971 3476 2130 3524 Etiam
2170 3492 2288 3541 pag.
2334 3480 2455 3525 ime-

318 3560 402 3607 riis
428 3554 640 3623 publicis
670 3552 858 3610 iniisse,
896 3564 955 3600 ut
990 3551 1344 3616 gratificaretur
1433 3557 1603 3617 quenti
1630 3566 1775 3617 negat
1797 3570 1993 3618 poemm
2030 3554 2455 3605 interdictionisin

319 3638 533 3694 homini,
563 3634 650 3699 qui
685 3646 838 3697 quum
877 3626 1028 3679 multa
1073 3631 1249 3680 seelera
1287 3632 1342 3679 in
1430 3632 1535 3696 ipsa
1562 3629 1816 3696 rogatione
1848 3635 2185 3699 perscriptam.

318 3716 590 3781 municipes
630 3728 744 3761 suos
787 3706 1134 3775 commisisset,
1171 3720 1339 3759 eorum
1504 3727 1551 3760 τι.
1588 3714 1847 3775 Umquam.
1886 3714 2117 3762 Gulielm·
2155 3713 2359 3777 conjicit
2384 3732 2461 3762 us-

320 3812 486 3861 gravec
518 3796 613 3842 iras
652 3790 914 3840 metuebat.
949 3790 1088 3837 Illam
1133 3789 1200 3838 ob
1237 3806 1339 3837 rem
1428 3806 1594 3855 quam.
1622 3792 1655 3839 J
1662 3794 1750 3839 .V.
1776 3794 1837 3841 L.

319 3875 554 3923 testanda
573 3874 738 3937 gratiae
762 3885 902 3918 causa
929 3869 1108 3918 Clodio
1133 3880 1345 3919 statuam
1506 3872 1555 3919 3.
1594 3870 1848 3919 Gracchus
1874 3871 1939 3919 de
1976 3874 2035 3919 P.
2070 3872 2303 3938 Popillio.
2344 3872 2455 3921 vid.

315 3964 546 4019 posuerat
571 3951 624 3998 in
651 3967 760 3999 area
789 3949 964 3997 domus
987 3950 1341 3998 Ciceronianoe.
1432 3950 1512 3997 lex
1549 3952 1833 4016 Sempronia
1872 3950 1934 3999 de
1973 3954 2083 4014 jure
2120 3952 2365 4011 civitatis,
2406 3953 2458 4001 in

395 4049 476 4080 ια.
507 4032 700 4079 Ernest.
747 4028 952 4077 incenit
998 4028 1341 4077 ornatissimis.
1432 4029 1618 4079 Indice.
1649 4030 1771 4079 Item
1792 4065 1809 4089 ‚
1842 4031 2050 4096 Apuleia
2078 4030 2139 4080 de
2164 4030 2387 4080 Metello.
