2594 4537
301 332 394 419 54
943 334 1044 401 M.
1094 332 1170 401 T.
1223 334 1788 403 CICERONIS

295 451 824 528 fensionibus¹¹
867 474 1019 523 uon
1053 452 1290 525 solum
1326 453 1569 526 verbis
1596 455 1707 523 uti
1730 452 2295 550 improbissimis
2322 476 2451 527 so-

299 567 513 639 litum
549 587 704 637 esse
755 564 1020 635 scimus
1045 616 1066 651 ‚
1115 588 1369 635 verum
1406 566 1621 635 etiam
1656 566 1919 664 pugnis
1956 578 2033 637 et
2066 565 2397 638 calcibus
2432 592 2453 651 3

299 700 521 775 quem
559 672 946 747 exturbare
965 684 1026 719 ¹²
1089 673 1423 747 homines
1448 698 1489 745 e
1516 674 2092 774 possessionibus
2114 729 2134 764 ‚
2170 676 2452 747 coedem

299 787 536 860 facere
569 789 974 857 vicinorum
993 840 1014 875 ‚
1063 786 1371 884 spoliare
1403 785 1567 858 fana
1602 788 1965 859 sociorum
1984 840 2005 874 ‚
2042 790 2113 857 vi
2176 785 2455 885 [cona-

299 898 500 997 tum]
549 912 625 973 et
686 900 900 969 armis
961 896 1369 995 disturbare
1416 896 1685 993 judicia
1706 895 1808 986 ¹3,
1848 899 1926 967 in
1966 897 2186 969 bonis
2221 896 2454 970 rebus

299 1034 556 1083 omnes
593 1024 1094 1095 contemnere,
1127 1010 1206 1082 iu
1249 1008 1457 1079 malis
1499 1032 1825 1106 pugnare
1865 1022 2125 1079 contra
2160 1006 2412 1079 bonos
2434 1061 2453 1092 ‚

299 1146 450 1192 nou
485 1118 901 1218 reipublicae
939 1118 1194 1191 cedere
1219 1122 1282 1169 ¹4
1302 1172 1324 1207 ‚
1363 1139 1515 1189 non
1550 1116 1859 1189 fortunae
1910 1120 2053 1216 ipsi
2102 1135 2455 1191 succum-

297 1230 474 1303 bere
510 1257 526 1299 :
561 1230 781 1327 hujus
817 1231 877 1301 si
915 1252 1127 1301 causa
1173 1254 1325 1301 non
1370 1226 1951 1300 manifestissimis
1980 1226 2206 1299 rebus
2243 1242 2458 1298 tene-

300 1334 630 1429 retur'¹⁵‚
685 1355 930 1412 tamen
983 1364 1152 1411 eum
1217 1364 1459 1411 mores
1512 1341 1739 1437 ipsius
1790 1362 1875 1410 ac
1929 1340 2075 1410 vita
2136 1340 2457 1409 convin-

299 1466 568 1523 cerent.

394 1564 650 1634 XXVI.
683 1560 1012 1659 Agedum
1033 1571 1094 1648 ¹,
1141 1557 1469 1631 conferte
1510 1584 1713 1633 nuuc
1756 1582 1922 1631 cum
1972 1559 2111 1631 iuis
2162 1562 2397 1631 vitam
2426 1573 2457 1603 ²

296 1674 372 1741 P.
408 1670 650 1760 Sullae,
691 1669 900 1741 vobis
936 1670 1362 1767 populoque
1404 1694 1711 1741 romano
1744 1672 2228 1758 notissimam,
2259 1670 2467 1767 judi-

299 1806 418 1855 ces
437 1836 456 1870 ,
503 1797 574 1853 et
609 1806 771 1853 eam
827 1793 995 1851 ante
1035 1780 1288 1851 oculos
1336 1794 1615 1851 vestros
1677 1780 2091 1878 proponite.
2140 1782 2465 1877 Ecquod

296 1892 517 1988 hujus
579 1890 848 1963 factum
893 1905 1019 1961 aut
1064 1890 1530 1961 commissum
1580 1912 1731 1960 non
1792 1889 2028 1961 dicam
2064 1888 2421 1961 audacius
2446 1946 2467 1979 ‚

298 2003 426 2074 sed
467 2000 672 2099 quod
709 2002 1046 2098 cuiquam
1093 2000 1343 2097 paullo
1374 2001 1619 2071 minus
1670 1999 2211 2071 consideratum
2248 2000 2468 2073 vide-

297 2113 556 2185 retur?
601 2116 896 2181 Factum
933 2110 1234 2208 quaem?
1285 2110 1593 2181 verbum
1632 2108 1919 2207 ecquod
1956 2133 2319 2208 umquam
2368 2136 2473 2185 ex

299 2248 427 2296 ore
455 2221 673 2316 hujus
705 2219 1008 2306 excidit,
1048 2220 1244 2292 uude
1279 2222 1669 2318 quisqu'am
1702 2232 1949 2319 posset
1984 2218 2269 2294 offendi
2302 2222 2334 2292 Ρ
2369 2229 2473 2295 At

301 2357 478 2403 vero
527 2333 606 2400 in
655 2331 778 2400 illa
823 2331 1018 2426 gravi
1085 2333 1166 2398 L.
1223 2329 1437 2422 Sullae
1483 2331 1782 2401 victoria
1828 2329 2413 2432 turbulentaque
2448 2391 2469 2422 ‚

299 2441 466 2538 quis
497 2443 574 2509 P.
603 2438 797 2509 Sulla
811 2435 1105 2508 mitior³
1125 2439 1897 2535 ?quis·misericordior
1922 2443 2271 2515 inventus
2304 2447 2475 2516 est?

379 2651 400 2683 1
415 2652 458 2683 ι.
488 2636 640 2696 Quem
665 2632 714 2680 in
739 2646 1016 2698 stuprorum
1034 2631 1330 2698 defensioni-

301 2717 405 2765 bus.
433 2713 493 2762 Id
520 2723 621 2771 cst,
645 2729 796 2776 quum
821 2713 874 2760 iu
903 2713 1011 2762 soro
1030 2723 1195 2776 stupra
1215 2713 1332 2760 alie·
1376 2710 1387 2722 ⁰

298 2811 364 2844 nn
383 2803 470 2840 aut
493 2807 579 2839 sua
603 2791 908 2853 defenderet;
933 2807 1048 2839 eum
1073 2792 1204 2838 euim
1223 2807 1331 2842 ora-

301 2886 458 2922 torem
493 2871 640 2920 fuisse
667 2869 925 2934 siguificat.
963 2897 1035 2907 -
1071 2870 1254 2934 Pugnis
1283 2882 1336 2918 et

298 2951 528 3000 calcibus.
569 2949 901 2998 Proverbium.
947 2949 1008 2996 Id
1055 2959 1130 2996 est
1143 2982 1157 3007 ,
1195 2949 1331 2997 omui

299 3027 611 3079 contumelia
639 3041 831 3091 genere.

379 3124 460 3157 ω.
479 3106 776 3154 Exuet-bare.
798 3103 856 3152 Id
875 3115 970 3164 est,
992 3105 1044 3152 vi
1064 3105 1331 3166 ejicere.—

300 3187 524 3254 Spoliare
524 3185 664 3250 fivia
685 3185 941 3252 sociorum.
961 3182 1210 3248 Significat
1227 3187 1332 3233 Au-

301 3267 518 3316 tronium
553 3265 606 3312 iu
645 3273 853 3328 praetura
894 3265 1124 3328 spoliasse
1151 3265 1331 3330 temple

299 3350 406 3412 eim
429 3345 698 3412 provincia·
726 3345 804 3392 cui
829 3356 1060 3409 preerat,
1098 3360 1155 3391 ac
1191 3359 1332 3409 repe-

301 3428 564 3478 tundorum
590 3429 869 3474 accusatum
897 3425 1065 3474 fuisse.

378 3511 459 3557 13.
492 3505 784 3553 Distat-bare
792 3504 1007 3568 judicia.
1041 3503 1118 3551 Ne
1149 3502 1331 3551 conde-

299 3597 565 3635 mnaretur.

379 3673 458 3720 14.
483 3665 594 3711 Non
620 3661 901 3727 reipublic-a.-
919 3659 1106 3709 cedere.
1123 3659 1331 3706 Obtem-

299 3761 484 3811 perere.
501 3770 570 3780 --
595 3743 713 3790 Non
723 3741 949 3806 fiir-eunte
960 3773 1080 3787 .....
1110 3753 1330 3785 succum-

301 3827 427 3873 bere.
469 3821 527 3870 Id
568 3831 668 3878 cst,
715 3821 776 3866 de
820 3819 1008 3866 ambitu
1051 3815 1330 3864 damnatum

301 3921 400 3953 uon
428 3903 674 3966 quiescere
691 3937 707 3962 ‚
747 3901 836 3947 sed
867 3900 1140 3958 conjurare.
1183 3897 1242 3943 In
1269 3895 1329 3942 li-

299 3985 392 4032 bro
419 3981 488 4030 de
516 3979 707 4028 Officiis
737 3979 929 4043 primo,
969 3999 992 4017 ιε
1013 3973 1329 4024 succumbere

301 4065 550 4112 fortunae»
579 4061 736 4116 dixit,
777 4076 806 4105 a
834 4059 1031 4105 fortuna
1062 4052 1220 4114 vinci,
1253 4053 1328 4114 ja—

1421 2651 1550 2696 cere,
1572 2647 1720 2702 atque
1744 2637 1989 2698 abjectum
2012 2639 2197 2690 habere
2216 2641 2473 2696 animum.

1497 2715 1577 2765 15.
1600 2715 1755 2762 Rebus
1779 2726 2035 2766 teneretur.
2072 2717 2358 2769 Evidentia.
2387 2725 2477 2774 Ci-

1396 2799 1534 2846 'euro
1570 2792 1701 2841 dixit
1734 2809 1828 2858 pro
1863 2793 2087 2845 Milouet
2126 2797 2323 2864 «Fi-agi
2352 2801 2473 2852 haec

1418 2872 1627 2936 putatis,
1654 2889 1761 2935 quae
1778 2885 1949 2936 petent
1970 2909 1987 2934 ,
2006 2892 2120 2940 quae
2140 2889 2280 2928 uotae
2303 2885 2477 2930 omui-

1418 2951 1537 3008 bus,
1564 2967 1676 3016 quae
1696 2957 1957 3003 tenentur?
1974 2976 2003 2997 ι.

1488 3029 1683 3079 XXVI.
1708 3045 1753 3078 1.
1780 3031 2025 3096 Agedum.
2044 3033 2280 3087 Lambiu.
2300 3039 2471 3104 agite·

1418 3107 1535 3156 dum
1550 3143 1566 3164 ,
1593 3119 1771 3172 praeter
1788 3109 1962 3161 libros.
1992 3116 2289 3180 Propertius
2314 3117 2431 3184 ipse
2455 3135 2471 3170 Ξ

1420 3185 1545 3234 ..Eia
1578 3185 1785 3250 agedum
1812 3223 1828 3247 ,
1857 3186 2069 3240 domina
2094 3207 2314 3244 mentem
2343 3216 2476 3250 cou-

1419 3267 1592 3312 vertite
1614 3276 1792 3314 uostrae
1806 3289 1850 3315 ιο.

1496 3361 1544 3392 2.
1570 3343 1697 3406 Alii,
1736 3345 1907 3395 ninius
1942 3349 2043 3397 vitu
2080 3352 2238 3402 vitam
2272 3355 2337 3405 Ρ.
2380 3359 2474 3406 S.-

1420 3421 1527 3472 Nos
1553 3423 1801 3486 sequimur
1829 3427 1995 3476 Graev.
2022 3431 2221 3481 Ernest.
2256 3435 2476 3486 huem.

1419 3501 1565 3551 Beck.
1591 3513 1687 3552 etc.
1710 3525 1735 3546 ιι
1764 3507 1798 3554 J
1803 3507 1892 3555 Ν.
1912 3509 1967 3556 1..

1494 3583 1545 3630 3.
1582 3582 1699 3644 Quis
1724 3585 1782 3632 P.
1797 3585 1933 3633 Sulla
1954 3587 2159 3637 mitior?
2180 3593 2377 3642 Orator
2401 3597 2477 3644 sic

1417 3675 1572 3708 causae
1594 3677 1693 3708 suae
1720 3663 1870 3726 gratia
1888 3665 2139 3730 ioquitur5
2167 3669 2317 3722 aliter
2336 3677 2477 3723 enim

1418 3739 1587 3787 scribit
1626 3740 1680 3787 in
1710 3739 1842 3790 libro
1880 3743 1941 3792 tle
1976 3745 2172 3796 Officiis
2204 3755 2475 3804 secundo:

1418 3819 1560 3866 «Nec
1577 3854 1592 3878 ‚
1622 3819 1785 3883 iuquit
1801 3857 1816 3879 ,
1840 3839 2077 3888 umquam
2104 3828 2363 3881 bellorum
2402 3836 2479 3882 ci-

1418 3895 1589 3944 vilium
1627 3913 1793 3948 semen
1829 3913 1880 3951 et
1918 3921 2063 3954 causa
2110 3906 2272 3959 deerit
2294 3949 2311 3976 ,
2349 3913 2477 3962 dum

1416 3977 1640 4026 homines
1668 3978 1855 4043 perditi
1886 3983 2075 4034 hastam
2114 3989 2253 4038 illam
2288 4009 2477 4042 cruen-

1420 4067 1517 4104 tam
1542 4060 1851 4108 meminerint
1886 4075 1933 4111 et
1966 4067 2243 4130 sperabunt
2258 4105 2273 4130 ,
2315 4091 2473 4137 quum
