2594 4537
391 283 486 372 46
1025 283 1121 350 M.
1173 284 1250 350 T.
1305 277 1887 350 clcssnoms

383 417 588 477 teret.
643 405 804 502 Ipse
861 411 1102 474 autem
1155 402 1451 473 Cincius
1477 409 1542 444 ¹⁰
1580 401 1783 497 (non
1832 397 2031 470 enim
2084 397 2261 468 mihi
2312 395 2483 468 dese·

383 515 617 590 'reuda
655 529 763 586 est
802 537 1014 584 causa
1047 513 1253 586 amici
1295 512 1557 583 veteris
1580 525 1809 608 -atque
1839 509 2186 608 hospitis)
2215 515 2273 580 is
2302 510 2486 579 homo

399 643 545 714 est,
579 639 707 696 aut
741 647 824 696 ea
862 620 1122 695 familia
1159 645 1241 694 ac
1275 621 1649 719 disciplina
1669 675 1689 708 ‚
1725 635 1811 690 ut
1850 619 1995 691 hoc
2035 617 2230 691 credi
2262 621 2490 718 possit.

401 761 568 808 eum
606 734 880 806 bellum
918 732 1331 832 reipublicae
1364 729 1597 804 facere
1626 730 1980 803 voluisse?
2019 745 2136 819 ut,
2168 733 2375 828 cujus
2406 753 2493 826 pa·

405 861 540 932 ter,
581 867 814 941 quum
861 847 1078 916 ceteri
1122 841 1513 915 deficerent
1540 853 1592 885 ¹¹
1642 841 1927 912 finitimi
1968 865 2051 912 ac
2084 844 2338 928 vicini,
2380 843 2493 911 sin-

403 955 632 1052 gulari
683 954 1028 1026 exstiterit
1081 956 1157 1024 in
1211 949 1734 1051 rempublicam
1789 968 2109 1024 nostram
2164 949 2404 1024 officio
2446 963 2497 1020 et

407 1061 587 1150 fide,
633 1065 694 1136 is
737 1063 872 1136 sibi
915 1062 1272 1135 nefarium
1317 1061 1591 1137 bellum
1646 1078 1895 1134 contra
1951 1063 2253 1160 patriam
2308 1064 2497 1132 susci-

407 1172 758 1273 piendum
793 1175 1124 1273 putaret?
1145 1173 1353 1268 cujus
1382 1197 1476 1243 aes
1503 1173 1815 1244 alienum
1844 1172 2202 1260 videmu5‚
2225 1170 2501 1267 judices.

411 1309 562 1356 non
599 1282 940 1371 libidine,
984 1283 1109 1355 sed
1153 1283 1422 1379 negotii
1467 1281 1842 1378 gerendi¹²
1894 1281 2135 1354 studio
2176 1307 2331 1354 esse
2368 1271 2540 1352 con·¹

411 1409 763 1482 tractum3
809 1396 937 1490 qui
975 1395 1072 1464 ita
1109 1397 1353 1464 Romae
1394 1391 1683 1480 debuit,
1722 1406 1806 1462 ut
1840 1394 1911 1462 in
1942 1392 2330 1489 provinciis
2364 1393 2505 1462 etin
2542 1427 2544 1438 =

411 1505 652 1602 reguis
696 1505 1016 1574 maximae
1071 1506 1140 1576 ei
1195 1504 1518 1600 pecuniae
1574 1501 2049 1590 deberentur3
2089 1527 2269 1600 quas
2308 1523 2508 1600 quum

416 1629 732 1714 pete-ret,
763 1639 914 1684 non
945 1614 1331 1700 commisit,
1366 1628 1447 1682 ut
1474 1614 1585 1682 sui
1614 1627 2115 1710 procuratores
2142 1609 2510 1710 quidquam

417 1726 656 1798 oneris
681 1721 766 1812 ¹³,
806 1724 1102 1796 absente
1145 1745 1222 1794 se
1245 1774 1265 1810 ‚
1308 1722 1779 1810 sustinerent3
1810 1723 2062 1793 venire
2081 1725 2335 1794 omnes
2382 1743 2515 1792 suas

417 1835 938 1932 possessioneS‚
991 1847 1064 1903 et
1118 1833 1557 1930 patrimonio
1618 1855 1694 1903 se
1750 1835 2205 1904 ornatissimo
2256 1831 2517 1930 spoliari

421 1943 710 2030 maluit,
740 1966 959 2040 quam
995 1940 1217 2012 ullam
1247 1962 1521 2013 moram
1556 1945 1891 2038 cuiquam
1920 1939 2079 2013 fieri
2108 1941 2519 2013 creditorum

417 2077 740 2128 suorum.
782 2057 842 2123 A
883 2076 1032 2149 quo
1069 2051 1369 2150 quidem
1403 2057 1767 2149 generem,
1807 2051 2126 2146 judiceS‚
2162 2075 2296 2149 ego
2342 2073 2525 2120 num·
2558 2103 2560 2112 .

424 2187 644 2262 quam
676 2165 916 2251 timui,
954 2185 1180 2260 quum
1221 2164 1299 2233 in
1338 2163 1457 2233 illa
1490 2160 1902 2260 reipublicae
1939 2177 2361 2261 tempestate
2388 2185 2526 2232 ver·
2560 2201 2562 2204 <

425 2300 639 2347 sat-er.
683 2274 873 2345 Illud
917 2288 1074 2345 erat
1121 2295 1349 2369 genus
1400 2272 1775 2344 hominum
1832 2272 2176 2345 horribile
2220 2287 2293 2343 et
2338 2272 2528 2371 perti-

428 2383 938 2469 mescendum,
987 2385 1110 2477 qui
1153 2396 1358 2452 tanto
1403 2406 1645 2455 amore
1684 2408 1845 2455 suas
1886 2384 2371 2481 possessiones
2410 2406 2533 2453 am-

429 2492 626 2591 plexi
683 2490 1065 2579 tenebant‚
1115 2506 1197 2561 ut
1249 2491 1343 2562 ab
1396 2492 1507 2563 his
1560 2493 1887 2566 membra
1940 2492 2181 2566 divelli
2228 2495 2434 2565 citius
2469 2515 2533 2561 ac

432 2601 730 2673 distrahi
767 2624 978 2699 posse
1016 2599 1311 2673 diceres.
1358 2604 1649 2674 Cincius
1685 2628 2081 2702 numquam
2120 2602 2260 2674 sibi
2302 2626 2537 2700 cogna-

429 2713 704 2783 tionem
726 2708 788 2755 ¹⁵
827 2734 994 2781 cum
1028 2710 1312 2808 praediis
1348 2736 1500 2784 esse
1534 2714 1963 2785 existimavit
1996 2714 2162 2784 suis.
2202 2717 2455 2811 Itaque
2478 2732 2539 2780 se

439 2846 592 2892 non
622 2818 846 2891 modo
891 2844 976 2892 ex
1017 2822 1431 2917 suspicione
1476 2824 1657 2893 tanti
1687 2822 2011 2911 sceleris,
2053 2847 2303 2895 verum
2344 2824 2543 2893 etiam

435 2956 525 3002 ex
573 2933 773 3001 omni
827 2930 1208 3002 hominum
1257 2956 1635 3021 sermone,
1681 2958 1833 3005 non
1876 2934 2131 3019 armis,
2168 2933 2297 3005 sed
2338 2930 2545 3032 patri·

434 3043 686 3113 monio
727 3065 860 3113 suo
899 3042 1303 3139 vindicayit.

536 3157 725 3224 XXI.
771 3157 927 3223 Jam
977 3142 1193 3261 vero{
1241 3150 1445 3249 quod
1488 3148 1851 3248 subjicit¹‚
1900 3157 2367 3252 Pompeianos
2413 3172 2549 3223 esse

520 3392 598 3425 xo.
617 3378 730 3441 Ipse
747 3387 914 3425 autem
939 3376 1146 3425 Cincius.
1166 3376 1222 3423 Si
1239 3376 1464 3425 Cincium
1553 3377 1612 3426 Id
1636 3391 1734 3439 est,
1776 3380 2105 3429 molestiarum
2148 3398 2177 3429 a
2223 3376 2553 3428 creditoribus.

409 3498 416 3505 .
439 3475 470 3507 u
493 3456 850 3520 conjurationis
871 3456 1147 3521 suspicione
1161 3456 1361 3514 libent,
1374 3458 1467 3505 hnc
1611 3468 1709 3516 14.
1736 3460 1786 3506 A
1822 3476 1917 3523 quo
1941 3460 2137 3524 quidem
2163 3474 2364 3525 genere.
2408 3460 2557 3505 Bouo-

442 3548 578 3603 parts
601 3535 926 3584 accusationis
947 3534 1220 3583 absolvitur
1246 3535 1397 3584 Sulla.
1554 3552 1663 3585 mm
1684 3539 1863 3586 civium
1881 3574 1895 3597 ,
1936 3537 2021 3602 qui
2044 3539 2127 3586 aeri
2147 3536 2308 3586 alieno
2336 3533 2557 3586 solvendo

523 3632 542 3662 ι
559 3632 605 3665 1.
640 3616 797 3678 Quum
821 3614 971 3662 veteri
992 3614 1270 3681 deficerent.
1289 3615 1392 3663 Aut
1414 3615 1465 3662 iu
1553 3632 1639 3665 sus
1663 3618 1827 3665 omnis
1849 3619 2087 3667 remittere
2108 3630 2208 3665 uon
2228 3615 2468 3668 dubit-nt.

444 3693 644 3750 Italico,
675 3706 757 3742 sut
783 3694 1000 3743 Marsico
1020 3693 1169 3742 bello.
1634 3696 1716 3746 15.
1760 3696 1864 3745 Sibi
1898 3696 2265 3761 cognationem.
2300 3696 2361 3745 Id
2388 3707 2486 3755 est,
2517 3708 2559 3737 se

521 3788 600 3821 ω.
621 3773 823 3838 Νσςοτίι·
840 3772 1063 3840 gerendi.
1083 3774 1188 3822 Aut
1209 3773 1264 3820 iu
1283 3786 1470 3820 meres·
1557 3776 1789 3840 coniungi
1844 3792 1953 3824 eum
2010 3774 2205 3841 prediis
2258 3776 2359 3823 suis
2380 3810 2396 3833 ‚
2442 3772 2560 3838 quasi

448 3862 555 3899 turs
573 3852 837 3901 exercenda
856 3887 870 3912 ‚
898 3863 980 3901 aut
1005 3854 1058 3900 in
1081 3852 1288 3917 pecunia
1314 3850 1473 3899 fenori
1560 3857 1848 3920 cognatione
1893 3856 2101 3921 quadam
2119 3893 2135 3919 ,
2178 3870 2446 3919 numquam
2483 3852 2564 3901 exi-

445 3930 649 3978 loc-uda
663 3966 682 3991 ‚
695 3940 781 3978 aut
797 3930 850 3978 iu
867 3930 1204 3995 oedernptioue
1231 3929 1471 3993 qmlibet.
1558 3935 1786 3983 stimavit.

522 4008 602 4054 13.
630 4007 914 4071 Quidquam
943 4008 1134 4067 oneris,
1173 4009 1371 4055 absente
1402 4022 1471 4055 se.
1632 4007 1775 4053 XXI.
1806 4020 1851 4054 ι.
1880 4003 2096 4069 Snbjicie.
2130 4004 2187 4051 ld
2228 4016 2333 4067 est,
2358 4004 2564 4066 Torqun·
