2594 4537
321 319 406 399 ιι,
955 301 1054 381 Μ.
1106 314 1184 380 Τ.
1239 310 1807 385 CICERONIS

311 430 929 511 communimndae
967 432 1200 506 laudis
1235 458 1449 506 causa
1484 435 1771 532 loquor.
1814 438 2080 507 One'ri's
2110 439 2253 507 mei
2294 452 2451 536 par-

311 563 460 619 tem
497 546 771 617 nemini
805 544 1180 641 impertio;
1225 543 1505 641 gloriae,
1540 543 1757 617 bonis
1798 544 2162 617 omnibus,

407 662 491 727 In
528 657 962 727 Autronium
995 656 1493 727 testimonium
1522 652 1834 744 dixisti⁶‚
1864 657 2103 755 inquit
2130 684 2147 725 :
2179 656 2453 729 Sullam

314 766 662 841 defendis.
696 770 849 837 Hoc
877 780 1114 837 totum
1147 764 1503 860 ejusmodi
1540 781 1687 854 est,
1720 765 2041 861 judices,
2070 781 2189 852 ut,
2220 770 2279 838 si
2314 792 2455 863 ego

315 885 448 955 sim
485 882 904 951 inconstans
939 902 1023 949 ac
1059 876 1272 967 levis,
1304 902 1439 951 nec
1474 879 1894 951 testimonio
1930 875 2149 950 fidem
2170 888 2195 934 ⁷
2228 878 2457 950 tribui

315 992 772 1077 convenerit,
799 1013 935 1061 nec
965 986 1371 1062 defensioni
1394 989 1916 1060 auctoritatem.
1944 987 2069 1059 Sin
2098 990 2307 1059 estin
2334 1010 2457 1059 me

314 1105 500 1176 ratio
541 1099 1000 1199 reipublicae3
1036 1098 1288 1196 religio
1326 1100 1587 1197 privati
1626 1096 1888 1187 officii,
1922 1098 2247 1171 studium
2282 1101 2459 1170 reti-

316 1210 574 1283 nendae
619 1210 1014 1282 voluntatis
1065 1208 1433 1281 bonorum
1474 1230 1491 1279 ε
1546 1209 1731 1280 nihil
1790 1210 2033 1282 minus
2082 1224 2461 1281 accusator

315 1319 538 1395 debet
571 1319 846 1406 dicere,
883 1344 1102 1418 quam
1131 1344 1174 1390 a
1199 1342 1319 1391 me
1346 1318 1637 1392 defendi
1664 1320 1971 1409 Sullam,
2004 1314 2459 1392 testimoni0⁸

317 1434 564 1505 laesum
601 1444 757 1503 esse
799 1432 1261 1503 Autronium.
1300 1428 1573 1503 Videor
1604 1432 1801 1503 enim
1846 1455 1997 1501 non
2032 1430 2269 1503 solum
2305 1444 2461 1501 stu·

316 1544 519 1617 dium
549 1540 640 1613 ad
667 1539 1158 1613 defendendas
1183 1563 1468 1631 causam,
1500 1565 1755 1613 verum
1792 1542 2157 1639 opinionis
2182 1539 2462 1639 aliquid

317 1670 392 1726 et
435 1654 886 1725 auctoritatis
910 1664 944 1712 9
1001 1650 1262 1725 afferre
1297 1680 1315 1723 ε
1367 1676 1516 1750 qua
1562 1666 1637 1723 et
1684 1649 2053 1723 moderate
2092 1676 2230 1749 ego
2270 1665 2463 1738 utar,

309 1761 586 1861 judices
611 1816 632 1850 ‚
689 1776 762 1834 et
805 1764 1111 1833 omnino
1151 1786 1303 1834 non
1348 1777 1617 1850 uterer,
1660 1763 1720 1832 si
1763 1762 1883 1833 ille
1934 1786 2053 1833 me
2094 1786 2247 1833 non
2290 1786 2463 1833 coe-

314 1876 554 1972 gisset.

411 1988 530 2054 IV.
583 1984 764 2052 Duae
815 1980 1361 2076 conjurationes
1404 1980 1533 2052 abs
1584 1996 1655 2051 te
1672 2032 1693 2067 ,
1740 1984 2105 2075 Torquate
2126 2034 2145 2065 ‚
2188 1984 2465 2051 consti-

315 2108 670 2166 tuuntur:
713 2114 892 2179 una,
928 2114 1089 2188 quae
1138 2090 1416 2188 Lepido
1458 2105 1535 2162 et
1574 2088 1948 2160 Volcatio¹
1990 2087 2465 2173 consulibus4

314 2220 520 2308 patre
553 2220 683 2276 tuo
713 2200 1014 2276 consule
1043 2199 1422 2298 designato
1440 2254 1460 2288 ‚
1482 2198 1670 2272 facta
1694 2222 1851 2271 esse
1876 2196 2181 2287 dicitur3
2204 2198 2428 2268 altera
2446 2253 2467 2286 ‚

317 2341 480 2416 quae
503 2340 622 2387 me
651 2311 968 2385 consule.
994 2309 1264 2381 Harum
1287 2313 1363 2380 in
1386 2325 1699 2408 utraque
1726 2309 1994 2380 Sullam
2014 2307 2191 2380 dicis
2211 2308 2463 2382 fuisse.

315 2427 542 2499 Patris
573 2425 717 2509 tui,
753 2420 1124 2492 fortissimi
1167 2421 1301 2490 viri
1338 2435 1559 2515 atque
1596 2424 1851 2517 optimi
1885 2421 2242 2508 consuliS,
2278 2422 2420 2492 scis
2445 2467 2469 2504 ,

317 2561 434 2608 me
482 2533 852 2607 consiliis²
899 2556 1054 2602 non
1095 2528 1538 2617 interfuisse3
1582 2531 1718 2603 scis
1740 2585 1759 2618 ‚
1808 2553 1961 2614 me,
2008 2555 2242 2627 quum
2280 2531 2469 2600 mihi

315 2668 642 2718 summus
679 2659 922 2716 tecum
967 2665 1145 2713 usus
1181 2657 1367 2713 esset
1389 2637 1442 2729 ³,
1478 2656 1718 2714 tamen
1756 2641 2047 2712 illorum
2090 2655 2467 2738 expertem

315 2773 732 2854 temporum
762 2767 836 2824 et
863 2775 1286 2824 sermonum
1314 2750 1539 2824 fuisse
1566 2779 1583 2821 ε
1612 2750 1867 2837 cred0‚
1894 2749 2101 2847 quod
2130 2750 2467 2822 nondum

317 2868 608 2967 penitus
641 2868 718 2935 in
753 2861 1128 2961 republica
1166 2862 1525 2952 versabar,
1555 2861 1760 2961 quod
1790 2859 2121 2932 nondum
2157 2861 2247 2932 ad
2286 2885 2469 2960 pro-

315 2979 633 3075 positum
673 2973 849 3044 mihi
885 2971 1110 3044 finem
1143 2973 1447 3046 honoris
1484 2993 1955 3070 perveneram
1972 2974 2031 3058 4,
2064 2971 2268 3068 quod
2302 2995 2471 3044 mea

387 3193 442 3240 6.
477 3185 818 3236 reseinmniam
845 3183 1034 3234 dilwisce.
1062 3186 1123 3235 1d
1151 3186 1349 3236 dicendi
1437 3188 1567 3236 catio
1606 3201 1734 3234 coss.
1773 3184 1963 3232 circiter
2003 3199 2157 3232 nonas
2190 3185 2474 3234 decembris

321 3285 478 3336 genua
495 3277 554 3316 ut
577 3267 806 3330 frequens
825 3276 924 3324 eat,
944 3266 1010 3314 ita
1034 3266 1194 3314 «serre
1215 3267 1353 3316 teati-
1436 3267 1494 3317 Ρ.
1520 3263 1821 3322 Autronius,
1854 3265 1908 3310 L.
1934 3263 2143 3312 Catilina
2168 3275 2218 3312 et
2240 3265 2331 3313 Cn.
2350 3265 2473 3315 Piso

319 3349 540 3398 monium
556 3367 580 3386 ι·
605 3344 702 3392 uiai
727 3345 880 3408 vulgo
905 3359 1008 3392 non
1031 3344 1231 3395 dicitur.
1437 3347 1818 3407 conjuraverunt
1844 3339 2117 3390 interficere
2140 3344 2189 3390 in
2216 3345 2477 3409 Capitolio

391 3444 439 3492 7.
463 3425 632 3476 Fidem
660 3422 816 3473 tribui.
835 3425 882 3471 A
903 3424 1048 3474 vobis
1065 3425 1268 3473 scilieet.
1432 3425 1531 3472 kal.
1551 3425 1653 3485 jan.
1676 3423 1735 3469 L.
1756 3421 2061 3482 Torquatum
2086 3431 2137 3468 et
2160 3425 2217 3470 L.
2232 3425 2436 3472 Cottam
2455 3459 2473 3486 ,

389 3511 436 3557 8.
463 3501 777 3555 Testimonio.
807 3502 938 3551 Meo.
1432 3517 1587 3567 quum
1616 3501 1799 3547 iniunt
1828 3499 2155 3558 mundatum,
2186 3511 2245 3548 ut
2275 3503 2476 3551 Autro-

388 3603 438 3650 9.
472 3579 812 3630 Auctoritatis.
833 3581 960 3642 Qun
979 3597 1084 3630 esse
1113 3581 1258 3629 debet
1283 3583 1335 3628 in
1434 3581 1545 3627 nius
1572 3589 1621 3624 et
1647 3575 1853 3625 Catilina
1881 3589 1969 3638 per
2007 3576 2103 3626 vim
2132 3580 2363 3627 consules
2390 3597 2479 3630 ea-

315 3683 399 3725 eo,
429 3664 514 3729 qui
544 3659 794 3718 interfuit,
827 3661 914 3723 qni
947 3661 1184 3725 cognovit
1203 3695 1218 3719 ‚
1255 3663 1343 3724 qui
1430 3669 1557 3706 sent.
1575 3655 1703 3702 Vide
1728 3651 1923 3702 Sallust.
1936 3651 2113 3702 Cicero
2136 3667 2331 3720 praetor
2354 3661 2479 3722 suit,

316 3745 559 3813 particeps
585 3752 635 3788 et
661 3739 856 3788 consilii
895 3740 986 3786 fuit
1004 3776 1020 3800 ,
1051 3753 1098 3788 et
1129 3740 1341 3798 timori„
1433 3735 1665 3783 Volcatio
1684 3744 1735 3780 et
1750 3731 1939 3796 Lepido
1958 3749 2085 3782 coaa.

316 3829 423 3874 haec
458 3823 586 3871 enim
628 3831 742 3868 sunt
780 3818 1022 3886 ejusmodi
1047 3829 1106 3865 ut
1137 3819 1182 3866 ei
1219 3815 1343 3866 fides
1506 3831 1553 3863 2.
1578 3810 1813 3861 Consiliis.
1839 3814 2005 3875 Quum
2024 3813 2087 3861 de
2102 3816 2273 3877 priore
2294 3823 2478 3882 conju-

319 3901 542 3954 habenda
569 3901 803 3949 videatur.
1434 3895 1625 3942 ratione
1641 3902 1892 3953 quareret.

391 3982 478 4031 IV.
505 3997 552 4030 ι.
579 3979 761 4043 Lepido
783 3989 834 4024 et
861 3975 1102 4024 Volcacio.
1129 3974 1210 4020 ΑΊ.
1241 3997 1266 4016 u
1285 3977 1341 4024 1..
1502 3975 1553 4020 3.
1580 3973 1701 4018 Usus
1718 3980 1857 4016 essee.
1877 3973 1919 4018 1.
1939 3987 1984 4018 e.
2013 3971 2339 4025 familiaritas.

319 4063 466 4113 Tullo
486 4083 531 4112 ιο.
559 4063 634 4109 Μ.
666 4058 851 4122 Lepido
889 4067 936 4103 et
970 4057 1024 4102 L.
1053 4053 1198 4101 Tullo
1221 4053 1345 4100 Vol·
1505 4061 1552 4107 4.
1584 4048 1798 4097 Honoris
1814 4063 2142 4110 perveneram.
2172 4051 2233 4099 ld
2260 4067 2337 4103 est
2355 4092 2369 4116 ‚
2410 4059 2479 4106 ad
