2594 4537
773 278 1401 349 PRAEFATION
1422 278 1560 348 Es.
2094 278 2235 351 235

83 397 478 463 universum
508 395 596 462 nd
625 419 856 465 omnes
887 399 1236 488 scriptores
1266 398 1467 480 hujus
1496 396 1769 465 ordinis.
1806 402 2237 488 Aucupantur

85 504 178 567 illi
207 504 534 594 singulari
577 504 794 573 studio
825 506 1140 573 vocabula
1173 522 1238 570 et
1271 527 1509 595 genera
1537 504 1884 595 loquendi,
1920 528 2065 594 quae
2106 508 2239 571 fre·

91 610 444 697 quentiore
477 610 548 676 in
579 633 710 675 usu
741 610 966 676 vident
997 610 1176 700 apud
1211 632 1359 692 eos,
1400 634 1683 699 quorum
1730 611 1853 676 sihi
1888 632 2233 699 personam

91 712 710 799 accommodas-unm
739 738 814 780 en
849 716 990 781 sine
1025 714 1226 781 modo
1261 732 1329 781 et
1354 716 1487 781 fine
1510 716 1824 789 adhibent
1837 766 1856 800 ,
1892 740 2107 807 neque
2132 693 2243 785 dil

93 820 369 887 mittunt
403 836 558 885 ante
580 868 602 903 ,
637 844 835 909 quam
867 844 1136 910 prorsus
1173 820 1407 888 detrita
1459 821 1842 887 eviluerunt.
1888 825 1987 889 Ita
2026 846 2233 911 quum

93 926 316 991 Cicero
369 927 444 991 in
494 925 872 1017 Philippicis
927 943 993 992 et
1041 926 1194 991 alias
1242 948 1411 1015 saepe
1458 928 1787 1017 usurparit
1827 927 2199 1016 praesidium
2218 978 2239 1012 ‚

92 1048 316 1097 auctor
347 1033 520 1121 Epp.
559 1031 695 1096 Cic.
733 1030 818 1097 ad
851 1034 1128 1097 Brutum
1163 1032 1190 1121 (
1217 1055 1296 1097 10
1335 1031 1541 1120 extr.)
1572 1032 1869 1098 eamdem
1908 1034 2083 1099 illam
2122 1058 2241 1101 vo·

95 1154 228 1197 cem
283 1135 524 1201 eadem
579 1134 814 1224 pagina
867 1148 1098 1223 quater
1153 1134 1380 1223 posuit
1424 1134 1825 1223 ineptissime
1854 1157 1871 1199 x
1906 1164 1933 1191 ιι
1958 1138 2237 1202 Romam

95 1241 358 1325 perveni
378 1288 402 1319 ,
461 1240 776 1329 nulloque
829 1238 1130 1328 prasidio
1177 1240 1499 1329 quatefeci
1546 1242 1944 1323 Antonium3
1980 1258 2236 1307 contru-

97 1366 216 1431 que
249 1345 398 1426 ejus
429 1368 612 1411 arma
641 1345 922 1413 nefanda
949 1344 1280 1434 presidia,
1314 1370 1459 1435 quoe
1486 1346 1705 1427 oblata
1735 1363 1925 1430 sunt,
1968 1347 2235 1412 Caesaris

99 1449 368 1515 consilio
404 1466 472 1517 et
501 1452 886 1517 auctoritate
923 1451 1194 1519 firmavi.
1241 1453 1377 1536 Qui
1416 1454 1473 1518 si
1512 1453 1766 1519 steterit
1792 1452 2005 1534 idem,
2044 1451 2238 1515 mihi-

99 1578 220 1643 que
243 1558 560 1646 paruerit,
583 1558 736 1625 satis
757 1557 1056 1625 videmur
1079 1560 1367 1625 habituri
1384 1558 1731 1649 praesidii...
1748 1591 1774 1615 u
1795 1580 1951 1623 mox
1970 1606 1989 1639 ‚
2016 1558 2240 1647 paucis

103 1660 496 1747 intes-jectis‘:
533 1694 560 1721 σι
583 1666 726 1735 Hoc
769 1663 1198 1733 adolescentis
1243 1667 1615 1757 praesidium
1662 1665 1969 1755 equidem
2022 1664 2239 1729 adhuc

105 1766 358 1835 firmum
391 1793 534 1837 esse
565 1770 834 1837 confido
851 1804 896 1837 »-
930 1774 1100 1842 Item
1129 1774 1357 1839 Cicero
1381 1772 1733 1863 jungendis
1752 1772 2019 1839 diversis
2044 1773 2245 1861 parti·

107 1872 220 1939 bus
259 1878 736 1945 sententiarum
789 1902 1036 1969 ponere
1085 1881 1250 1945 solet
1297 1881 1560 1945 voculas
1600 1902 1795 1968 quum
1838 1895 1907 1943 et
1952 1896 2089 1943 tum
2115 1878 2241 1943 :id

109 1980 220 2047 iste
265 1984 692 2071 epistolarum
729 1984 920 2051 fictor
963 1986 1056 2051 sic
1095 1986 1409 2067 imitatur,
1447 2002 1523 2049 ut
1566 1986 1639 2049 in
1683 2008 1815 2049 una
1865 1984 2047 2049 brevi
2081 1984 2240 2049 scri·

109 2105 288 2177 ptura
331 2090 476 2179 (ep.
511 2090 634 2179 ια)
675 2114 784 2156 eas
829 2092 1171 2182 particulas
1229 2091 1577 2179 quinquies
1616 2090 1935 2155 inculcet:
1964 2089 2239 2172 «Quum

111 2196 298 2261 multa
331 2196 614 2287 graviter
639 2196 878 2263 ferrem
902 2246 921 2284 ‚
961 2214 1104 2263 tum
1137 2196 1305 2261 nihil
1333 2196 1456 2261 tuli
1486 2196 1811 2286 gravius...
1857 2195 2083 2277 Quum
2113 2193 2240 2258 ho·-

115 2305 370 2369 notibus
403 2301 574 2368 esset
602 2303 886 2393 Lepidus
919 2320 1185 2369 ornatus
1204 2352 1222 2385 ‚
1265 2319 1409 2368 tum
1454 2303 1712 2368 etiam...
1758 2301 1976 2366 literas
2012 2299 2096 2366 ad
2136 2321 2240 2364 se·-

117 2427 325 2476 natum
381 2411 746 2494 misisset»;
806 2427 1002 2500 atque
1051 2411 1136 2480 ad
1191 2411 1393 2476 finem
1450 2407 1737 2499 epistolae
1764 2429 1781 2474 t
1824 2438 1853 2464 κ
1884 2409 2111 2492 Quum
2158 2405 2242 2471 ad

117 2515 474 2606 reipublicae
525 2539 852 2586 summam
875 2565 894 2598 ‚
939 2532 1086 2582 tum
1130 2515 1212 2582 ad
1271 2515 1541 2605 gloriam
1592 2529 1771 2580 mam
1822 2515 2243 2579 vehementer

117 2622 446 2708 pertinet...
497 2623 663 2712 Eget
707 2623 882 2688 enim
918 2624 1343 2688 vehementer
1376 2645 1587 2710 quum
1621 2621 1869 2686 viribus
1900 2621 2063 2702 tuis,
2098 2636 2241 2685 tum

119 2727 296 2792 etiam
319 2727 592 2792 consilio
613 2727 1048 2816 respublica...
1077 2749 1365 2816 eumque
1392 2751 1599 2816 quum
1622 2727 1752 2807 tui,
1788 2713 1935 2792 tuin
1964 2727 2239 2816 reipubl.

119 2831 722 2900 studiosissimum...
775 2836 1052 2924 cognovi
1077 2866 1126 2900 w.
1181 2835 1399 2917 Quam
1445 2833 1524 2900 ad
1574 2857 1713 2900 rem
1753 2835 1819 2898 in
1862 2849 2239 2898 transcursu

123 2937 470 3006 notandum
501 2955 600 3004 est
617 2989 638 3022 ,
670 2941 740 3005 in
787 2940 1006 3028 priore
1050 2936 1218 3006 libro
1264 2941 1701 3029 Epistola-um
1742 2939 1923 3002 hunc
1966 2937 2243 3003 modum

123 3043 530 3112 construendi
571 3045 1032 3134 septemdecim
1075 3047 1234 3112 locis
1275 3045 1577 3134 usurpari
1596 3093 1615 3127 ,
1650 3046 1719 3108 in
1761 3043 2121 3133 posteriore
2156 3065 2243 3108 ne

124 3152 310 3218 semel
341 3151 602 3240 quidem
628 3177 648 3217 ,ι
683 3152 866 3241 quod
889 3153 1009 3220 etsi
1040 3154 1313 3220 fortuito
1344 3153 1592 3218 factum
1626 3173 1766 3217 esse
1792 3149 2007 3238 potuit
2024 3196 2043 3230 ,
2072 3171 2243 3236 quo-

126 3259 290 3324 niam
331 3257 436 3324 hic
477 3259 644 3324 liber
671 3260 880 3324 multo
917 3259 1176 3325 brevior
1207 3273 1341 3340 eat,
1384 3273 1597 3323 tamen
1632 3256 1949 3321 Tunstalli
1974 3255 2200 3343 opinio
2218 3303 2239 3338 ,

125 3385 256 3428 non
276 3361 568 3430 eumdem
597 3364 858 3453 utrique
871 3365 1042 3430 libro
1061 3381 1397 3431 auctorem
1416 3363 1797 3452 assignantis
1820 3409 1839 3446 ,
1866 3385 2075 3451 quum
2099 3362 2239 3426 aliis

123 3468 310 3534 rebus
337 3468 686 3557 probabilis
709 3467 785 3536 fit
793 3519 826 3551 .,
851 3485 992 3536 tum
1023 3470 1146 3536 hac
1179 3491 1447 3559 quoque
1468 3468 1921 3533 observatione
1944 3466 2239 3530 firmatur

123 3571 592 3664 quodammodo
615 3621 636 3658 ‚
669 3599 878 3664 eaque
907 3576 1238 3642 diversitas
1270 3575 1355 3642 ul
1382 3574 1813 3640 diversitatem
1840 3573 2237 3660 scriptorum

125 3679 288 3744 trahi
313 3695 536 3768 potest.
571 3681 700 3746 Sed
733 3681 1142 3746 redeundum
1187 3698 1286 3748 eet
1318 3680 1401 3747 ad
1432 3695 1732 3746 nostrum
1763 3695 2089 3744 ora-torem
2107 3724 2128 3761 ,
2162 3692 2239 3741 ut

125 3784 262 3866 ejus
285 3808 481 3854 unum
505 3787 910 3876 alterumque
930 3789 1301 3877 exemplum
1324 3786 1465 3852 talis
1490 3785 1871 3853 imitationis
1893 3797 2231 3849 notemus:

129 3894 304 3984 plura
331 3894 597 3959 lectores
641 3894 710 3958 in
761 3895 1078 3960 Cicerone
1120 3893 1377 3960 assidue
1419 3895 1653 3958 versati
1686 3917 1803 3982 per
1834 3913 1905 3956 se
1938 3889 2234 3956 enimd-

129 4015 380 4066 vertent.
413 4001 594 4088 Saepe
622 4000 848 4066 Cicero
878 4001 944 4065 in
975 4001 1380 4070 orationibus
1404 3999 1537 4066 suis
1564 4000 1633 4064 in
1659 3998 1886 4065 eadem
1914 3996 2231 4063 sententia
