2594 4537
372 298 512 373 238
775 292 1423 365 MARKLANDI
1472 294 1593 362 ET
1636 293 2099 364 GESNERI

369 426 533 489 facta
545 434 642 485 est
657 414 672 484 :'
688 414 1040 483 tribunitiis
1055 430 1212 479 sunt
1231 413 1325 478 illi
1338 413 1805 503 rogationibus,
1834 412 2193 509 interfectis
2208 414 2517 495 inimicis,

372 529 656 616 denique
687 522 866 589 nulla
894 520 1276 586 auctoritate
1304 536 1565 585 senatus
1581 566 1600 603 ‚
1636 522 1975 586 restituti».
1994 520 2097 585 Ad
2114 520 2315 604 Quir.
2344 542 2409 586 c.
2444 526 2517 599 4:

377 636 796 721 «Numquam
837 628 918 693 de
959 629 1030 694 P.
1062 628 1403 718 Popillio...
1436 650 1800 716 numquam
1840 628 1925 693 de
1954 627 2038 711 Q.
2075 626 2422 693 Metello...
2454 626 2514 690 in

379 756 608 807 senatu
643 737 890 803 mentio
937 736 1101 799 faeta
1129 750 1268 799 est:
1302 734 1656 800 tribunitiis
1695 736 2061 823 superiores
2098 734 2193 799 illi
2228 734 2517 823 rogatio-

381 846 620 927 nibus,
659 844 838 909 nulla
875 841 1258 907 auctoritate
1305 856 1565 905 senatus
1592 888 1611 921 ,
1659 856 1813 904 sunt
1852 841 2195 906 restituti».
2248 842 2329 904 In
2371 840 2513 903 Sen.

379 952 622 1017 ibidem
653 974 670 1017 ε
707 980 734 1007 ιι
756 949 924 1013 Nam
953 950 1027 1014 C.
1055 946 1321 1037 quidem
1356 946 1635 1025 Marius,
1670 948 1785 1036 qui
1816 949 1939 1012 hae
1979 948 2333 1012 hominum
2382 968 2513 1009 me-

387 1059 592 1125 moria
625 1058 851 1122 tertius
879 1072 1030 1120 ante
1063 1076 1168 1119 me
1201 1052 1554 1118 consularis
1580 1068 1960 1143 tempestate
1998 1054 2170 1119 civili
2210 1053 2513 1142 expulsus

387 1181 522 1247 est,
560 1186 696 1229 non
737 1161 937 1229 modo
961 1184 999 1226 a
1027 1177 1256 1225 senatu
1285 1182 1421 1225 non
1456 1174 1555 1225 est
1584 1163 1921 1227 restitutus
1940 1210 1958 1244 ‚
2000 1160 2115 1227 sed
2152 1160 2374 1226 reditu
2404 1183 2513 1223 suo

383 1283 682 1337 senatum
695 1284 1008 1334 cunctum
1025 1289 1207 1356 paene
1231 1264 1513 1331 delevit».
1538 1266 1641 1339 Ad
1662 1268 1851 1351 Quir.
1874 1290 1930 1333 c.
1948 1266 1986 1331 3
2008 1290 2023 1333 :
2044 1268 2254 1333 «Nam
2280 1269 2358 1332 C.
2388 1266 2513 1331 Ma·

385 1378 464 1443 rii
478 1425 499 1462 ‚
531 1378 646 1466 qui
688 1392 839 1465 post
875 1374 1018 1439 illos
1055 1389 1303 1438 veteres
1340 1374 1722 1438 clarissimos
1762 1374 2128 1439 consulares
2166 1390 2383 1438 vestra
2408 1394 2513 1461 pa·

389 1501 698 1572 trumque
737 1480 1048 1546 memoria
1091 1479 1321 1543 tertius
1368 1496 1519 1543 ante
1556 1500 1661 1543 me
1703 1480 2061 1544 consularis
2110 1478 2313 1543 subiit
2350 1476 2511 1541 indi·

391 1590 768 1679 gnissimum
783 1586 1116 1650 fortunam
1135 1634 1154 1667 ,
1175 1601 1299 1649 ete.
1322 1584 1447 1650 »Et
1464 1609 1520 1650 c.
1550 1589 1625 1663 4:
1646 1580 1933 1651 «Marius
1961 1606 2119 1650 vero
2148 1608 2288 1648 non
2324 1582 2509 1649 modo

390 1716 526 1759 non
563 1716 602 1757 a
631 1708 858 1757 senatu
881 1739 899 1768 ‚
937 1690 1052 1755 sed
1085 1690 1280 1754 etiam
1318 1710 1630 1778 oppresso
1660 1708 1890 1755 senatu
1924 1706 2023 1757 est
2048 1691 2391 1755 restitutus
2417 1718 2460 1753 ι.

483 1800 666 1863 Hanc
695 1796 1048 1861 verborum
1079 1811 1143 1858 et
1169 1793 1527 1859 dictionum
1564 1811 1633 1860 et
1667 1794 2216 1885 compositionum
2242 1796 2311 1859 in
2344 1811 2506 1859 utra-

401 1928 534 1996 que
559 1904 854 1968 0ratione
881 1902 1395 1966 convenientiam
1412 1948 1430 1985 ‚
1458 1902 1642 1983 cujus
1668 1900 2115 1991 exemplorum
2136 1902 2247 1965 vix
2282 1918 2505 1967 sextam

394 2028 642 2105 partem
675 2010 1010 2074 attulimus
1025 2058 1046 2091 ,
1082 2007 1264 2074 facile
1289 2009 1503 2096 quivis
1534 2027 1832 2074 accurate
1868 2011 2089 2099 legens
2117 2008 2505 2083 observabit3

397 2117 754 2205 eademque
797 2137 994 2206 opera
1037 2112 1353 2204 intelliget
1366 2160 1385 2196 ‚
1414 2136 1494 2179 ex
1528 2115 1823 2205 longiore
1856 2117 2163 2203 pleraque
2190 2112 2507 2179 socordius

393 2224 775 2313 transcripta
811 2244 950 2286 esse
983 2222 1050 2285 in
1087 2220 1475 2286 breviorem.
1507 2221 1704 2305 Quod
1741 2222 1797 2287 si
1840 2222 1986 2310 quis
2020 2219 2241 2286 videre
2276 2220 2505 2309 cupiat,

397 2346 648 2420 quanto
681 2328 880 2407 hujus
916 2327 1228 2391 brevioris
1257 2341 1487 2391 auctor
1528 2344 1732 2391 semet
1761 2328 1905 2416 ipso
1932 2327 2203 2391 inferior
2228 2327 2345 2408 sit,
2378 2347 2509 2389 con·

397 2437 564 2502 ferat
588 2458 651 2499 v.
691 2457 746 2499 c.
781 2433 998 2498 locum
1031 2433 1318 2521 primum
1360 2455 1438 2498 ex
1474 2432 1599 2497 illis
1638 2434 1857 2521 paullo
1900 2449 2052 2498 ante
2094 2433 2323 2520 positis
2366 2445 2505 2496 orat.

401 2543 488 2607 ad
525 2541 712 2622 Quir.
749 2562 806 2603 c.
843 2561 880 2602 a
901 2587 920 2621 ,
947 2537 1102 2603 inde
1135 2561 1174 2604 a
1201 2539 1449 2616 verbis,
1476 2541 1577 2601 «A
1608 2538 2018 2627 parentibus,
2056 2555 2180 2603 ete.
2206 2570 2233 2594 ι·
2266 2555 2330 2602 et
2352 2538 2507 2601 hunc

399 2649 469 2711 in
493 2647 644 2712 Seu.
671 2660 729 2709 c.
763 2667 790 2708 1
813 2667 830 2709 ε
855 2675 880 2700 ιι
903 2643 1101 2728 Quod
1124 2645 1176 2708 si
1199 2661 1528 2732 parentes,
1558 2645 1807 2709 etQ-In
1838 2667 1972 2733 quo
1992 2641 2349 2733 posteriore
2380 2665 2506 2707 sen·

402 2751 672 2818 tentiam
707 2751 988 2838 reperies
1020 2773 1154 2814 non
1184 2751 1325 2814 sine
1358 2771 1514 2814 cura
1548 2749 1925 2838 explicatam
1947 2795 1966 2832 ‚
1999 2769 2205 2838 quum
2234 2749 2305 2812 in
2332 2750 2509 2813 altero

405 2847 710 2945 appareat
753 2853 936 2920 rudis
991 2877 1223 2919 manus
1272 2853 1523 2920 indocti
1572 2855 1948 2937 imitatoris,
1996 2855 2257 2944 propria
2305 2854 2508 2919 scrinia

403 2962 834 3052 compilantis.
877 2963 972 3026 Ac
1009 2962 1152 3026 talia
1189 2960 1542 3049 specimina
1570 2965 1621 3026 si
1650 2963 1793 3049 quis
1822 2962 2003 3050 plura
2034 2963 2385 3041 notaverit,
2416 2958 2511 3048 qui

405 3069 614 3157 probe
654 3069 827 3132 norit
857 3068 1236 3132 Ciceronem
1275 3089 1469 3131 suum
1485 3115 1503 3145 ,
1538 3067 1905 3132 consideret
1938 3067 2163 3148 velim,
2204 3089 2287 3130 an
2328 3065 2513 3130 credi-

408 3173 536 3239 bile
561 3175 645 3240 sit
665 3222 682 3256 ,
719 3173 1158 3238 admirabilem
1187 3172 1257 3236 in
1283 3173 1395 3237 illo
1420 3173 1551 3238 vim
1582 3189 1648 3238 et
1676 3174 1927 3262 copiam
1954 3172 2349 3236 inventionis
2374 3169 2512 3235 adeo

409 3281 776 3360 exaruisse5
804 3295 882 3344 ut
899 3327 918 3361 ,
951 3301 1158 3367 quum
1197 3279 1256 3342 ei
1287 3277 1372 3342 ad
1402 3279 1722 3368 populum
1750 3279 1941 3344 verba
1975 3275 2267 3343 facienda
2293 3293 2513 3356 essent,

411 3385 574 3450 nihil
605 3386 740 3448 fere
776 3383 954 3449 aliud
989 3407 1186 3473 quam
1227 3384 1485 3448 easdem
1532 3385 1882 3450 sententias
1918 3400 2302 3472 recoqueret
2320 3433 2339 3466 ,
2379 3403 2511 3471 quas

411 3489 613 3556 modo
643 3489 820 3578 apud
845 3505 1174 3554 senatores
1205 3490 1583 3578 protulisset
1599 3538 1619 3570 ,
1646 3489 1999 3580 praesertim
2028 3489 2295 3578 quando
2322 3489 2511 3578 ipsum

413 3613 672 3684 tempus
727 3596 1019 3660 animum
1077 3594 1215 3674 ejus
1272 3595 1721 3660 vehementius
1775 3617 2186 3668 commovere
2238 3592 2508 3672 deberet,

411 3727 808 3793 omnemque
843 3703 1084 3792 ingenii
1121 3705 1489 3769 facultatem
1526 3706 1799 3770 excitare
1824 3703 1906 3769 ad
1934 3727 2069 3770 rem
2091 3752 2110 3787 ‚
2140 3727 2285 3793 quae
2312 3721 2510 3791 magna

415 3827 480 3873 et
527 3810 790 3897 copiosa
833 3829 956 3898 per
1001 3831 1072 3872 se
1105 3826 1311 3890 esset,
1346 3809 1517 3874 varie
1564 3809 2019 3875 exornandam.
2072 3809 2237 3874 Mihi
2278 3807 2506 3896 quidem

409 3929 591 3988 ,certe
627 3915 764 3978 haec
805 3914 1104 4003 egestatis
1137 3932 1519 4005 argumenta
1564 3917 1841 3981 nimium
1878 3916 2082 3982 aliena
2126 3914 2419 3981 videntur
2442 3909 2504 3974 ab

411 4017 703 4081 ubertate
740 4019 981 4106 ingenii
1019 4019 1446 4084 Ciceroniani.
