2594 4537
315 331 402 376 22
941 303 1041 373 M.
1096 303 1173 372 T.
1227 299 1817 372 CICERONIS

315 428 575 502 Catoni
649 425 807 499 seni
836 478 857 511 ,
925 448 1156 521 quum
1217 423 1569 522 plurimos
1627 420 1931 496 haberet
1950 433 2011 478 ¹⁷
2078 425 2409 498 inimicos
2434 483 2458 516 ‚

313 563 538 612 nemo
590 528 746 610 Tib.
811 535 1312 620 Coruncani0‚
1375 557 1591 606 nemo
1660 533 1771 606 Μ’.
1800 529 1863 580 ¹⁸
1910 537 2135 606 Curio
2162 592 2181 624 ‚
2234 561 2461 610 nemo

313 648 483 720 huic
510 646 650 744 ipsi
677 659 929 717 nostro
953 649 1031 716 C.
1055 647 1286 718 Mario
1302 699 1323 734 ,
1352 670 1585 743 quum
1604 646 1670 716 ei
1695 643 1905 716 multi
1928 655 1994 702 ¹9
2014 646 2457 736 inviderent,

313 758 582 853 objecit
625 779 975 853 umquam
997 765 1084 826 ²⁰.
1121 756 1475 854 Equidem
1518 755 1985 828 vehementer
2018 755 2244 845 laetor,
2284 784 2457 834 eum

311 891 465 938 esse
501 889 618 938 me
641 919 662 954 ‚
701 867 780 936 in
821 889 1042 962 quem
1079 881 1197 951 tu,
1235 890 1467 963 quum
1501 891 1845 964 cupereS‚
1878 866 2155 938 nullam
2192 885 2459 942 contu-

309 977 600 1051 meliam
621 977 860 1073 jacere
884 978 1236 1074 potuerIS‚
1264 1001 1427 1075 quae
1454 1001 1605 1048 non
1634 976 1724 1048 ad
1756 979 2144 1051 maximam
2172 994 2457 1076 partem

311 1089 579 1166 civium
620 1089 1062 1158 conveniret.

407 1203 596 1273 VIII.
635 1199 779 1270 Sed
816 1213 1060 1272 tamen
1085 1211 1158 1270 te
1190 1221 1232 1270 a
1261 1221 1417 1283 me,
1456 1203 1593 1294 pro
1628 1200 1905 1294 magnis
1932 1199 2165 1272 causis
2187 1213 2463 1272 nostrae

309 1309 933 1398 necessitudinis¹‚
991 1305 1447 1380 monendum
1498 1331 1652 1380 esse
1696 1309 1911 1380 etiam
1968 1322 2190 1407 atque
2234 1311 2463 1382 etiam

310 1433 516 1516 pute.
563 1422 730 1493 Non
787 1434 1094 1519 possunt
1149 1441 1403 1490 omnes
1454 1442 1607 1489 esse
1663 1418 1963 1516 patricii.
2019 1421 2144 1490 Si²
2198 1445 2461 1492 verum

313 1530 614 1626 quaeriS,
659 1555 753 1604 ne
785 1545 1046 1604 curant
1081 1528 1375 1626 quidem
1409 1555 1426 1598 :
1466 1553 1601 1602 nec
1639 1553 1713 1600 se
1750 1529 2063 1626 aequales
2106 1532 2253 1615 tui,
2292 1553 2466 1628 pro-

310 1653 476 1736 pter
508 1640 718 1712 istam
764 1665 1089 1728 causam,
1136 1638 1264 1710 abs
1310 1653 1381 1710 te
1422 1639 1681 1711 anteiri
1718 1653 2003 1737 putant.
2050 1643 2193 1729 Ac,
2228 1641 2287 1712 si
2324 1640 2465 1712 tibi

310 1773 450 1821 nos
486 1752 848 1848 peregrini
882 1749 1234 1838 videmur,
1279 1755 1595 1846 quorum
1620 1750 1769 1845 jam
1812 1764 1885 1820 et
1918 1773 2192 1822 nomen
2220 1766 2294 1824 et
2322 1750 2464 1822 ho·

312 1883 450 1930 nos
494 1863 922 1931 inveteravit
970 1874 1045 1930 et
1094 1861 1267 1932 huic
1316 1858 1483 1931 urbi
1503 1858 1558 1946 ³,
1599 1874 1671 1932 et
1714 1860 2095 1932 hominum
2134 1858 2338 1932 famae
2376 1887 2467 1935 ac

313 1969 772 2044 sermonibus
803 2000 819 2043 :
863 1995 1085 2069 quam
1123 1970 1256 2042 tibi
1293 1970 1456 2042 illos
1492 1973 2009 2068 competitores
2052 1985 2220 2042 tuos
2254 1996 2469 2070 pere-

311 2083 560 2178 grinos
594 2082 825 2153 videri
872 2105 1164 2154 necesse
1207 2084 1387 2170 erit,
1423 2084 1553 2177 qui
1576 2081 1725 2175 jam
1764 2105 1852 2152 ex
1894 2093 2049 2155 tota
2086 2079 2293 2152 Italia
2330 2081 2467 2154 de·-

311 2191 518 2279 lecti,
559 2207 802 2264 tecum
847 2192 938 2266 de
973 2192 1254 2264 honore
1289 2206 1365 2263 et
1407 2190 1499 2262 de
1534 2195 1739 2262 omni
1783 2190 2133 2288 dignitate
2164 2207 2467 2264 conten-

314 2301 552 2375 dunt?
603 2307 940 2395 Quorum
979 2328 1150 2376 cave
1197 2317 1278 2373 tu
1320 2327 1765 2400 quemquam
1812 2304 2283 2401 peregrinum
2330 2328 2465 2402 ap-

313 2414 572 2511 pelles,
619 2439 712 2485 ne
749 2416 1352 2512 peregrinorum‘*
1398 2411 1757 2509 suffragiis
1793 2410 2127 2484 obruare.
2174 2416 2367 2504 Qui,
2402 2428 2469 2496 si

1492 2562 1633 2609 vm.
1658 2576 1702 2609 1.
1730 2563 1830 2608 Pro
1859 2559 2053 2626 magnis
2080 2560 2246 2608 causis
2278 2573 2467 2611 nostra„-

1422 2638 1809 2688 necessitudinis.
1843 2640 1940 2687 Pro
1964 2650 2130 2688 nostra
2150 2640 2324 2689 intima
2349 2644 2469 2689 ami·

307 2618 315 2639 Ι
395 2576 474 2621 17.
504 2561 662 2623 Quum
676 2560 918 2625 plurimos
959 2558 1071 2610 hab.
1097 2560 1335 2613 inimicos.

315 2639 444 2687 Nam
470 2650 640 2703 quater
663 2649 712 2687 et
733 2638 1017 2704 quadragies
1044 2656 1234 2688 causam
1257 2640 1334 2687 di-

314 2718 416 2775 xit,
442 2734 534 2766 nec
569 2719 745 2783 saepins
772 2721 1028 2784 quisquam
1060 2720 1335 2785 postulatus

313 2810 413 2858 est,
440 2810 498 2847 ut
525 2800 592 2846 ait
616 2800 741 2849 Plin.
764 2799 855 2849 lib.
877 2802 992 2850 vn.

389 2882 468 2928 18.
493 2879 728 2929 Addimus
747 2897 839 2929 nos
862 2883 951 2929 M’.
973 2898 1000 2929 e
1027 2880 1335 2929 codice-Am·
1394 2886 1399 2892 ”

316 2958 562 3008 brosiano.
582 2960 710 3008 Vide
730 2962 857 3025 Ang.
877 2960 1063 3009 Maium
1077 2996 1092 3019 ,
1127 2976 1179 3024 p.
1206 2962 1301 3017 134
1318 2996 1333 3019 ‚

317 3038 406 3087 ubi
431 3039 574 3104 plene
596 3062 622 3081 α
636 3040 835 3088 Tiberio
856 3040 1165 3089 Coruncanio
1185 3062 1228 3087 ιο.
1248 3041 1333 3089 Al.

311 3119 370 3166 T.
396 3118 546 3167 Male.
567 3120 702 3167 J.V.
727 3121 781 3167 L.

387 3214 468 3261 19.
497 3199 653 3261 Quum
681 3198 730 3245 ei
748 3198 890 3246 multi
907 3196 1188 3247 inviderent.
1212 3200 1335 3249 Prae-

317 3276 460 3341 cipue
483 3276 696 3335 nobiles,
719 3278 834 3342 quia
868 3276 1021 3324 homo
1041 3293 1199 3325 novus
1213 3290 1333 3327 erat.

309 3357 430 3416 Ejus
463 3356 649 3405 inimici
691 3358 886 3407 fuerunt
912 3362 966 3406 L.
986 3358 1216 3415 crassus,
1259 3358 1333 3405 M.

313 3436 546 3491 Scaurus,
566 3452 735 3484 omnes
755 3436 969 3497 Metelli,
991 3448 1046 3485 ut
1069 3438 1136 3485 ait
1160 3438 1335 3486 Cicero

309 3515 361 3562 in
390 3515 519 3564 libro
559 3514 620 3562 de
652 3517 921 3581 provinciis
961 3516 1341 3582 consularibus}

312 3594 423 3657 quis
451 3596 642 3661 plenior
671 3596 980 3645 inimicorum
1011 3597 1103 3643 snit
1140 3595 1198 3643 C.
1221 3596 1333 3643 Ma·

303 3674 416 3723 n’oi'

375 3768 456 3803 ao.
517 3752 705 3819 Objecie
746 3770 995 3817 umquam.
1043 3752 1110 3799 Hi
1165 3768 1333 3801 omnes

307 3832 485 3881 virtute
503 3844 553 3881 et
577 3832 760 3881 meritis
786 3832 901 3881 clari
917 3866 932 3888 ‚
969 3848 1032 3879 ex
1053 3831 1333 3896 municipiis

302 3910 355 3957 in
374 3911 542 3960 urbem
574 3922 840 3969 venerunt,
867 3911 1177 3973 honoresque
1197 3928 1332 3961 sum-

306 4006 439 4049 mos,
469 4006 762 4057 quamquam
788 3988 970 4055 plebeii
1004 3976 1190 4053 generis
1216 3990 1327 4039 ade-

305 4072 380 4133 pti
404 4083 534 4121 sunt.

1424 2722 1554 2768 citia.
1580 2720 1660 2767 Illi
1685 2718 1961 2780 blanditur,
2004 2732 2061 2768 ut
2098 2721 2297 2783 gravina
2326 2738 2465 2769 mor-

1424 2799 1554 2848 deat.

1496 2896 1547 2928 2.
1567 2878 1623 2927 Si
1645 2895 1833 2927 verum.
1859 2879 2143 2929 Veritatem.
2178 2904 2253 2917 -—
2276 2882 2385 2930 Nec
2412 2901 2468 2931 se

1424 2958 1642 3023 oequales
1682 2957 1770 3007 eui.
1809 2958 2005 3007 Scilicet
2045 2958 2261 3023 plebeii,
2320 2973 2467 3013 aetate

1425 3037 1649 3101 aequales,
1680 3054 1781 3084 non
1802 3048 1981 3085 curant
2002 3054 2053 3085 se
2080 3054 2183 3085 esse
2200 3041 2467 3105 patricios,

1425 3118 1538 3182 quia
1558 3129 1661 3165 tum
1688 3118 1880 3181 patricii
1906 3118 2027 3165 nihil
2045 3102 2317 3167 admodum
2336 3137 2468 3185 prm-

1423 3198 1558 3262 cipni
1593 3196 1723 3258 juris
1758 3196 2028 3258 habebant,
2050 3214 2203 3262 quum
2237 3198 2466 3249 honores

1423 3278 1568 3326 etiam
1611 3277 1817 3341 plebeiis
1861 3288 2099 3343 paterent.
2148 3305 2222 3315 -—-
2249 3282 2469 3345 Propter

1422 3359 1567 3406 istam
1602 3372 1827 3407 causam.
1871 3358 1999 3421 Quia
2035 3366 2091 3405 tu
2120 3357 2361 3423 patricius
2397 3379 2462 3410 es.

1422 3464 1493 3474 —-
1517 3437 1620 3484 Abs
1655 3447 1702 3485 te
1743 3436 1926 3483 anteiri
1954 3421 2155 3501 pusiam.
2196 3438 2374 3488 Gloria
2418 3452 2467 3489 et

1424 3518 1630 3565 meritis.

1499 3599 1546 3645 3.
1588 3594 1881 3642 Inveeeravie
1912 3607 1963 3642 et
1984 3595 2098 3644 huic
2126 3596 2251 3647 urbi.
2278 3598 2339 3645 In
2368 3599 2465 3649 hac

1420 3674 1543 3725 urbe
1575 3685 1817 3737 tamqnam
1848 3672 2097 3739 plantatus
2121 3686 2219 3737 est,
2262 3687 2314 3723 et
2336 3679 2465 3728 altas

1420 3754 1523 3819 egit
1565 3752 1752 3801 radices
1772 3788 1789 3811 ,
1844 3763 1901 3801 nt
1948 3770 2053 3803 non
2114 3753 2257 3803 facile
2309 3759 2463 3807 evelli

1422 3834 1599 3900 possit.

1493 3924 1543 3971 4.
1568 3912 1957 3979 Peregrinorum.
1971 3913 2281 3979 Municipum
2293 3950 2309 3974 ,
2330 3934 2464 3986 quos

1418 3993 1632 4059 appellas
1679 3994 1979 4059 peregrinos.
2031 4020 2101 4031 ——·
2159 3992 2459 4062 Scffiagiis.

1418 4074 1530 4121 Tibi
1556 4072 1787 4122 adversis.
