2594 4537
337 324 430 408 84
495 323 592 393 ΙΝ
643 323 903 391 ORAT.
942 321 1443 433 sULLANAM
1484 324 1780 395 COMM.
1818 324 2009 395 SCH.
2046 324 2332 395 AMBR.

431 473 497 517 2.
553 446 719 533 ⁸Vos
771 442 1167 539 rejectione
1221 445 1647 542 interposita
1698 444 1883 521 nihil
1934 444 2479 545 suspicantibus

327 555 542 629 nobis
582 553 947 652 repentini
979 553 1056 624 in
1083 576 1219 625 nos
1239 552 1521 650 judices
1554 554 1979 629 consedistis
2000 612 2021 647 ‚
2051 556 2147 629 ab
2179 580 2475 631 accusa-

328 668 612 745 toribus
643 668 901 741 delecti
935 667 1030 739 ad
1060 692 1264 766 spem
1297 669 1723 745 acerbitatis.
1760 692 1837 748 Et
1858 689 2167 768 reliquum.

405 826 618 883 Sensus
643 821 882 900 quidem
909 821 1106 882 multae
1130 817 1500 881 obscuritatis
1528 835 1645 897 est,
1678 823 1843 903 cujus
1873 824 2201 883 intellectus
2230 824 2319 883 sic
2350 844 2478 904 ape-

326 921 529 981 rietur.
558 912 668 981 Per
693 917 840 979 illud
873 930 1102 999 tempus
1126 939 1309 998 quum
1338 934 1489 979 esset
1517 916 1662 979 alius
1691 926 1907 1000 prae'ter
1932 921 2154 982 Sullam
2184 942 2327 981 reus
2350 964 2369 991 ,
2386 922 2477 1001 qni

326 1036 558 1077 causam
575 1016 724 1075 devi
742 1015 868 1095 lege
888 1014 1146 1097 Plautia(
1155 1015 1208 1097 1)
1232 1015 1481 1089 diceret,
1500 1018 1659 1077 omni
1684 1016 1887 1077 labore
1912 1018 2142 1077 conisus
2164 1024 2478 1079 estL.Tor-

323 1126 569 1193 quatus,
619 1126 686 1172 ut
725 1120 858 1171 ante
892 1111 1158 1191 judicum
1186 1110 1423 1190 rejectio
1446 1112 1533 1191 (α)
1576 1114 1741 1173 fleret
1776 1113 1850 1172 ad
1888 1134 2017 1172 eam
2048 1112 2477 1191 cognitionem,

322 1232 455 1291 quae
485 1211 558 1270 de
578 1210 681 1269 illo
703 1218 938 1289 quoque
955 1209 1163 1269 ‘futura
1176 1222 1329 1283 erat,
1353 1196 1454 1289 qui
1478 1204 1816 1289 hujusmodi
1845 1226 2011 1271 reatu
2038 1210 2383 1291 petebatur.
2408 1218 2473 1272 Et

323 1308 440 1367 boc
467 1308 740 1368 nimirum
767 1326 840 1366 eo
869 1308 1114 1367 consilio
1141 1318 1199 1366 et
1229 1326 1300 1367 ea
1326 1306 1639 1366 calliditate
1666 1303 1920 1391 peregit,
1953 1321 2021 1367 ut
2052 1308 2407 1369 melioribus
2430 1320 2477 1366 et

317 1404 665 1484 justioribus
696 1404 772 1463 ad
799 1404 959 1463 illam
991 1424 1220 1463 causam
1243 1403 1543 1482 judicibus
1571 1405 1800 1478 electis,
1833 1405 1939 1483 qui
1970 1419 2355 1485 superessent
2382 1406 2479 1465 im·

323 1504 584 1563 mitiores
618 1516 677 1562 et
705 1500 899 1581 asperi
925 1499 1186 1579 judices,
1219 1504 1439 1581 quique
1467 1500 1543 1563 ab
1568 1504 1803 1561 illorum
1833 1522 2081 1563 numero
2111 1504 2365 1562 fuissent
2392 1524 2478 1563 re-

313 1600 489 1679 jecti,
517 1596 592 1659 de
618 1600 696 1658 Ῥ.
729 1599 891 1660 Sulla
922 1592 1280 1676 judicarent,
1322 1604 1433 1678 'pro
1461 1611 1684 1657 naturae
1710 1612 1830 1658 suae
1859 1600 2137 1659 videlicet
2170 1601 2479 1679 asperitate

323 1695 482 1755 bunc
509 1696 604 1754 vei
635 1694 1002 1752 innocentem
1046 1691 1391 1753 damnaturi.
1438 1698 1528 1754 De
1566 1714 1669 1754 reu
1710 1708 1975 1754 metuens
2022 1708 2229 1755 orator
2254 1695 2315 1755 in
2361 1716 2481 1755 ora-

326 1792 500 1853 tionis
530 1790 688 1850 exitu
715 1804 1008 1869 praecavet
1023 1792 1112 1867 (3)
1144 1804 1204 1848 et
1232 1787 1499 1869 invigilat
1516 1828 1535 1863 ,
1566 1805 1633 1850 ut
1652 1790 1949 1869 judicibus
1966 1834 1985 1863 ‚
2019 1811 2281 1870 quorum
2312 1814 2483 1873 aspe-

321 1888 562 1949 ritatem
588 1888 825 1959 metuit‚
863 1886 1106 1945 incutiat
1138 1886 1549 1945 verecundiam
1583 1889 1919 1967 priusquam
1948 1888 2025 1947 ad
2052 1890 2330 1951 ferendas
2357 1910 2484 1949 sen·-

323 1986 531 2046 tentias
557 1997 732 2044 eant:
760 1998 829 2043 ut
859 1995 1178 2043 metuentes
1205 1983 1486 2043 invidiam
1510 1984 1701 2043 nimiae
1725 1983 1986 2057 duritiae,
2020 1986 2070 2045 si
2100 2008 2273 2047 reum
2298 2006 2481 2067 poenae

323 2082 656 2143 addixerint
673 2124 691 2155 ,
732 2079 855 2159 jam
895 2100 1006 2159 pro
1033 2080 1136 2139 ino
1169 2080 1385 2139 sentire
1412 2094 1710 2160 cogantur.
1759 2086 1835 2141 Et
1873 2102 1949 2141 ne
1980 2082 2144 2142 hoc'
2127 2104 2261 2163 ipso
2296 2096 2482 2143 tamen

323 2170 548 2241 animos
585 2198 791 2239 eorum
833 2176 1099 2251 laederet,
1151 2169 1602 2237 communicavit
1639 2178 1933 2237 fortunam
1976 2182 2263 2257 temporis
2304 2183 2399 2241 sui
2431 2192 2486 2239 et
2560 2182 2563 2232 !

321 2276 687 2350 consulatus,
720 2266 782 2335 in
807 2295 928 2354 quo
955 2290 1015 2333 et
1041 2275 1168 2353 ipse
1194 2282 1563 2334 contraxerat
1590 2264 1755 2354 quasi
1789 2276 1962 2335 nimis
1988 2277 2224 2337 acerbae
2263 2279 2485 2338 severi-
2561 2263 2563 2350 ἶ

327 2377 461 2438 tatis
499 2373 778 2434 invidiam
809 2373 940 2454 (4).
971 2365 1228 2450 dicitque
1267 2372 1329 2429 in
1368 2392 1675 2432 commune
1709 2373 1983 2434 omnibus
2024 2376 2484 2451 consulendum,
2543 2385 2563 2434 4

325 2487 394 2532 ut
436 2471 802 2531 severitatem
855 2466 1092 2528 nimiam
1111 2510 1129 2540 ,
1167 2487 1344 2546 quam
1378 2469 1655 2548 temporis
1698 2470 2039 2530 necessitate
2059 2475 2483 2554 susceperint,
2560 2461 2563 2554 ᾗ

327 2567 600 2648 praesenti
625 2566 987 2626 humanitate
1015 2565 1335 2624 mitificent.
2560 2561 2563 2579 ¹

1084 2703 1413 2810 Explicit
1440 2721 1701 2786 oratio,-

397 2915 482 2988 (ι)
517 2917 593 2965 De
613 2915 708 2964 hac
739 2913 845 2980 lege
873 2914 944 2962 sic
965 2913 1191 2965 Julianus
1217 2916 1411 2981 Digest.
1438 2916 1527 2966 lib.
1548 2919 1692 2977 xm,
1727 2919 1807 2970 tit.
1832 2920 1863 2968 3
1881 2955 1896 2981 ,
1920 2919 2019 2988 leg.
2048 2922 2137 2981 33,
2166 2923 2227 2974 ff.
2250 2939 2313 2974 a:
2338 2926 2485 2973 «La

330 3005 520 3056 Plautia
544 3015 596 3054 et
624 3001 759 3054 suli·
797 3019 852 3052 ea
895 3001 1090 3052 demum
1127 3005 1282 3052 vetnit
1318 3004 1465 3068 longa
1498 3006 1804 3070 pos-done
1842 3009 1984 3074 capi,
2016 3026 2133 3074 qne
2172 3015 2226 3060 vi
2259 3027 2479 3078 pone-a
2560 3029 2563 3032 ⁴

330 3095 569 3152 fuis-entg
604 3106 709 3139 non
727 3090 874 3139 etiam
895 3106 958 3138 ex
977 3091 1158 3155 quibua
1174 3091 1227 3139 vi
1252 3092 1363 3155 quis
1391 3091 1609 3153 dejectus
1632 3093 1803 3143 fnisset
1820 3115 1864 3145 ιι.
1887 3096 1952 3146 Α.
1976 3099 2056 3148 Μ.
2560 3099 2563 3102 ⁴

402 3179 483 3246 (a)
517 3181 594 3228 De
614 3172 836 3240 judicum
861 3169 1123 3240 rejectione
1150 3177 1373 3243 loquitur
1394 3177 1635 3229 Asconius
1660 3177 1725 3230 ad
1747 3185 1861 3232 Act.
1892 3187 1917 3233 1
1953 3185 2009 3234 in
2030 3187 2180 3238 Verr.
2212 3189 2265 3238 6.
2290 3190 2477 3238 Iterum

329 3262 382 3318 in
403 3267 550 3322 verr.
570 3266 632 3314 do
659 3276 799 3332 prat.
821 3265 934 3315 urb.
965 3268 1031 3317 11.
1061 3267 1124 3316 Et
1148 3267 1204 3315 in
1227 3267 1514 3333 argumento
1535 3257 1837 3345 Miloniana.
1858 3274 1923 3322 A.
1938 3273 2016 3324 M.

402 3356 482 3426 (3)
519 3355 693 3407 Codex
713 3356 984 3420 μηνοειδεῖ.
1015 3357 1076 3405 Δ.
1103 3357 1178 3406 Μ.

403 3443 484 3512 (4)
521 3443 761 3492 Invidiam
792 3437 842 3492 et
879 3443 1094 3508 pericula
1113 3445 1168 3490 in
1197 3459 1307 3507 (με
1331 3443 1603 3494 incurrerat
1638 3445 1703 3494 ob
1732 3463 1957 3498 severum
1980 3451 2231 3514 judicium
2259 3453 2320 3502 de
2350 3468 2487 3504 con-

325 3533 502 3595 juratis
552 3533 818 3580 exercitum
836 3565 853 3592 ,
899 3529 1301 3580 commemoravit
1342 3529 1449 3595 ipse
1493 3531 1668 3582 Cicero
1708 3537 1931 3600 superins
1976 3539 2033 3588 in
2078 3541 2174 3589 hac
2224 3542 2487 3604 oratione,

334 3623 437 3684 11,
467 3637 518 3671 a.
550 3621 616 3671 A.
633 3621 708 3668 Μ.
