2594 4537
860 303 1639 375 ARGUMENTUM.
1838 383 1841 386 ,
2168 302 2304 406 507

263 436 514 501 pretore
539 421 660 484 ‘suo
685 427 752 482 L.
777 425 1072 504 Appuleio
1108 427 1168 486 in
1193 426 1395 506 primis
1430 425 1712 500 dilectus3
1752 427 1913 507 quod
1954 425 2309 490 wibunatum

263 519 454 599 plebis
483 519 857 588 laudabiliter
894 523 1166 600 gesserit3
1203 523 1365 602 quod
1402 521 1729 584 domesticis
1754 525 1929 584 etiam
1958 525 2229 586 laudibus
2258 539 2318 586 et

263 621 452 698 patris
475 621 856 698 omniumque
877 642 1118 682 suorum
1145 641 1343 682 amore
1368 623 1589 682 floreat.
1612 625 1815 703 Itaque
1842 624 2171 684 mirandum
2194 644 2316 684 non

265 717 719 786 esse,bomincm
746 717 1018 778 omnibus
1047 731 1162 778 tam
1195 719 1451 780 externis
1478 739 1655 798 quam
1669 721 1997 782 domesticis
2022 721 2199 780 rebus
2226 741 2319 781 or·

263 825 468 872 natum
495 813 710 874 factum
741 833 864 874 esse
893 813 1152 890 aedilem,
1185 835 1317 896 cap.
1350 837 1441 888 11,
1480 833 1569 874 η.

346 911 510 972 Nihil
547 924 743 972 autem
781 913 1012 972 efficere
1039 907 1434 974 'Laterensem
1448 957 1467 988 ,
1512 911 1673 992 quod
1710 913 1875 973 illum
1918 913 2051 973 vitoe
2099 913 2317 974 Plancii

273 1008 644 1086 splendorem
689 1010 930 1069 maculis
983 1011 1208 1090 aliquot
1244 1025 1541 1090 aspergat,
1580 1031 1692 1070 nec
1716 1029 1921 1071 verum
1962 1031 2117 1090 esse,
2158 1011 2317 1090 quod

266 1103 424 1165 dicat
445 1119 762 1180 accusator,
785 1107 976 1188 ipsum
997 1121 1224 1188 patrem
1242 1109 1477 1168 Plancio
1498 1099 1703 1168 obesse
1724 1107 1960 1182 debere,
1982 1129 2108 1188 cap.
2128 1111 2318 1182 1214.

346 1207 382 1262 J
385 1223 478 1264 am
503 1203 580 1263 ad
609 1204 794 1284 ipsam
819 1225 1052 1266 causam
1077 1206 1303 1266 accedit
1324 1229 1341 1280 3
1362 1207 1423 1265 in
1450 1225 1569 1284 quo
1596 1205 1846 1282 primum
1869 1207 2198 1267 Laterensis
2224 1225 2319 1266 re·

267 1298 683 1378 prehenditur,
717 1301 879 1380 quod
905 1321 1086 1381 quum
1109 1303 1407 1362 Plancium
1432 1321 1507 1360 ex
1532 1303 1658 1382 lege
1688 1301 1912 1362 Licinia
1939 1301 2013 1361 de
2040 1301 2321 1362 sodalitiis

269 1397 584 1471 accusarit,
601 1399 744 1458 nihil
775 1400 930 1460 aliud
963 1401 1178 1478 egerit,
1200 1419 1373 1479 quam
1402 1413 1469 1459 ut
1494 1399 1731 1460 edititiis
1755 1399 2053 1478 judicibus
2074 1401 2161 1460 uti
2184 1421 2323 1480 pos-

267 1508 390 1568 set3
417 1495 562 1554 nibil
587 1496 741 1555 enim
767 1515 902 1555 eum
927 1497 1170 1570 afferre,
1188 1517 1309 1575 quo
1340 1496 1622 1556 doceatur
1646 1495 1943 1555 Plancium
1970 1496 2158 1556 tribus
2184 1515 2321 1556 cor-

271 1592 528 1672 rupisse3
557 1593 660 1651 sed
689 1611 760 1651 ea
786 1605 1007 1652 tantum
1039 1595 1325 1672 proferre,
1356 1612 1488 1671 quae
1518 1592 1592 1652 ad
1626 1592 1765 1652 alias
1795 1591 1869 1651 de
1895 1592 2117 1652 ambitu
2143 1593 2324 1672 leges,

271 1706 392 1746 non
417 1687 492 1747 ad
515 1688 698 1767 legem
724 1687 1002 1748 Liciniam
1028 1688 1407 1768 pertinerent.
1429 1693 1635 1767 Itaque
1662 1689 1851 1768 poscit
1870 1687 1945 1748 ab
1972 1689 2325 1762 adversario,

271 1796 338 1843 ut
358 1783 422 1842 in
451 1803 816 1863 quacumque
849 1784 1004 1844 tribu
1019 1828 1039 1856 ‚
1069 1785 1235 1863 cujus
1257 1785 1537 1864 suffragia
1558 1787 1825 1846 Plancius
1852 1787 2053 1844 tulerit
2073 1827 2091 1857 ,
2116 1785 2325 1846 vitium

272 1880 578 1954 ostendat;
622 1901 683 1942 se
709 1881 916 1941 eodem
951 1881 1128 1941 modo
1159 1901 1279 1960 quo
1303 1881 1367 1941 id
1394 1883 1719 1942 Laterensis
1745 1882 1823 1942 de
1856 1881 2151 1955 tribubus,
2178 1903 2324 1962 quas

273 1979 400 2057 ipse
428 1978 654 2051 tulerit,
687 1977 1086 2038 demonstrare
1111 1979 1301 2057 possit
1319 2019 1338 2050 ,
1366 1979 1652 2038 rationem
1680 1993 2076 2053 ostensurum,
2102 1998 2221 2058 qua
2246 1979 2327 2038 fa-

274 2088 434 2135 ctum
457 2075 560 2146 sit,
585 2088 650 2134 ut
677 2076 790 2136 illae
816 2077 1114 2136 Plancium
1143 2075 1369 2136 aedilem
1392 2077 1743 2150 creaverint,
1770 2097 1897 2156 cap.
1924 2077 2130 2154 15-19.
2181 2121 2190 2131 .

356 2175 640 2232 Praeterea
655 2163 779 2251 jain
801 2172 1048 2234 comitiis
1073 2172 1473 2252 superioribus
1494 2193 1628 2232 ann.
1648 2177 1721 2234 U.
1734 2173 1849 2251 698
1864 2215 1881 2245 ,
1902 2193 1937 2232 a
1962 2175 2169 2232 Crasso
2192 2191 2329 2230 con-

277 2270 404 2329 sule
429 2268 569 2349 legis
594 2271 834 2331 Liciuiae
861 2284 1098 2332 auctore
1123 2270 1355 2343 habitis,
1384 2270 1747 2350 designatum
1766 2290 1889 2330 esse
1911 2270 2242 2343 Plancium3
2266 2268 2327 2328 in

275 2365 490 2444 quibus
519 2387 594 2428 ne
619 2368 670 2429 si
695 2368 1000 2446 cogitasset
1021 2368 1311 2449 quispiam
1337 2368 1535 2446 largiri
1552 2410 1571 2441 ,
1614 2368 1855 2428 daretur
1884 2367 2137 2447 spatium
2162 2385 2326 2426 oom-

275 2463 538 2543 parandi.
569 2466 804 2525 Scilicet
833 2486 908 2525 eo
933 2478 1197 2545 tempore
1223 2465 1300 2525 de
1326 2464 1597 2525 omnibus
1620 2464 2049 2544 magistratibus
2082 2463 2177 2523 bis
2203 2464 2327 2524 suf—

281 2560 460 2639 fragia
489 2560 628 2620 ferri
659 2560 944 2621 solebant.
985 2566 1192 2639 Itaque
1229 2562 1437 2641 primis
1474 2561 1727 2621 comitiis
1770 2580 1807 2619 a
1845 2562 2081 2621 consule
2114 2559 2329 2620 habitis

277 2656 496 2715 nullam
521 2656 842 2735 largitionis
865 2657 1038 2718 fuisse
1060 2678 1168 2718 nec
1187 2678 1311 2719 esse
1336 2659 1594 2738 potuisse
1615 2658 2019 2737 suspicionem,
2045 2678 2113 2717 ac
2134 2672 2328 2717 tamen

275 2754 574 2813 Plancium
616 2754 932 2833 plurimum
967 2755 1248 2833 valuisse,
1293 2776 1404 2815 nec
1442 2757 1655 2815 mirum
1693 2776 1817 2815 esse
1852 2756 2047 2816 alteris
2081 2756 2328 2818 comitiis

277 2848 528 2910 aedilitiis
553 2850 916 2929 designatum
935 2872 1059 2911 esse
1089 2852 1317 2911 aedilem
1332 2896 1349 2927 ,
1370 2872 1551 2930 quum
1572 2852 1636 2911 in
1656 2852 1771 2912 illis
1802 2870 1837 2910 a
1860 2856 2067 2911 &asso
2092 2852 2330 2911 consule

279 2944 494 3006 habitis
519 2967 638 3005 non
663 2948 874 3027 exigua
899 2966 1034 3027 pars
1059 2949 1290 3027 populi,
1318 2948 1423 3009 sed
1449 2949 1753 3009 universus
1784 2949 2037 3028 populus
2058 2948 2333 3008 volunta-

283 3054 398 3101 tem
410 3062 572 3103 suam
585 3043 915 3105 declararit.
931 3050 1021 3105 Ac
1037 3045 1085 3104 si
1097 3045 1425 3105 Laterensis
1441 3058 1575 3125 post
1594 3044 1796 3124 priora
1806 3044 2041 3103 comitia
2056 3043 2334 3103 voluisset

279 3138 504 3219 populo
550 3138 890 3201 submissius
927 3140 1288 3220 supplicare,
1316 3160 1379 3200 se
1407 3160 1531 3200 non
1566 3138 1837 3199 dubitare
1868 3139 2010 3217 quin
2040 3140 2229 3198 omnis
2252 3139 2330 3199 ad

285 3254 419 3293 eum
443 3252 720 3297 conversa
745 3238 922 3297 fuerit
945 3236 1288 3310 multitudo,
1316 3257 1445 3316 cap.
1464 3258 1561 3297 ao.
1592 3236 1819 3297 Deinde
1839 3242 2243 3310 Laterensem,
2269 3252 2335 3297 ut

285 3329 476 3391 minus
503 3334 756 3412 graviter
783 3334 960 3408 ferat,
987 3354 1049 3393 se
1073 3334 1136 3393 in
1171 3333 1464 3394 aedilitatis
1497 3334 1775 3413 petitione
1799 3334 2151 3410 praeteritum
2173 3354 2297 3393 esse
2315 3377 2334 3407 ,

286 3430 562 3509 exemplis
585 3432 920 3491 consolatur
933 3450 1156 3504 eorum,
1179 3432 1282 3510 qui
1300 3444 1434 3511 post
1455 3430 1740 3491 aedilitatis
1762 3430 2051 3511 repulsam
2072 3431 2337 3491 consules

288 3525 426 3584 facti
455 3525 602 3601 sinu
625 3527 914 3606 simulque
935 3526 1246 3606 significat,
1261 3527 1424 3607 quod
1450 3527 1731 3607 petitione
1754 3528 2081 3587 tribunatus
2103 3528 2337 3587 destite-

291 3619 384 3689 rit,
403 3640 480 3681 ne
503 3621 566 3681 in
587 3624 772 3702 legem
793 3624 1078 3703 agrariam
1103 3624 1244 3685 sulii
1271 3625 1513 3685 casaris
1526 3625 1773 3704 juraret,
1795 3644 1915 3684 non
1934 3624 2111 3684 fuisse
2125 3624 2337 3696 nullos,

285 3737 537 3795 quorum
563 3721 785 3781 animos
810 3722 934 3801 ejus
962 3722 1058 3781 ille
1083 3722 1250 3781 fortis
1278 3723 1503 3781 animus
1528 3722 1874 3796 offenderit,
1902 3742 2031 3801 cap.
2057 3740 2150 3779 at.
2187 3726 2334 3782 Bre-

289 3814 439 3875 viter
459 3816 674 3877 deinde
697 3818 822 3878 aliis
847 3818 1170 3879 Laterensis
1195 3818 1548 3897 argumentis
1572 3818 1887 3898 respondet
1908 3862 1927 3891 ,
1954 3818 2115 3895 quod
2150 3816 2339 3879 tribus

291 3913 596 3992 plerasque
639 3924 772 3975 cum
810 3916 1002 3976 Plotio
1044 3916 1242 3977 tulerit
1268 3917 1563 3990 Plancius,
1612 3916 1772 3995 quod
1804 3916 2109 3976 nonnullas
2154 3915 2341 3976 tribus

293 4028 460 4087 poene
487 4011 728 4071 totidem
753 4014 984 4093 punctis
1022 4026 1267 4093 uterque
1308 4014 1537 4089 tulerit3
1566 4014 1725 4093 quod
1762 4013 2057 4094 prioribus
2096 4015 2344 4076 comitiis
