2594 4537
474 294 1209 365 COMMENTARIUS
1257 296 1573 367 SCHOL.
1625 300 2015 373 AMBROS.
2180 300 2324 401 607

126 418 532 497 PLEBIO),
560 418 721 497 quod
750 417 861 477 sub
886 418 1119 475 nominc
1154 418 1338 497 ipsius
1361 420 1568 478 Cicero
1611 420 1899 501 inscripsit
1938 424 1997 482 in
2033 425 2320 485 invectio-

116 522 305 577 ‘nem
337 522 403 576 P.
443 516 653 579 Clodii.

270 676 345 719 2.
384 646 519 717 Illo
552 650 677 717 SC.
714 644 913 743 quod
950 646 1027 715 in
1060 663 1538 718 monumento
1570 651 1776 720 Marii
1808 648 2076 723 factum
2111 668 2238 725 est.

248 803 329 857 In
361 798 581 875 templo
614 798 837 855 scilicet
872 777 1127 857 Honoris
1169 810 1227 855 et
1263 796 1546 871 Virtutis,
1579 800 1640 857 in
1677 819 1800 878 quo
1846 814 2038 861 actum
2071 804 2321 881 primum

142 898 417 957 videtur
440 897 515 955 de
544 896 907 955 restitutione
934 897 1233 955 Ciceronis
1262 895 1367 975 (n).

274 1030 349 1101 3.
391 1032 559 1119 Quo
604 1026 899 1127 quidem
954 1030 1165 1100 etiam
1219 1032 1444 1127 magis
1479 1054 1677 1115 sum,
1719 1056 1868 1101 non
1919 1030 2149 1105 dicam
2186 1036 2320 1105 mi·-

146 1166 335 1230 ser,
366 1164 533 1209 nam
560 1138 705 1211 hoc
735 1137 1035 1238 quidem
1062 1136 1406 1211 abhorret
1441 1164 1483 1209 a
1511 1140 1786 1211 “virtute
1819 1142 2124 1215 verbum
2147 1200 2165 1233 ,
2193 1146 2319 1217 sed

150 1265 375 1323 certe
414 1243 791 1323 exercitus

252 1397 425 1451 Hanc
450 1392 787 1451 sententiam
810 1389 1127 1449 secundum
1160 1390 1290 1449 illos
1318 1391 1702 1471 philosophos
1729 1394 1924 1453 intulit
1933 1398 2086 1473 „qui
2115 1400 2322 1456 existi-

154 1503 488 1549 mavemnt
528 1510 756 1572 semper
792 1487 995 1547 beatos
1036 1508 1159 1547 esse
1212 1489 1535 1568 sapienteS,
1583 1510 1900 1569 numquam
1955 1493 2196 1551 miseros
2235 1496 2320 1575 (3)

158 1588 593 1646 ‹·xistimandos
616 1609 632 1645 ε
660 1607 726 1645 ac
748 1584 952 1664 siquid
982 1586 1212 1645 adversi
1240 1586 1629 1666 prudentibus
1652 1590 2068 1662 eveniret2non
2089 1612 2320 1670 poenam

160 1685 359 1762 magis
382 1697 441 1743 et
466 1686 848 1744 calamitatem
868 1728 885 1757 ,
916 1704 1089 1763 quam
1120 1684 1592 1763 exerciJationem
1622 1706 1745 1745 esse
1770 1688 2040 1747 fortunae.

274 1816 598 1886 XXXIV.
652 1838 713 1885 ι.
750 1816 883 1884 Hic
918 1814 1131 1883 etiam
1166 1810 1501 1884 addidisti
1533 1838 1650 1885 me
1677 1813 1952 1887 idcirco
1977 1840 2134 1888 mea
2165 1816 2322 1916 lege

169 1925 431 2007 exsilio
470 1923 827 1996 ambitum
865 1924 1181 1995 sanxisse
1215 1923 1335 2013 (ln),
1375 1938 1459 1994 ut
1498 1926 2056 1999 miserabiliores
2093 1930 2324 2025 epilo-

164 2060 309 2133 gos
346 2058 631 2132 possem
666 2034 929 2105 dicere.

244 2281 327 2346 (1)
355 2277 495 2330 Nota
532 2277 847 2348 opusculum
872 2274 1213 2346 deperditum
1234 2311 1249 2337 ,
1280 2274 1447 2326 immo
1485 2292 1720 2345 prorsus,
1758 2274 1906 2347 quod
1950 2277 2116 2330 sciam
2136 2315 2152 2341 ,
2175 2271 2340 2333 inan-¹

166 2365 353 2418 ditum
374 2361 665 2414 Ciceronis.
688 2363 754 2413 L.
782 2360 1011 2416 Racilius
1038 2359 1364 2413 tribunatum
1392 2357 1510 2412 iniit
1535 2376 1659 2412 cum
1688 2359 1905 2412 Plancio
1931 2359 2154 2432 aliisque
2179 2380 2322 2414 anno

170 2455 411 2500 exeunte
431 2463 539 2517 quo
574 2445 763 2498 Cicero
795 2445 863 2498 ab
898 2443 1078 2498 exsilio
1114 2454 1394 2496 revocatus
1421 2453 1530 2505 est,
1563 2443 1828 2516 gessitque
1852 2463 1994 2498 anno
2031 2456 2284 2516 sequente
2307 2487 2322 2514 ,

170 2548 373 2602 nempe
390 2527 701 2582 Marcellino
722 2539 775 2580 et
801 2527 1047 2600 Philippo
1084 2527 1410 2582 consulibus.
1435 2527 1584 2581 Belle
1621 2526 1690 2580 ad
1720 2526 1866 2581 hunc
1895 2519 2080 2582 locum
2115 2529 2323 2584 faciunt

168 2635 298 2690 ‹suae
320 2616 508 2668 Cicero
534 2613 719 2666 scribit
744 2611 811 2666 ad
837 2615 904 2679 Q.
928 2614 1180 2676 Fratrem,
1197 2613 1294 2666 lib.
1315 2613 1392 2680 11,
1411 2631 1496 2684 ep.
1523 2631 1545 2665 1
1567 2632 1581 2664 t
1605 2639 1630 2658 a
1653 2611 1888 2666 Racilius
1915 2613 2167 2681 surrexit,
2189 2628 2240 2668 et
2256 2616 2324 2668 de

166 2700 389 2776 judiciis
424 2698 622 2752 referre
648 2699 825 2770 coepit.
859 2699 1229 2752 Marcellinum
1270 2696 1490 2770 quidem
1522 2687 1754 2768 primum
1799 2699 2022 2769 rogavit.
2068 2699 2120 2752 Is
2155 2719 2324 2773 quum

166 2786 407 2859 graviter
428 2783 496 2837 de
535 2781 807 2837 Clodianis
842 2781 1127 2847 incendiis,
1157 2781 1620 2844 trucidationibus‚
1661 2782 2082 2854 lapidationibus
2107 2797 2323 2856 questus

171 2880 312 2923 esset
332 2908 347 2934 ‚
388 2880 487 2920 etc.
522 2866 709 2920 Postea
744 2865 974 2919 Racilius
1000 2864 1069 2918 de
1094 2865 1315 2936 privatis
1341 2883 1430 2918 me
1467 2865 1708 2936 primum
1748 2868 2063 2919 sententiam
2098 2869 2323 2936 rogavit.

172 2952 346 3005 Multa
372 2951 475 3004 feci
486 2951 649 3004 verba
676 2949 745 3004 de
769 2960 883 3002 toto
910 2948 1093 3001 surore
1119 2946 1506 3019 latrocinioque
1527 2947 1588 3001 P.
1617 2947 1790 3000 Clodii
1819 2969 1833 3000 :
1872 2967 2022 3016 eum,
2047 2961 2323 3022 tamquam

173 3056 363 3104 reum,
390 3035 637 3089 accusavi
663 3034 843 3088 multis
882 3045 936 3086 et
972 3031 1223 3087 secundis
1264 3028 1846 3086 admurmurationibus
1881 3033 2059 3085 cuncti
2084 3046 2327 3098 senatus,

175 3133 279 3174 etc.
306 3121 448 3172 Tum
468 3119 686 3173 Clodius
711 3129 925 3189 rogatus
952 3116 1093 3170 diem
1118 3115 1345 3169 dicendo
1368 3119 1600 3170 eximere
1615 3115 1776 3188 coepit
1804 3134 1819 3169 τ
1845 3115 2059 3168 furebat
2076 3135 2108 3168 a
2123 3118 2323 3171 Racilio

174 3225 232 3257 se
252 3203 633 3257 contumaciter
653 3201 1018 3273 inurbaneque
1042 3213 1291 3254 vexatum
1305 3239 1320 3264 ,
1340 3213 1444 3253 etc.
1467 3199 1548 3252 De
1571 3199 1802 3251 tribunis
1819 3200 1992 3271 plebis
2016 3200 2171 3271 longe
2191 3200 2324 3272 opti-

176 3307 326 3342 mum
358 3287 613 3339 Racilium
640 3286 913 3338 habemus.
943 3284 1193 3338 Plancius
1221 3297 1361 3336 totus
1379 3295 1561 3336 noster
1587 3295 1666 3335 est
1685 3308 1728 3333 »-

248 3374 326 3439 (α)
350 3371 575 3442 Egregie
600 3387 730 3423 sane
754 3366 975 3422 consilio
1004 3367 1326 3422 Garatonius
1353 3366 1514 3419 sedem
1536 3365 1767 3418 Honoris
1791 3375 1950 3438 atque
1961 3364 2188 3419 Virtutis
2209 3365 2324 3419 Ma-

176 3456 386 3510 rianam
405 3493 420 3518 ,
446 3456 639 3526 scripta
661 3453 918 3526 peculiari
939 3451 1161 3506 diatriba
1185 3489 1201 3515 ,
1230 3451 1470 3517 distinxit
1495 3449 1726 3522 denique
1759 3468 1790 3502 a
1821 3451 2158 3503 Marcelliana
2190 3452 2330 3521 ejus·

176 3546 301 3594 «lem
327 3539 710 3610 appellationis.
737 3539 873 3592 Nam
896 3551 1045 3590 antea
1077 3536 1295 3608 quidem
1329 3553 1392 3588 es
1419 3551 1502 3587 res
1529 3534 1662 3586 mihi
1688 3546 1743 3586 et
1775 3533 1892 3586 aliis
1917 3572 1933 3598 ,
1957 3535 2110 3586 etiam
2143 3535 2328 3585 veteri-

181 3630 303 3686 bus,
331 3623 575 3675 tenebras
614 3620 899 3674 effuderat.
925 3621 1066 3673 Usus
1101 3631 1179 3672 est
1206 3631 1380 3672 autem
1415 3619 1500 3670 vir
1525 3617 1865 3671 doctissimus
1900 3617 1968 3670 ad
2009 3635 2126 3668 eam
2148 3612 2328 3666 distin-

178 3711 414 3763 ctionem
460 3705 777 3760 firmandam
816 3703 1021 3775 duplici
1044 3703 1277 3757 vitruvii
1315 3704 1435 3755 loco
1469 3701 1596 3755 libri
1629 3701 1741 3767 111,
1783 3720 1834 3766 1,
1879 3713 1930 3754 et
1962 3700 2080 3753 libri
2121 3697 2330 3769 septimi

178 3790 435 3866 prooemio
464 3809 571 3842 non
598 3790 785 3861 procul
806 3809 838 3842 a
854 3788 978 3842 fine.
997 3788 1092 3841 His
1109 3783 1317 3841 accedit
1336 3786 1566 3858 denique
1595 3786 1838 3860 egregius
1863 3797 2042 3838 noster
2067 3783 2329 3854 interpres

180 3875 579 3930 Ambrosianus.

250 3963 331 4031 (Ἰ)
366 3959 499 4012 Cod.
532 3979 802 4027 numquam
834 3979 933 4010 non
970 3960 1170 4008 miseros
1199 3961 1573 4010 existimandus.

206 4043 227 4064 ·'
251 4049 331 4116 (4)
372 4043 509 4098 Hinc
532 4044 893 4114 -'corriganmr
932 4041 1035 4094 illae
1080 4042 1339 4096 editiones
1356 4081 1370 4108 ,
1397 4043 1450 4094 in
1477 4043 1672 4116 quibus
1700 4037 2102 4112 corruptissime
2124 4035 2340 4105 legitur,
