2594 4537
328 283 422 357 26
981 286 1078 353 Μ.
1129 286 1206 353 Τ.
1263 272 1869 359 CICERONIS·

320 408 383 480 si
407 394 504 478 ¹ea
537 404 674 477 tibi
722 408 916 503 regia
958 403 1333 494 videntur,
1368 406 1573 504 quod
1614 431 1872 480 omnes
1912 405 2097 480 boni
2134 410 2479 501 omnium

326 540 678 617 generum
713 531 935 613 atque
973 514 1317 615 ordinum
1344 541 1550 589 suam
1578 516 1881 589 salntem
1914 536 2270 591 cum·mea
2300 544 2483 591 eon-

321 632 695 727 jungunt²
727 654 746 717 3
781 625 1161 699 consolare
1205 640 1280 699 te
1306 682 1326 717 ,
1378 628 1582 726 quod
1628 630 1959 699 omnium
2006 642 2291 701 mentes
2335 631 2481 701 im-

326 737 734 837 proborum
773 737 952 808 mihi
987 738 1118 808 uni
1148 738 1460 810 maxime
1496 753 1670 810 sunt
1693 737 1990 810 infensae
2026 753 2101 811 et
2130 737 2475 812 adversae.

328 850 476 939 Qui
507 872 626 919 me
663 871 816 918 non
855 846 1092 919 solum
1127 846 1397 919 idcirco
1432 847 1785 937 oderunt,
1827 848 2031 947 quod
2062 874 2327 921 eorum‘
2356 876 2487 923 co-

329 973 544 1031 natus
583 958 848 1057 impios
885 972 960 1030 et
993 956 1315 1030 furorem
1354 958 1923 1031 consceleratum
1956 962 2309 1057 repressi3
2346 960 2487 1033 sed

327 1093 420 1141 eo
455 1071 671 1141 etiam
705 1069 971 1168 magis,
1015 1068 1217 1167 quod
1261 1068 1444 1139 nihil
1482 1070 1633 1165 jam
1676 1093 1753 1141 se
1796 1070 2230 1159 simile,‘me
2263 1072 2437 1142 vivo
2460 1127 2483 1160 ‚

331 1180 578 1253 conari
613 1202 826 1278 posse
864 1177 1331 1251 arbitrantur.
1375 1182 1467 1250 At
1510 1203 1695 1251 vero·
1720 1178 1899 1276 quid
1936 1202 2073 1277 ego
2114 1181 2373 1269 miror,
2420 1182 2485 1251 si

331 1290 511 1388 quid
561 1288 654 1361 ab
713 1289 1065 1389 improbis
1125 1290 1220 1363 de
1275 1314 1395 1361 me
1456 1288 1791 1389 improbe
1854 1288 2122 1362 dicitur
2168 1317 2184 1359 ε
2240 1314 2489 1387 quum

329 1404 408 1472 L.
453 1406 863 1500 Torquatus
879 1398 918 1455 -3
961 1402 1154 1499 ipse,
1203 1402 1561 1498 primum,
1604 1401 1717 1473 his
1758 1398 2253 1472 fundamentis
2298 1400 2483 1473 ado-

327 1512 690 1587 lescentiae
723 1513 933 1607 jactis
955 1566 976 1601 ,
1023 1536 1108 1583 ea
1157 1532 1286 1613 spe
1334 1512 1713 1610 proposita
1755 1511 2211 1610 amplissima:
2245 1509 2489 1607 digni-

328 1623 532 1713 tatis,
575 1622 840 1695 deinde
877 1626 959 1693 L.
1000 1624 1352 1719 Torquati
1373 1677 1392 1711 ,
1432 1620 1802 1693 fortissimi
1851 1622 2173 1694 consulis
2190 1625 2248 1709 4,
2294 1646 2489 1693 con-

329 1734 751 1805 stantissimi
785 1736 1137 1805 senatoris
1159 1788 1178 1822 ‚
1223 1756 1508 1831 semper
1543 1734 1801 1831 optimi
1838 1733 2010 1804 civis
2029 1786 2049 1816 ,
2094 1731 2285 1803 filius
2304 1786 2327 1819 ,
2370 1735 2489 1804 in-

327 1842 620 1915 terdum
689 1840 1036 1915 efferatur
1101 1841 1709 1915 immoderatione
1780 1842 2225 1915 verborum?
2284 1846 2489 1933 Qui,

329 1968 580 2051 quum·
607 1977 994 2053 suppressa
1026 1978 1209 2027 voce
1231 1950 1263 1997 ⁵
1301 1951 1390 2026 de
1425 1954 1699 2027 scelere
1727 1957 1801 2026 P.
1836 1953 2127 2025 Lentuli
2147 2007 2168 2042 ,
2210 1952 2303 2024 de
2348 1978 2489 2025 au-

329 2063 532 2136 dacia
583 2064 1130 2160 conjuratorum
1189 2066 1521 2137 omnium
1583 2064 1875 2137 dixisset
1895 2118 1916 2153 ,
1961 2064 2489 2137 tantummodo

327 2188 414 2246 ut
454 2198 622 2264 vos,
657 2179 788 2274 qui
823 2200 906 2247 ea
945 2174 1271 2274 probatis
1290 2173 1347 2263 ⁶,
1395 2175 1735 2248 exaudire
1764 2178 2073 2276 possetis
2102 2230 2121 2258 ‚
2161 2174 2254 2246 de
2298 2200 2487 2275 sup-

325 2286 544 2384 plicio
593 2291 665 2358 P.
697 2287 1038 2374 Lentuli,
1083 2287 1174 2358 de
1209 2311 1497 2360 carcere
1518 2300 1572 2375 ⁷,
1606 2311 1867 2385 magna
1902 2300 1975 2359 et
2014 2285 2489 2385 queribunda

327 2421 509 2468 voce
545 2395 850 2468 dicebat.
896 2403 984 2468 In
1030 2421 1182 2496 quo
1230 2400 1550 2498 primum
1596 2398 1777 2470 illud
1828 2411 1984 2471 erat
2028 2395 2437 2469 absurdum
2466 2453 2487 2487 ,

331 2505 532 2604 quod
555 2561 574 2592 ,
622 2531 855 2604 quum
907 2531 1028 2592 ea,
1095 2533 1260 2606 quae
1312 2505 1623 2580 leniter8
1681 2507 1995 2596 dixerat,
2046 2505 2253 2578 vobis
2296 2531 2485 2605 pro-

329 2614 505 2688 bare
546 2615 872 2704 volebat,
921 2606 1048 2689 eos
1093 2634 1335 2691 autem
1356 2675 1375 2709 ,
1423 2623 1549 2716 qui
1604 2623 1881 2692 circum
1928 2617 2283 2715 judicium
2330 2633 2483 2691 sta-

331 2725 511 2800 bant
532 2782 553 2817 ,
594 2727 844 2801 audire
873 2728 1207 2819 nolebat;
1243 2755 1397 2801 non
1430 2729 1909 2828 intelligebat,
1942 2755 2063 2820 ea,
2096 2755 2257 2828 quae
2282 2729 2489 2803 clare

398 2930 451 2962 2.
465 2915 614 2962 Suam
629 2914 840 2963 salutem
865 2932 976 2964 eum
1007 2933 1120 2965 mea
1149 2916 1353 2980 conjun-

322 3005 464 3061 gant.
485 2995 546 3043 Id
573 3005 670 3055 ent,
707 2995 866 3043 salvos
891 3011 944 3044 ω
967 3011 1074 3044 non
1113 2997 1220 3046 fore
1255 3013 1353 3063 pu·

329 3083 460 3134 tant,
479 3074 574 3123 nini
596 3075 759 3124 salvus
786 3090 898 3139 ego.

397 3154 450 3203 3.
489 3155 648 3216 Quum
678 3157 736 3204 L.
765 3156 1054 3219 Torquatus.
1079 3157 1129 3204 A
1158 3157 1353 3206 minore

325 3232 390 3282 ad
411 3235 644 3296 majorem
670 3233 886 3282 ostendit
909 3233 1040 3282 nihil
1074 3235 1353 3286 mirandum

327 3329 433 3363 ense
449 3347 466 3372 ,
509 3313 552 3361 si
583 3312 644 3361 de
669 3329 722 3361 ne
749 3313 966 3377 improbi
991 3313 1354 3380 obloquantur,

327 3409 480 3459 quum
497 3391 642 3441 etiam
662 3394 718 3442 1..
732 3394 1008 3458 Torquatus
1022 3395 1211 3460 probus
1231 3397 1353 3446 ado-

329 3471 516 3522 lescens
543 3473 608 3521 de
631 3489 694 3522 eo
713 3472 938 3537 inprobe
961 3473 1211 3538 loquatur.

397 3563 450 3610 4.
471 3553 710 3604 Consulis.
736 3552 796 3602 Id
819 3564 924 3614 est,
954 3555 1042 3619 qni
1061 3554 1357 3604 fortissimus

323 3649 456 3684 anno
476 3649 568 3682 sno
593 3633 766 3682 consul
785 3633 901 3684 fuit.

400 3713 452 3764 5.
479 3715 743 3778 Suppressa
769 3729 908 3762 voce.
936 3714 996 3763 ld
1021 3725 1096 3764 est
1109 3748 1129 3774 ,
1161 3713 1354 3765 leniter.

323 3793 496 3859 carpit
519 3794 822 3858 Torquatum
835 3827 854 3854 ,
888 3793 960 3844 in
990 3794 1052 3843 de
1082 3793 1353 3854 conjuratis

321 3883 542 3940 agentem
559 3909 575 3935 ,
613 3883 670 3921 nt
703 3889 875 3922 eornm
903 3889 1061 3924 enum
1084 3875 1246 3922 favere
1270 3875 1349 3923 vi-

322 3955 542 4012 deoem;
578 3967 731 4016 quum
766 3963 928 4002 tamen
955 3953 1138 4003 Sullam
1174 3953 1347 4016 conjn-

323 4031 525 4083 rationin
550 4043 813 4082 accusaret.

1511 2919 1565 2967 6.
1587 2918 1686 2982 Qui
1708 2934 1769 2966 ea
1790 2916 2031 2983 probatis.
2058 2919 2185 2982 Qun
2202 2916 2265 2965 de
2283 2916 2483 2967 scelere

1440 2997 1642 3048 dieent-

1513 3079 1652 3140 7.D0
1677 3077 2002 3143 supplicio...
2038 3076 2105 3126 de
2138 3091 2353 3126 eamr-e.
2382 3077 2487 3126 vi-

1440 3157 1645 3206 debatur
1668 3157 1811 3221 queri
1832 3169 1883 3206 et
1906 3173 2033 3221 ogre
2065 3157 2193 3205 {erre
2208 3154 2487 3206 Lentulum

1440 3239 1496 3286 in
1538 3253 1731 3286 earcere
1772 3238 2126 3302 strangulatum
2162 3237 2327 3286 fuisse.
2355 3236 2485 3288 ma

1440 3318 1771 3382 querimonias
1792 3333 1895 3366 non
1918 3317 2129 3382 prob-ro
2160 3315 2353 3386 judiees
2384 3317 2486 3367 de-

1440 3398 1640 3456 bebant,
1670 3397 1759 3446 sed
1791 3397 1956 3457 aulis,
1989 3397 2079 3461 qui
2116 3397 2301 3445 eitum
2332 3397 2485 3458 judi-

1440 3478 1573 3528 dun
1599 3478 1793 3527 stabant
1805 3513 1823 3540 ,
1850 3493 1954 3526 non
1972 3487 2111 3525 erant
2131 3477 2341 3542 ingrata.

1514 3560 1564 3606 8.
1582 3557 1790 3607 Leniter.
1822 3557 1905 3606 Sic
1928 3556 2032 3607 dno
2060 3556 2212 3606 codd.
2244 3571 2345 3621 reg.
2376 3573 2482 3622 pro

1443 3637 1579 3702 vulg.
1598 3637 1778 3686 leviten
1796 3638 1971 3688 Cicero
1989 3638 2095 3702 ipse
2110 3637 2199 3686 lib.
2212 3639 2237 3685 1
2248 3636 2311 3685 de
2320 3637 2482 3689 offic.

1441 3715 1571 3765 dixit
1589 3727 1607 3764 ε
1652 3739 1681 3760 α
1698 3719 1761 3766 In
1800 3733 1923 3765 voce
1962 3717 2065 3766 duo
2102 3733 2385 3782 aequamur,
2418 3730 2485 3768 nt

1442 3795 1571 3844 clara
1590 3797 1659 3845 sit
1690 3807 1740 3845 et
1762 3798 1940 3845 aunis.
1970 3798 2245 3861 Utrumque
2264 3798 2481 3848 omnino

1439 3891 1467 3924 a
1493 3885 1665 3925 natura
1697 3875 1966 3941 petendum
2004 3887 2105 3937 αις
2144 3891 2317 3926 verum
2346 3877 2479 3928 alte-

1438 3969 1547 4002 rum
1566 3955 1855 4004 exercitatio
1878 3954 2105 4020 augebit3
2132 3954 2341 4004 altemn
2356 3957 2479 4005 imi-

1438 4035 1557 4085 tatio
1580 4053 1743 4101 prene
1758 4036 2069 4101 loquentium
2094 4046 2145 4086 et
2168 4036 2344 4086 lenim-
2356 4059 2399 4087 n.
