2594 4537
645 309 1033 378 ORAT1o
1080 310 1287 378 Plio
1335 308 1651 377 DOMO
1699 308 1921 377 sUA.
2203 307 2341 407 357

300 436 391 501 X.
424 428 621 521 Quid
656 428 1005 501 tandem?
1034 432 1129 516 si,
1164 454 1326 528 quae
1353 445 1510 501 tum
1545 430 1684 501 illis
1713 428 2126 529 reipublicae
2155 444 2351 504 tene-

192 541 391 627 bris,
434 545 785 639 caecisque
826 540 1149 613 nubibus
1198 556 1273 612 et
1311 540 1678 639 procellis,
1735 566 1968 667 quum
2019 558 2348 615 senatum

192 676 237 723 a
282 650 799 776 gubernaculis
838 651 1251 747 dejecisseS‚
1286 652 1642 750 populum
1687 676 1726 723 e
1767 654 1933 723 navi
1967 652 2347 725 exturbas-

194 786 367 849 ses;
419 763 575 859 ipse
616 762 1048 861 archipirata
1093 760 1257 833 cuni
1299 786 1511 860 grege
1551 762 2032 887 praedonum‘
2013 768 2347 863 impuris-

194 872 391 942 simo
416 872 853 969 plenissimis
881 871 1059 945 velis
1086 874 1493 969 navigares3
1529 874 1623 959 si,
1653 898 1816 970 quae
1845 888 2002 945 tum
2031 877 2348 973 promul-

194 986 385 1079 gasti
412 1037 431 1071 ,
476 984 915 1054 constituisti
938 1037 957 1068 ‚
1026 983 1416 1082 promisisti
1437 1038 1456 1069 ,
1519 982 1906 1055 vendidisti
1942 1038 1961 1072 ‚
2028 984 2348 1084 perferre

193 1093 598 1191 potuisses,
634 1094 761 1189 qui
812 1094 1015 1165 locus
1048 1096 1125 1163 in
1166 1092 1348 1165 orbe
1394 1108 1750 1165 terrarum
1795 1118 2064 1165 vacuus
2115 1112 2348 1167 extra·

193 1201 586 1273 ordinariis
640 1201 956 1275 fascibus
1009 1218 1227 1301 atque
1276 1206 1586 1303 imperio
1645 1202 1996 1276 Clodiano
2043 1202 2349 1278 fuisset?

195 1310 346 1383 Sed
376 1313 727 1385 excitatus
764 1312 1157 1410 aliquando
1188 1317 1321 1385 Cn.
1359 1314 1689 1412 Pompeii
1725 1313 2004 1411 (dicam
2035 1319 2192 1413 ipso
2227 1341 2350 1389 au-

194 1421 489 1511 diente,
533 1422 733 1521 quod
770 1426 1003 1512 sensi,
1045 1438 1117 1496 et
1146 1428 1422 1509 sentiO,
1462 1450 1765 1523 quoquo
1800 1429 2042 1522 animo
2071 1450 2188 1497 me
2224 1452 2347 1498 au·

195 1532 485 1603 diturus
522 1534 711 1629 est),
756 1534 1147 1637 excitatuS,
1182 1536 1516 1631 inquam,
1555 1534 1946 1633 aliquando
1981 1540 2112 1606 Cn.
2141 1541 2350 1608 Pom-

196 1644 350 1740 peii
416 1640 723 1713 nimium
768 1643 893 1715 diu
952 1643 1374 1715 reconditus
1400 1699 1419 1733 ‚
1486 1659 1559 1715 et
1625 1646 1916 1742 penitus
1979 1644 2352 1717 abstrusus

194 1755 425 1823 animi
456 1753 687 1842 dolor,
716 1754 1059 1826 subvenit
1080 1752 1328 1825 subito
1354 1753 1770 1853 reipublicae
1792 1808 1811 1841 ‚
1843 1759 2350 1853 civitatemque

193 1861 495 1934 fractam
534 1865 767 1949 maliS,
804 1880 1081 1937 mutam
1104 1877 1124 1910 ¹
1152 1919 1172 1953 ,
1208 1864 1690 1950 debilitatam,
1721 1866 2072 1960 abjectam
2109 1880 2352 1953 metu,

196 1973 289 2043 ad
312 1972 623 2072 aliquam
656 1998 857 2073 spem
882 1975 1233 2047 libertatis
1260 1988 1334 2046 et
1363 1976 1679 2073 pristinae
1712 1974 2074 2072 dignitatis
2099 1978 2348 2047 erexit.

195 2085 331 2154 Hic
368 2088 479 2153 vir
515 2098 715 2155 extra
768 2084 1098 2157 ordinem
1148 2086 1253 2156 rei
1301 2084 1792 2156 frumentariae
1845 2084 2350 2183 praeficiendus

195 2218 351 2265 non
393 2193 569 2266 fuit?
602 2195 889 2267 Scilicet
916 2211 995 2266 tu
1030 2194 1356 2267 helluoni
1383 2195 1846 2294 spurcissimo
1862 2204 1919 2283 ²,
1952 2209 2345 2293 praegusta-

192 2309 343 2378 tori
380 2306 763 2378 libidinum
804 2322 1130 2395 tuarum,
1168 2307 1446 2378 homini
1481 2305 1940 2403 egentissimo
1967 2319 2040 2376 et
2072 2302 2346 2376 facino-

193 2417 601 2504 rosissimo‚
642 2419 831 2487 Sext.
865 2416 1161 2506 Clodio,
1202 2419 1400 2488 socio
1441 2418 1549 2487 tui
1577 2416 1946 2512 sanguinis
1966 2411 2019 2502 ³,
2050 2421 2178 2513 qui
2215 2439 2345 2488 sua

196 2524 493 2622 lingua⁴
528 2527 741 2597 etiam
782 2551 1107 2598 sororem
1144 2542 1342 2598 tuam
1387 2551 1426 2597 a
1465 2541 1542 2597 te
1581 2524 2010 2598 abalienavit
2029 2522 2084 2616 ⁵,
2121 2551 2343 2598 omne

194 2635 649 2708 frumentum
680 2638 1039 2734 privatum
1078 2652 1151 2709 et
1193 2637 1608 2736 publicum,
1647 2661 1905 2709 omnes
1937 2641 2346 2736 provincias

194 2744 741 2834 frumentariaS,
792 2772 1047 2819 omnes
1090 2744 1552 2851 mancipes⁶‚
1601 2773 1856 2820 omnes
1911 2747 2342 2820 horreorum

194 2857 432 2929 claves
468 2857 625 2954 lege
652 2867 820 2927 tua⁷
868 2856 1245 2929 tradidisti.
1288 2860 1452 2948 Qua
1490 2882 1579 2929 ex
1600 2881 1711 2929 re
1734 2858 2046 2956 primum
2093 2859 2346 2928 caritas

268 3007 337 3054 Χ.
370 3021 415 3054 1.
462 3005 671 3054 Mamm.
702 3005 805 3054 Alii
832 3003 1095 3054 emendant
1122 3023 1225 3054 nu·
1315 3015 1366 3054 et
1407 3021 1558 3064 mox,
1593 3015 1642 3054 et
1687 3004 1938 3068 aliquanto
1981 3015 2094 3068 pont
2135 3007 2344 3058 notabit.

196 3083 361 3142 dam,
376 3091 647 3141 mutatam,
664 3096 772 3133 cte.
792 3084 899 3134 Nec
916 3084 1127 3134 absurde
1149 3083 1229 3132 di·
1387 3086 1444 3134 3.
1482 3085 1624 3134 Soeio
1671 3083 1746 3132 wi
1789 3082 2061 3146 sanguinis.
2106 3085 2206 3147 Qui
2257 3087 2346 3136 tibi

196 3165 329 3212 citur
372 3175 541 3212 amun
580 3163 787 3212 civita·-
800 3199 817 3222 ‚
844 3179 955 3228 (με
996 3177 1228 3228 oppressa
1317 3164 1480 3212 tocius
1497 3173 1624 3212 esset
1643 3164 1696 3213 in
1721 3162 1852 3226 turpi
1875 3163 2234 3212 oon-uetudine
2260 3181 2344 3214 ιο-

200 3243 463 3292 tenebntur
482 3277 497 3302 ,
544 3253 595 3292 et.
653 3243 927 3292 libertatem
990 3244 1229 3292 auiuent-
1317 3245 1445 3292 rori·
1467 3255 1583 3292 tun.
1609 3241 1712 3290 Alii
1733 3240 2042 3305 corrigebant
2055 3240 2312 3303 facinoris
2330 3278 2348 3305 ,

196 3343 221 3366 ιι
240 3323 443 3370 Mutum
462 3357 477 3382 ,
500 3321 651 3386 a'tque
670 3323 999 3372 exanimatum
1026 3332 1199 3371 metu·-
1212 3353 1229 3378 ,
1319 3322 1464 3372 nula.

195 3402 299 3450 dici
318 3401 529 3450 vidimus
546 3401 597 3448 in
617 3402 759 3452 verr.
780 3404 829 3450 11
842 3435 859 3460 ‚
886 3418 969 3463 77.
995 3402 1093 3450 Sed
1114 3401 1233 3450 hnic
1393 3409 1442 3458 4.
1463 3402 1564 3448 Sua
1589 3398 1778 3463 lingua.
1811 3400 2164 3466 Pei-stringitur
2183 3403 2350 3452 fodin-

194 3481 313 3529 loeo
340 3480 513 3528 similis
539 3489 613 3528 eat
640 3480 723 3528 ille
751 3490 863 3544 post
886 3480 1017 3530 ned.
1036 3481 1091 3528 in
1114 3483 1229 3529 Son.
1318 3479 1440 3528 sima
1463 3477 1628 3528 Clodii
1647 3479 1788 3528 istius
1801 3479 1982 3528 libido.

194 3561 227 3608 3
242 3595 259 3618 ‚
288 3575 393 3624 quo
412 3558 607 3623 vulgat·
632 3559 714 3607 hic
742 3560 863 3608 mihi
884 3559 1080 3608 videtur
1096 3575 1229 3623 egre-
1393 3560 1441 3608 5.
1469 3557 1800 3606 Abalienavie.
1819 3559 1994 3606 Effecit
2007 3591 2026 3616 ‚
2051 3569 2106 3611 ut
2124 3573 2180 3606 ea
2198 3558 2354 3623 magia

194 3641 273 3704 gie
315 3638 543 3688 defendi:
594 3640 835 3688 «Mutum
880 3639 1073 3698 forum,
1110 3640 1235 3688 elin-
1324 3636 1486 3701 ipsum
1514 3636 1928 3700 diligeret,qu
1947 3648 2015 3684 te.

194 3734 343 3783 guen
370 3718 554 3766 curiam
570 3752 585 3777 ,
612 3718 807 3766 tacitam
824 3751 841 3776 ‚
868 3729 919 3766 et
942 3719 1145 3766 fractam
1162 3719 1235 3766 ci-
1397 3717 1446 3765 6.
1473 3715 1751 3780 Μωισίρεε.
1798 3715 2174 3764 Public-anorum
2215 3717 2354 3780 priu-

198 3798 405 3846 vitntem
428 3795 669 3846 videbatis
682 3818 725 3845 n.
1323 3796 1482 3860 cipes,
1514 3797 1602 3859 qui
1626 3794 1825 3860 public·
1855 3793 2081 3858 periculo
2107 3810 2200 3842 ouo
2223 3796 2353 3846 redi-

268 3891 321 3923 α.
352 3874 583 3924 Helloeoni
602 3873 923 3940 spurcissimo,
946 3885 1233 3940 praegusea·
1323 3873 1536 3924 mebant.

195 3954 297 4004 tori
324 3953 577 4002 libidinum
594 3989 609 4010 ,
631 3965 729 4006 etc.
754 3957 873 4004 Non
894 3954 1101 4004 dubium
1134 3965 1232 4014 ent,
1397 3971 1446 4014 7.
1473 3956 1604 4020 Lege
1625 3964 1730 4002 tua.
1765 3953 2012 4004 Nimirum
2037 3953 2142 4002 hnc
2161 3953 2253 4003 fnit
2273 3954 2355 4004 iun

196 4035 325 4097 quin
348 4049 453 4082 enm
484 4033 753 4082 feditatem
789 4033 1033 4098 significet
1050 4067 1067 4093 ,
1088 4049 1233 4098 quam
1325 4035 1434 4096 lex,
1464 4049 1610 4098 qnam
1649 4033 1764 4085 tulit
1805 4036 1862 4084 Ρ.
1899 4033 2106 4084 Clodiu·
2136 4035 2358 4084 tribunus
