2594 4537
287 264 422 335 522
927 268 1022 337 M.
1073 268 1158 337 T.
1213 268 1791 339 CICERONIS

377 382 621 471 Quare
667 380 820 451 noli
859 404 977 451 me
1033 379 1127 451 ad
1195 384 1747 455 contentionem
1788 395 2105 455 vestram
2123 391 2189 427 ¹⁰
2225 407 2421 456 revo-

279 514 479 579 care,
516 494 940 563 Laterensis.
976 494 1266 564 Etenim
1293 496 1355 565 si
1382 495 1663 594 populo
1690 508 1891 593 grata
1910 509 2020 567 est
2046 494 2380 569 tabella¹¹
2402 550 2419 577 ‚

279 626 442 699 quae
495 600 770 673 frontes
813 604 1042 701 aperit
1089 602 1475 683 hominum
1499 660 1518 693 ,
1564 618 1850 677 mentes
1892 607 2104 704 tegit,
2156 605 2421 704 datque

280 734 438 782 eam
477 711 922 800 libertatem,
963 729 1044 785 ut
1068 766 1090 803 ,
1119 714 1325 811 quod
1353 716 1622 806 velint,
1656 714 1959 802 faciant,
1996 718 2423 815 promittant

282 836 560 908 autem,
589 824 792 921 quod
828 826 1224 922 rogenturjz
1265 850 1400 900 cur
1436 842 1516 899 tu
1546 829 1624 899 in
1649 826 1927 925 judicio
1952 837 2013 871 ¹²
2060 829 2427 926 exprimiS,

279 932 482 1029 quod
513 957 664 1003 non
693 930 780 1005 fit
808 936 884 1005 in
913 936 1218 1034 campo?
1255 938 1425 1026 Hic,
1462 960 1683 1035 quam
1710 936 1865 1025 ille,
1900 935 2194 1034 dignior
2224 964 2243 1007 ε
2274 961 2429 1033 per·

279 1066 498 1137 quam
536 1066 751 1140 grave
777 1059 885 1117 est
915 1044 1136 1117 dictu.
1173 1048 1567 1137 Quomodo
1610 1050 1832 1145 igitur
1878 1061 1987 1119 est
2028 1045 2431 1145 aequius¹³?

280 1155 394 1225 Sio
431 1155 688 1243 credo;
733 1156 935 1252 quod
973 1161 1206 1255 agitur
1230 1162 1335 1247 ¹43
1380 1158 1585 1256 quod
1627 1162 1795 1231 satis
1830 1172 1939 1231 est
1968 1158 2199 1254 judici
2241 1184 2277 1226 :-
2316 1156 2433 1229 bic

277 1260 509 1335 factus
537 1280 666 1338 est.
699 1270 849 1339 Cur
881 1268 1011 1339 iste
1031 1270 1309 1367 potius,
1348 1294 1567 1368 quam
1586 1266 1803 1368 ego¹⁵
1822 1268 2001 1341 ?Vel
2018 1272 2269 1340 nescio
2284 1266 2431 1355 ‚vel

279 1397 430 1444 non
471 1374 635 1447 dico
661 1428 682 1465 ,
709 1376 826 1449 vel
863 1377 1219 1477 denique,
1263 1379 1465 1477 quod
1504 1378 1683 1451 mihi
1709 1379 2214 1476 gravissimum
2244 1392 2437 1449 esset

278 1485 378 1556 sic
413 1486 652 1559 dicere
677 1484 772 1575 ¹⁶,
812 1486 940 1560 sed
973 1490 1277 1587 impune
1308 1504 1555 1561 tamen
1581 1488 1923 1562 deberem
1954 1486 2239 1559 dicere:
2280 1512 2435 1557 non

275 1610 472 1667 recte
495 1609 578 1668 ¹⁷.
598 1602 783 1670 Nam
813 1598 995 1695 quid
1018 1622 1489 1697 assequerere
1506 1594 1593 1685 ¹⁸,
1610 1600 1670 1671 si
1686 1597 1807 1670 illa
1832 1612 2157 1669 extrema
2184 1594 2435 1667 desen·

283 1709 486 1777 sione
531 1720 800 1795 uterer,
853 1710 1250 1806 populum,
1283 1709 1484 1807 quod
1520 1708 1910 1796 voluisset,
1944 1704 2241 1795 fecisse,
2278 1730 2431 1777 non

263 1816 480 1912 ,quod
517 1814 931 1888 debuisset?

375 1930 526 1997 VII.
565 1926 801 2017 Quid?
830 1931 888 1999 si
919 1930 1173 2027 populi
1200 1952 1499 2027 quoque
1527 1927 1799 2000 factum
1825 1924 2185 2013 defendo,
2230 1930 2425 1997 Date·

278 2035 539 2120 remis,
573 2048 646 2106 et
683 2036 947 2125 doce0‚
983 2042 1113 2110 Cn.
1148 2039 1525 2110 Plancium
1547 2062 1698 2109 non
1727 2036 2135 2133 obrepsisse
2172 2036 2269 2107 ad
2301 2035 2431 2107 ho-

279 2166 534 2215 norem
555 2198 574 2235 ,
619 2145 746 2217 sed
797 2170 888 2219 eo
940 2150 1222 2221 venisse
1274 2173 1535 2237 cursu,
1596 2150 1727 2246 qui
1772 2171 2061 2245 semper
2112 2148 2433 2245 patuerit

281 2252 700 2329 hominibus
721 2268 740 2302 ¹
777 2258 919 2330 hoc
943 2275 1202 2331 nostro
1239 2262 1556 2358 equestri
1602 2258 1805 2345 loco;
1854 2281 2253 2355 possumne
2290 2258 2429 2328 eri-

277 2387 450 2461 pere
479 2371 787 2438 orationi
814 2384 954 2439 tuae
973 2373 1519 2442 contentionem
1539 2384 1851 2442 vestram
1874 2379 1903 2409 ²
1922 2421 1943 2454 ‚
1961 2392 2123 2465 quae
2140 2371 2427 2438 tractari

353 2579 434 2612 ιο.
461 2563 548 2612 Ad
560 2562 914 2611 contentionem
924 2575 1160 2613 mser-aen.
1175 2565 1302 2614 Con·

276 2642 424 2692 reneio
473 2644 552 2690 his
604 2643 726 2690 locis
783 2657 878 2707 pro
929 2645 1303 2708 comparatione

273 2733 548 2786 usurpatur.
570 2720 727 2770 Multa
750 2722 896 2784 hujus
926 2721 1301 2788 significationis

274 2802 494 2866 exempla
512 2801 710 2866 collegit
726 2801 964 2850 exTullio
977 2803 1299 2852 Menckneius

273 2886 324 2931 in
350 2883 557 2932 Obeerv.
579 2885 632 2932 1..
653 2885 707 2930 L.
727 2899 780 2946 p.
805 2883 921 2943 187,
941 2881 994 2930 in
1025 2882 1206 2946 quibus
1224 2893 1299 2930 eet

275 2963 356 3010 illc
385 2963 474 3028 qui
497 2962 590 3010 hoe
625 2962 862 3025 explicat,
887 2962 1112 3026 superior
1133 2961 1299 3020 locun,

274 3059 384 3108 cap.
417 3059 476 3104 o,
504 3064 530 3084 ι
547 3039 768 3106 quadem
793 3039 1052 3090 hominum
1079 3041 1301 3106 ipsorum

277 3123 470 3174 videtur
500 3119 720 3171 faciende
757 3137 862 3170 enee
899 3121 1156 3172 contentio
1178 3143 1222 3170 n.
1239 3123 1304 3168 In

275 3205 366 3255 hnc
415 3203 774 3270 significatione
823 3213 1048 3252 vestrum
1101 3202 1305 3266 prefert

275 3285 544 3336 Uenutius.

351 3381 374 3412 1
388 3381 406 3412 ι
419 3397 432 3412 .
479 3361 694 3411 Tabella.
737 3361 934 3410 Scilicet
972 3359 1207 3425 suffragii.
1233 3387 1305 3398 —-

275 3449 477 3496 anoes
496 3439 657 3505 aperie
664 3472 783 3488 .....
811 3451 988 3488 mentes
1014 3439 1152 3504 tegit.
1173 3437 1303 3502 Quia

275 3527 392 3578 licet
423 3521 690 3582 unicnique
728 3535 816 3568 ene
851 3520 950 3568 frui
987 3519 1214 3568 libertate
1251 3528 1303 3566 et

274 3605 382 3653 leta
415 3602 580 3650 fronto
618 3597 868 3661 polliceri,
897 3598 1030 3662 quod
1068 3607 1296 3663 praetore

270 3688 428 3733 taimen
451 3681 504 3729 in
525 3677 758 3742 suffragio
785 3677 948 3736 nolit;
989 3676 1104 3725 ideo
1133 3687 1294 3726 autem

266 3765 380 3812 licet
399 3761 514 3826 quie
541 3756 716 3806 tabella
744 3768 931 3806 mente·
960 3757 1098 3820 tegit.

346 3857 425 3889 ια.
449 3841 510 3886 ln
514 3831 708 3900 judicio
735 3833 980 3900 exprimis.
1001 3836 1070 3884 Ut
1090 3844 1294 3883 couten-

275 3925 346 3974 tio
379 3919 441 3966 ‹le
467 3915 702 3982 dignitate
730 3916 838 3964 fuit.
867 3913 972 3962 Ers.
999 3936 1022 3956 ι
1041 3916 1141 3964 Cm·
1169 3925 1220 3962 tu
1243 3912 1296 3960 id

279 3999 568 4060 injudicio,
605 4007 663 4044 ut
707 3993 816 4053 flat,
852 3993 1118 4058 exprimis,
1161 3993 1300 4058 quod

1392 2557 1495 2614 n'on
1542 2563 1600 2614 fit
1642 2565 1693 2613 in
1739 2578 1915 2628 campo
1930 2583 1974 2609 ι.
2022 2563 2086 2610 Ue
2107 2561 2235 2632 fiat.
2280 2561 2429 2612 Glos-

1390 2661 1542 2694 sem.

1466 2725 1547 2773 13.
1575 2721 1799 2787 AEquius.
1828 2725 2067 2784 Equum.

1464 2811 1549 2860 14.
1580 2801 1728 2868 Quod
1754 2799 1937 2866 agitur.
1974 2801 2095 2850 Non
2130 2797 2189 2846 id
2230 2798 2431 2863 agitur,

1386 2881 1568 2941 sactus,
1586 2897 1765 2940 necne,
1790 2880 1881 2938 sit,
1897 2877 1985 2926 sed
2012 2889 2179 2928 utrum
2202 2877 2431 2932 ambitu,

1390 2977 1453 3009 au
1478 2973 1607 3009 recte
1630 2972 1778 3024 atque
1802 2957 1994 3006 ordine.
2024 2960 2087 3006 In
2120 2957 2305 3058 Βηοᾶ.
2328 2973 2429 3004 non

1390 3050 1548 3090 ent-t
1573 3037 1713 3104 qnod
1740 3037 1924 3103 agitur.

1468 3121 1551 3170 15.
1580 3120 1741 3182 Quam
1772 3115 2429 3182 ego.Scil.1.ntoeemi⁸.--

1396 3200 1489 3247 Vel
1500 3197 1681 3247 nescio.
1698 3197 1814 3244 Scil-
1832 3197 2028 3244 Cicero.

1470 3279 1551 3326 ιδ.
1579 3278 1659 3325 Sic
1682 3275 1867 3324 dicere.
1892 3273 2116 3323 Lambin.
2144 3289 2211 3321 ex
2234 3275 2429 3338 optimo

1394 3357 1590 3415 codice,
1616 3357 1661 3404 si
1674 3356 1903 3404 dicerem.

1474 3453 1552 3498 ¹7·
1581 3437 1695 3484 Non
1718 3447 1861 3484 recte.
1910 3433 2109 3496 Iden,
2152 3447 2259 3479 non
2298 3443 2431 3480 recte

1383 3516 1626 3579 judicavit
1670 3516 1889 3580 populns
1908 3550 1923 3574 ‚
1957 3528 2107 3578 quum
2147 3511 2240 3558 tibi
2280 3511 2429 3559 Phn-

1388 3598 1519 3645 cium
1537 3595 1773 3660 pretulit.

1462 3676 1545 3723 18.
1586 3673 1718 3722 Nam
1754 3669 1881 3737 quid
1922 3685 2257 3734 assequerer-e.
2294 3669 2429 3728 Alii,

1383 3752 1646 3818 numquid.
1684 3749 1886 3803 Plurimi
1919 3764 2227 3814 assequerer.

1453 3835 1568 3882 vn.
1599 3848 1642 3880 ι.
1678 3829 1984 3879 Hominibus.
2020 3829 2251 3876 Gravius
2276 3837 2330 3876 et
2350 3827 2429 3876 alin

1386 3930 1448 3960 ex
1468 3911 1738 3960 Erfurtensi
1754 3944 1769 3968 ‚
1806 3907 1942 3957 orric.

1460 4007 1512 4039 α.
1544 3993 1789 4037 Vestram.
1813 3987 1913 4036 Alii
1932 4023 1947 4048 ,
1967 3997 2209 4036 vestrum.
