2594 4537
448 203 454 212 ’
544 249 1485 322 ORAT.DE11ARUSP.
1540 249 2123 322 REsPoNsls.
2260 248 2405 347 469

267 375 554 470 privato
615 371 988 470 quondam
1058 387 1188 444 tuo
1245 398 1570 471 proavo:
1628 387 1699 444 te
1720 427 1741 461 ,
1793 397 2063 445 nomen
2080 375 2135 461 ⁴,
2178 377 2405 472 impe-

267 483 462 553 rium
487 537 507 568 ‚
549 505 838 570 vocem,
881 480 1339 580 adspectum,
1386 487 1739 582 impetum
1790 497 1999 556 tuum
2048 497 2245 554 stans
2289 509 2399 556 se-

267 607 482 665 natus
502 646 522 681 ,
554 593 982 691 equitesque
1023 593 1347 679 romani,
1394 608 1467 663 et
1506 615 1759 668 omnes
1789 590 1969 664 boni
2006 591 2405 690 sequeban-

269 718 426 792 tur,
479 725 710 800 quum
774 702 894 773 ille
963 725 1336 774 servorum
1394 717 1469 774 et
1528 701 1897 775 ludicrum
1952 702 2403 774 multitudini

266 827 599 885 senatum
655 812 1164 910 populumque
1211 837 1595 900 romanum
1650 815 1973 886 vinctum
2018 816 2181 912 ipso
2224 838 2403 886 con·

265 945 509 1006 sessu,
555 937 632 994 et
675 924 1142 994 constrictum
1183 922 1651 1020 spectaculis,
1702 937 1919 1020 atque
1966 921 2401 1023 impeditum

265 1032 488 1104 turba
535 1048 610 1105 et
649 1034 997 1130 angustiis
1039 1031 1471 1106 tradidisset.

363 1150 476 1214 An
499 1197 520 1231 ,
557 1144 618 1218 si
671 1139 912 1216 ludius
953 1143 1276 1220 constitit
1299 1139 1353 1230 ⁵,
1394 1157 1520 1214 aut
1572 1142 1842 1214 tibicen
1879 1160 2185 1241 repente
2226 1169 2397 1216 con·

267 1253 478 1325 ticuit
498 1307 518 1340 ,
554 1265 681 1330 aut
714 1276 898 1351 puer
931 1251 1054 1325 ille
1089 1255 1439 1351 patrimus
1473 1265 1547 1324 et
1580 1249 2009 1324 matrimus⁶
2041 1258 2101 1325 si
2133 1268 2397 1326 terram

261 1493 562 1542 than-orum
577 1527 598 1557 ,‚
622 1511 711 1559 per
727 1509 852 1560 quos
869 1495 932 1544 ab
961 1496 1288 1545 exterioribus
1376 1496 1603 1545 mutavit.
1624 1495 1899 1569 ¹Verisimile
1916 1509 2065 1560 porro
2082 1495 2291 1554 videtur,
2312 1493 2402 1544 ali-

260 1572 536 1638 porticibus
561 1573 660 1621 itur
685 1573 738 1621 in
760 1573 1032 1636 spectacula
1047 1609 1062 1634 ,
1079 1575 1187 1624 aive
1215 1592 1290 1624 se-
1379 1590 1524 1639 quam
1542 1575 1644 1623 sive
1663 1571 1811 1623 filiam
1826 1607 1841 1632 ,
1862 1574 1965 1621 sive
1990 1582 2187 1638 neptem
2208 1573 2399 1644 Scipio-

263 1651 382 1700 dilia
405 1652 605 1711 theatri,
631 1667 744 1716 quae
761 1663 810 1700 et
833 1652 1120 1702 dicebantur
1151 1677 1176 1697 α
1196 1670 1287 1702 vo·
1378 1654 1456 1702 nis
1474 1654 1663 1704 Nasica
1684 1653 1905 1718 nupsisse
1924 1653 2002 1700 vel
2031 1651 2239 1702 Claudio
2263 1655 2401 1702 Mar-

261 1731 457 1780 mitoria
473 1766 490 1791 ,
531 1732 666 1780 unde
705 1732 934 1784 kenuines
952 1754 1008 1793 ο,
1041 1743 1098 1788 m
1127 1733 1292 1797 inquit
1380 1732 1539 1793 cello,
1579 1732 1659 1786 vel
1692 1733 1903 1796 cuipiam
1946 1747 2008 1782 ex
2054 1731 2274 1783 Lentulis
2290 1765 2307 1792 ‚
2342 1741 2401 1783 ut

261 1811 462 1858 Servius
475 1847 492 1874 ,
512 1832 539 1853 α
559 1810 864 1874 εΙοιηοτι,ῑὶω
887 1809 1214 1876 ingmdieutes
1237 1813 1288 1860 in
1382 1813 1551 1876 Scipio
1590 1812 1674 1860 ille
1716 1812 1831 1860 Tib.
1871 1812 2081 1862 Gracchi
2115 1811 2400 1872 interfector

260 1887 428 1938 sedilia
454 1907 506 1939 se
527 1889 742 1938 fundunt
756 1911 800 1938 n.

1376 1901 1621 1938 maternus
1644 1907 1860 1955 proavus
1884 1891 2161 1946 Marcellini
2181 1907 2282 1939 esse
2308 1907 2396 1956 po·

332 1977 385 2026 4.
419 1971 514 2028 Te,
544 1985 749 2018 nomen.
785 1969 904 2017 Huc
943 1969 1197 2018 Manutius
1239 1979 1287 2018 et
1375 1969 1537 2017 tuerit.
1582 1971 1783 2018 Senatus
1825 1970 1907 2017 hic
1942 1969 2125 2020 dicitur
2160 1963 2396 2033 aequastis

257 2046 508 2111 superiora
531 2047 600 2110 ita
626 2048 994 2113 interpretatur,
1023 2049 1160 2113 quasi
1177 2048 1280 2097 Na-

257 2113 357 2174 sica
381 2137 524 2192 pont.
541 2128 779 2192 maximus
795 2161 811 2189 ‚
831 2127 891 2190 is,
903 2129 991 2192 qui
1003 2127 1280 2176 Gracchum

257 2205 440 2254 occidit
458 2240 476 2268 ,
503 2217 734 2273 paternus
763 2221 978 2272 proavus
1003 2205 1280 2254 Marcellini

255 2302 360 2336 eos.
376 2287 525 2336 fuerit
539 2324 556 2349 ,
580 2298 630 2335 et
646 2286 708 2335 ab
727 2302 788 2335 eo
809 2288 1122 2336 Lentulorum
1142 2288 1280 2335 fami-

253 2365 322 2414 lia
343 2366 580 2429 originem
606 2366 818 2415 duxerit.
851 2366 990 2415 Sicut
1020 2382 1079 2415 ex
1105 2366 1276 2416 eodem

254 2445 392 2494 fonte
419 2444 560 2493 multi
579 2445 754 2500 rivuli,
782 2446 854 2494 sic
879 2446 1050 2494 Roma
1087 2462 1185 2494 nna
1211 2462 1276 2495 ex

252 2536 398 2589 gente
418 2524 582 2572 multae
608 2524 802 2573 familie
825 2522 1088 2573 effluebant
1107 2540 1122 2573 τ
1145 2524 1271 2573 Cor·

252 2602 380 2651 nelia
423 2602 664 2666 cethegos
711 2600 920 2651 babebat
946 2637 962 2664 ,
1009 2602 1242 2653 Lentulos
1256 2637 1272 2661 ,

249 2681 429 2744 Sullas,
446 2682 652 2741 Cinnas,
672 2681 943 2745 Scipiones.
961 2684 1136 2747 Neque
1152 2696 1270 2729 vero

250 2760 904 2809 exuuainaliamfamiliam
922 2762 1272 2825 transirequis-

249 2856 398 2906 qnam
428 2848 646 2903 poterat,
673 2848 729 2887 ut
759 2853 820 2888 ex
846 2838 980 2887 Sulla
1005 2836 1240 2903 Lentulus
1254 2875 1270 2901 ,

248 2936 316 2969 ex
339 2917 546 2967 Lentulo
573 2917 738 2982 Scipio
759 2927 914 2977 esset,
938 2918 1036 2967 nisi
1063 2934 1150 2982 per
1175 2918 1264 2967 ad·

249 2998 538 3064 optionem:
569 3014 680 3045 nam
703 2997 860 3045 multo
875 2998 1027 3061 magis
1044 2997 1237 3045 familias
1251 3034 1267 3059 ,

247 3093 396 3141 qnam
420 3077 575 3141 gentis
602 3076 726 3124 ratio
746 3075 1014 3124 habebatur
1036 3109 1052 3137 ‚
1087 3092 1151 3124 ne
1172 3091 1267 3140 qua

243 3156 387 3205 tieret
410 3155 653 3204 confusio.
674 3156 990 3220 Quapropter
1005 3170 1270 3220 numquam

247 3234 458 3283 dixerim
472 3269 489 3293 ,
528 3234 810 3298 Scipionem
851 3233 1077 3283 Nasicam
1120 3234 1268 3283 fuisse

245 3314 442 3363 Lentuli
485 3311 758 3362 Marcellini
805 3328 1042 3378 proavum
1105 3326 1266 3378 pater·

243 3408 366 3442 num
386 3429 400 3453 ‚
443 3390 540 3439 boc
572 3402 668 3451 est,
701 3392 931 3440 familiam
951 3392 1266 3441 Lentulorum

241 3471 310 3519 ab
347 3470 518 3519 eodem
555 3470 645 3518 illo
683 3470 860 3519 Nasica
902 3470 1139 3535 originem
1173 3471 1264 3519 du-

241 3551 392 3599 xisse.
416 3552 642 3601 Ceterum
661 3548 933 3599 noster-‘bie
954 3550 1126 3599 consul
1146 3584 1162 3610 ,
1179 3566 1263 3599 cu-

237 3630 323 3690 jus
347 3629 582 3692 queritur
598 3644 773 3692 genus,
807 3645 869 3677 ex
891 3629 1106 3679 Claudiis
1131 3632 1264 3679 Mar-

243 3706 381 3755 cellia
399 3718 562 3756 ortum
585 3708 830 3768 trahebat,
849 3708 1153 3773 proindeque
1173 3708 1263 3757 Di-

244 3786 352 3833 vin.
373 3787 426 3833 in
447 3787 585 3834 Verr.
606 3802 716 3852 cap.
739 3796 766 3844 4
782 3822 797 3845 ,
826 3798 880 3835 ut
899 3787 1076 3835 Sicula
1095 3798 1262 3852 patro-

243 3881 341 3912 nus
359 3900 376 3927 ,
404 3863 712 3931 appellatur:
747 3866 1014 3932 adoptatus
1046 3878 1204 3914 autem
1232 3882 1260 3913 a

244 3946 338 3995 Cn.
360 3942 600 4007 Lentulo,
647 3945 844 3993 nomina
865 3980 878 4004 ,
919 3955 970 3993 ut
997 3961 1100 4013 mos
1130 3956 1257 4003 erat,

1372 2063 1550 2097 nomen
1575 2047 1821 2099 Cornelia
1844 2050 2017 2114 gentis,
2036 2048 2171 2115 idem
2184 2050 2397 2111 utrique,

1366 2143 1473 2176 non
1497 2138 1661 2177 autem
1687 2143 1991 2194 cognomen,
2026 2127 2162 2196 quod
2188 2139 2290 2178 erat
2314 2127 2396 2175 di·

1370 2221 1559 2255 versum
1572 2243 1586 2267 ‚
1611 2207 1751 2256 alteri
1770 2205 1959 2271 Scipio,
1978 2205 2211 2260 Lentulus
2234 2205 2393 2256 alteri.

1441 2290 1487 2337 5.
1516 2286 1699 2335 Ludius
1732 2286 1966 2335 constitit.
1994 2285 2178 2335 Ludius
2212 2296 2285 2335 est
2310 2286 2395 2335 hi-

1363 2368 1515 2426 strio,
1560 2362 1809 2433 ὀρχησι-ἡς.
1866 2364 1919 2412 Si
1959 2364 2394 2429 interrumperetur

1362 2445 1556 2494 saltatio
1570 2480 1585 2505 ‚
1605 2444 1856 2509 piaculum
1877 2446 2190 2511 commissum
2212 2438 2388 2492 erede·

1361 2512 1521 2574 batur.
1556 2524 1751 2572 Servius
1794 2524 1847 2573 lu
1888 2525 1983 2571 vn
2027 2524 2141 2571 AEn.
2180 2522 2389 2585 «Quum

1358 2602 1467 2652 ludi
1490 2603 1743 2671 Circenses
1769 2602 1991 2668 Apollini
2012 2600 2390 2660 celebrarentur,

1360 2692 1417 2731 ut
1448 2680 1693 2745 Hannibal
1722 2680 1974 2730 nuntiatus
2009 2690 2081 2729 est
2109 2680 2237 2729 circa
2266 2696 2389 2746 por-

1360 2770 1458 2809 tam
1486 2762 1729 2811 Collinam
1772 2760 1883 2808 urbi
1918 2760 2174 2823 ingruere,
2216 2774 2385 2807 omnes

1359 2838 1511 2904 raptis
1564 2839 1711 2887 armis
1753 2848 2127 2887 concurrerunt.
2182 2838 2385 2886 Reversi

1354 2928 1523 2982 postea
1550 2932 1703 2981 quum
1746 2914 1991 2981 piaculum
2026 2915 2345 2964 formidarent
2364 2950 2383 2975 ,

1353 2997 1646 3045 invenerunt
1674 2996 1727 3044 in
1762 2992 1895 3043 circo
1932 2994 2181 3043 saltantem
2216 3012 2379 3044 senem

1355 3075 1641 3140 quemdam:
1671 3076 1756 3139 qui
1778 3089 1930 3138 quum
1950 3074 2275 3137 interrogatus
2298 3074 2377 3122 di·

1356 3154 1591 3215 xisset‚se
1608 3168 1709 3201 non
1723 3151 2037 3215 interrupisse
2056 3150 2378 3214 saltnionem,

1358 3233 1544 3283 dictum
1583 3241 1657 3281 est
1698 3232 1794 3280 boc
1842 3230 2193 3295 proverbium:
2234 3231 2373 3280 Salva

1356 3328 1433 3360 res
1461 3320 1557 3369 est,
1585 3309 1729 3373 saltat
1760 3308 1908 3357 senex
1924 3332 1969 3357 ι.
1993 3310 2122 3359 vide
2148 3312 2339 3359 Festum
2362 3348 2377 3373 ‚

1352 3392 1490 3441 salva
1516 3406 1613 3440 ras.

1422 3474 1478 3522 6.
1499 3471 1603 3519 Aut
1612 3486 1739 3535 puer
1758 3470 1841 3519 ille
1858 3468 2092 3536 pambus
2128 3480 2179 3517 et
2206 3466 2374 3515 maeri-

1352 3568 1478 3599 mm.
1506 3549 1715 3600 Patr-imi
1747 3550 1927 3615 quibua
1963 3560 2132 3614 pater,
2162 3548 2375 3595 niatu-imi

1351 3630 1532 3695 quibus
1574 3640 1747 3694 mater.
1786 3628 1990 3677 Porrima*
2034 3638 2083 3675 ee
2116 3625 2333 3673 matrimi
2350 3661 2367 3683 ,

1349 3724 1561 3774 quorum
1602 3719 1806 3773 uterque
1844 3722 2018 3771 parens
2062 3706 2205 3753 vivit.
2254 3704 2375 3753 Illos

1352 3801 1515 3837 autem
1541 3788 1789 3837 adhibitos
1808 3788 1956 3835 sacris
1970 3784 2137 3832 Livius
2156 3783 2373 3833 ostendit

1350 3867 1439 3915 lib.
1470 3869 1721 3917 xxxvn
1745 3880 1758 3914 ε
1791 3888 1812 3910 ι
1843 3864 2043 3914 Patrimi
2072 3878 2241 3911 omnes
2265 3878 2369 3910 ma-

1352 3947 1576 4012 trimique
1594 3946 1656 3995 ad
1677 3945 1729 3994 id
1754 3942 2043 3995 sacrificinm
2068 3940 2275 3990 adhibiti
2294 3964 2334 3991 ιι.
