2594 4537
925 274 1466 354 EXCURSUS
1514 274 1571 339 I.
1791 291 1802 303 ’
2165 266 2314 364 6ι9

122 395 269 459 ibi
284 442 304 478 ,
331 396 445 483 qui
470 394 551 459 de
578 395 932 459 censoribus
953 394 1418 474 conduxerant,
1448 390 1800 483 legendum
1827 407 1947 474 est,
1977 413 2206 456 verum
2231 414 2308 456 ex

126 500 451 565 Victorii
472 548 491 583 ,
533 498 864 581 Lambini,
898 498 1169 589 aliisque
1203 516 1353 564 ante
1377 496 1638 565 Gruter.
1677 494 2068 561 editionibus
2085 544 2105 579 ,
2139 496 2310 563 duo-

126 606 303 670 bus
336 604 569 672 Graevii
602 605 935 674 codicibus
955 654 974 689 ,
1010 606 1418 693 totidemque
1439 604 1820 671 Britannicis
1849 603 2305 670 conduxerunt.

128 712 493 775 Recentes
541 727 724 774 erant
767 710 1119 775 locationes
1154 732 1421 799 quoque
1451 708 1594 791 illae,
1627 706 1711 774 de
1745 706 1986 797 quibus
2022 730 2058 773 e
2089 707 2308 791 Livio,

128 817 416 899 XLIII,
458 816 557 899 16,
586 817 887 882 novimus
914 817 1326 906 contumeliae
1358 836 1548 881 causa
1583 815 1925 879 tribunum
1957 814 2116 879 olim
2141 814 2309 878 hanc
2373 820 2383 831 ”

132 925 387 1013 legem
412 923 859 1013 promulgasse
892 946 909 988 :
948 954 973 980 ι
1000 946 1143 1011 quae
1172 923 1434 1013 publica
1466 920 1792 1009 vectigalia
1807 970 1828 1005 ,
1859 922 2034 985 ultro
2067 920 2309 985 tributa

137 1032 243 1094 C.
278 1027 593 1095 Claudius
612 1076 633 1111 ,
670 1046 737 1095 et
764 1028 911 1095 Tib.
944 1030 1368 1119 Sempronius
1399 1028 1426 1117 (
1457 1049 1759 1095 censores
1790 1027 1814 1115 )
1849 1029 2199 1108 locassent,
2232 1048 2307 1090 ea

140 1150 313 1198 rata
345 1135 581 1200 locatio
613 1158 697 1200 ne
724 1152 923 1218 esset,
957 1134 1039 1199 de
1072 1138 1328 1223 integro
1358 1136 1750 1215 locarentur,
1785 1148 1852 1197 et
1883 1148 1962 1197 ut
1995 1132 2308 1197 omnibus

142 1238 583 1322 redimendi,
610 1256 677 1306 et
700 1239 1112 1306 conducendi
1140 1242 1513 1329 promiscue
1540 1242 1647 1321 jus
1675 1254 1842 1305 esset
1863 1269 1908 1301 υ.
1935 1237 2035 1303 Illi
2063 1239 2306 1303 etenim

140 1344 305 1410 hoc
322 1345 429 1426 jus
452 1346 844 1435 quibusdam
867 1347 1256 1412 ademerant.

260 1449 435 1516 Cum
472 1452 573 1517 his
616 1454 843 1518 confer
878 1452 1033 1517 Maii
1060 1450 1550 1518 adnotationem
1581 1452 1649 1515 in
1682 1448 1885 1515 Cicer.
1916 1449 2139 1514 Ambr.
2164 1470 2306 1536 sup.

144 1578 237 1647 p.
258 1553 422 1644 594:
458 1588 481 1615 ι
496 1552 733 1623 Utrum
757 1559 1150 1651 intelligatur
1165 1558 1275 1625 hic
1297 1560 1403 1624 lex
1425 1558 1804 1647 Sempronia
1825 1554 1904 1621 de
1929 1576 2057 1619 oere
2081 1554 2311 1637 aliena,

150 1684 254 1727 an
290 1664 507 1752 potius
542 1666 624 1731 de
633 1666 899 1754 fenore,
938 1688 1019 1731 an
1051 1666 1348 1757 agraria,
1385 1686 1468 1730 an
1499 1665 1620 1729 alia
1665 1686 1744 1729 ex
1777 1676 1881 1728 tot
1909 1658 2309 1750 Semproniis

152 1770 423 1861 legibus
447 1818 465 1853 ,
522 1771 591 1836 id
638 1794 759 1836 nos
800 1772 956 1836 olim
1008 1772 1277 1837 eruditis
1323 1770 1817 1861 disquirendum
1869 1765 2306 1857 permisimus.

155 1876 369 1941 Nunc
396 1876 806 1943 doctissimus
831 1878 1218 1945 Garatonius
1243 1878 1328 1943 ad
1349 1878 1545 1959 hujus
1567 1894 1728 1943 orat.
1763 1900 1900 1966 cap.
1929 1879 2030 1954 14,
2063 1874 2146 1939 de
2169 1874 2311 1964 lege

156 1982 553 2072 Sempronia
576 1985 772 2049 verba
790 1982 1100 2074 produxit
1117 1983 1447 2050 Ciceronis
1469 1986 1539 2047 in
1552 1984 1735 2049 Verr.
1761 1984 1882 2065 111,
1902 1982 1964 2047 6.
1987 1977 2116 2047 Sed
2135 1980 2310 2045 enim

157 2090 366 2152 etiam
392 2090 671 2173 Fronto,
696 2090 810 2156 lib.
846 2092 948 2174 11,
975 2095 1045 2173 4,
1079 2092 1175 2155 ad
1206 2087 1476 2173 Verum,
1505 2090 1776 2154 fortasse
1800 2086 2016 2152 innuit
2043 2108 2186 2149 eam
2219 2082 2308 2149 le-

160 2216 321 2285 gem
346 2192 448 2260 his
468 2197 715 2261 verbis:
736 2198 883 2262 Iam
907 2194 1233 2261 Gracchus
1252 2198 1478 2261 Asiam
1493 2194 1762 2259 locabat.
1785 2194 1984 2283 Leges
2006 2192 2313 2282 Sempro-

164 2298 297 2362 niae
334 2315 785 2366 memorantur
806 2301 999 2366 etiam
1027 2303 1095 2365 in
1132 2301 1277 2366 loco
1311 2297 1594 2389 quodam
1633 2321 1670 2362 a
1703 2293 2026 2361 Martiano
2055 2293 2313 2383 Capella

160 2401 455 2482 laudato,
484 2403 677 2488 lihv,
702 2429 840 2496 cap.
866 2428 911 2471 a
936 2411 1135 2495 specie
1152 2403 1271 2470 vel
1293 2429 1336 2469 a
1356 2404 1603 2492 forma.
1630 2403 1788 2492 (Est
1813 2401 2190 2466 notissimus
2212 2401 2314 2466 lo-

162 2529 322 2591 cus,
359 2511 639 2601 Philipp.
670 2515 733 2594 1,
784 2511 1053 2601 7.·On.)
1086 2511 1444 2579 Contendit
1472 2492 1898 2577 nihilominus
1924 2503 2315 2575 Garatonius

161 2617 525 2708 putandam
556 2641 693 2683 non
724 2619 926 2685 fuisse
953 2643 1104 2685 cum
1140 2619 1504 2710 publicanis
1544 2621 1864 2685 rationem
1890 2617 2309 2708 Sempronia,

164 2721 287 2788 sed
342 2723 635 2789 censoria
679 2726 835 2816 lege.
876 2723 1042 2790 Mihi
1093 2727 1213 2790 etsi
1258 2727 1464 2792 multa
1514 2725 1863 2792 veniebant
1903 2727 1973 2789 in
2020 2739 2308 2790 mentem

166 2851 317 2918 quae
338 2829 461 2895 hac
482 2851 679 2919 super
699 2851 771 2896 re
794 2831 1174 2897 dissererem
1190 2878 1209 2913 ,
1233 2847 1454 2897 tamen
1486 2829 1557 2895 id
1585 2855 1797 2896 unum
1827 2829 2040 2896 dicam
2055 2880 2073 2914 ,
2096 2831 2304 2895 mani-

165 2937 397 3002 festam
423 2937 722 3004 videlicet
752 2939 987 3004 veteris
1006 2936 1273 3020 alicujus
1299 2939 1745 3003 auctoritatem
1767 2935 2153 3026 plerumque
2167 2954 2306 3000 esse

166 3043 531 3134 graviorem
550 3094 569 3128 ,
592 3067 789 3134 quam
818 3045 1257 3110 recentiorum
1276 3043 1628 3110 hominum
1648 3094 1666 3128 ,
1691 3045 1841 3109 licet
1871 3043 2166 3133 apprime
2181 3034 2303 3106 do-

165 3165 428 3214 ctorum
448 3199 466 3234 ,
504 3167 883 3242 argumenta
926 3175 1069 3239 quae
1112 3151 1246 3217 huc
1297 3151 1451 3216 illuc
1499 3144 1886 3234 conjecturis
1932 3150 2306 3230 trahuntur,

166 3255 415 3319 nullam
447 3253 759 3322 adhibent
778 3255 1214 3345 persuadendi
1238 3258 1704 3322 necessitatem.
1738 3257 1964 3344 Itaque
1993 3253 2075 3318 ab
2107 3253 2309 3318 inter·

164 3361 387 3450 pretis'
432 3363 841 3428 Ambrosiani
894 3364 1211 3428 sententia
1261 3361 1559 3428 nondum
1625 3361 1880 3427 reced0.
1939 3361 2301 3426 Praesertim

164 3489 377 3556 quum
413 3464 549 3556 ipse
574 3467 961 3534 Garatonius
991 3467 1344 3534 locationes
1372 3467 1520 3533 Tib.
1553 3465 1888 3549 cujusdam
1916 3465 2306 3556 Sempronii,

160 3575 453 3639 censoris
490 3598 641 3639 cum
667 3575 737 3641 C.
774 3573 1045 3642 Claudio
1063 3627 1080 3659 ,
1110 3592 1430 3641 memoret
1454 3597 1490 3638 e
1517 3573 1698 3641 Livio
1717 3624 1736 3657 ‚
1767 3570 1978 3638 XLIII
1997 3623 2016 3656 ‚
2063 3571 2201 3636 ιδ».
