2594 4537
580 280 975 361 ORATm
1027 290 1233 359 PRO
1280 293 1611 362 DOMO
1662 296 1884 365 ΒΗΑ.
2159 297 2295 385 43-

132 428 763 488 consecrarentur
802 442 817 483 :
852 438 1097 510 neque
1142 415 1336 485 enim
1377 414 1451 486 id
1493 414 1648 487 fieri
1693 416 1798 488 fas
1833 434 2022 507 erat,
2065 447 2310 522 neque

134 528 545 626 quisquam
585 523 885 609 fecerat,
923 546 1163 621 neque
1192 538 1344 595 erat
1381 550 1590 597 causa
1615 581 1636 615 ‚
1679 550 1812 598 eur
1849 530 2314 626 prohibendo

134 662 309 708 non
349 652 499 707 tam
550 634 917 706 deterrere
969 632 1344 707 videretur
1372 690 1392 723 ‚
1447 660 1664 733 quam
1714 636 2127 713 admonere.
2169 646 2313 719 Sed

138 749 329 847 quia
354 742 976 819 consecrabantur
1001 746 1189 817 aedes
1205 800 1225 834 ‚
1250 770 1405 817 non
1435 750 1885 845 privatorum
1911 752 2273 829 domicilia
2289 812 2312 847 ‚

136 858 281 931 sed
302 883 471 955 quae
504 880 717 928 sacrae
749 858 1257 945 nominantur3
1290 856 1906 931 consecrabantur
1937 864 2124 960 agri,
2153 890 2310 939 non

134 972 249 1041 ita
291 982 379 1041 ut
414 982 666 1039 nostra
716 965 1019 1064 praedia,
1056 967 1117 1037 si
1154 968 1320 1065 quis
1351 967 1604 1055 vellet,
1641 968 1766 1041 sed
1799 984 1884 1041 ut
1917 972 2312 1070 imperator

134 1104 365 1179 agros
426 1078 517 1151 de
574 1077 912 1149 hostibus
956 1091 1205 1177 captos
1261 1093 1759 1167 consecrarem
1803 1081 2312 1157 statuebantur

132 1216 325 1276 arae,
376 1214 537 1288 quae
584 1189 1009 1286 religionem
1068 1186 1416 1260 afferrent
1442 1243 1463 1275 ‚
1521 1189 1736 1286 ipso‘*
1787 1192 1846 1261 si
1876 1190 2038 1263 loco
2069 1210 2310 1265 essent

134 1298 637 1373 consecratae⁵
682 1326 699 1369 τ
742 1298 932 1387 haec,
988 1300 1128 1371 nisi
1166 1299 1374 1397 plebs
1412 1301 1742 1394 jussisset
1771 1355 1791 1388 ‚
1843 1300 2002 1373 fieri
2056 1308 2308 1377 vetuit.

134 1416 331 1504 Quae
366 1414 425 1484 si
460 1426 542 1483 tu
580 1412 1081 1511 interpretaris
1129 1410 1221 1483 de
1264 1413 1532 1484 nostris
1553 1412 1834 1485 aedibus
1863 1428 2081 1511 atque
2121 1419 2308 1513 agris

132 1526 416 1623 scripta
455 1546 637 1611 esse,
678 1548 830 1593 non
874 1544 1209 1620 repugno
1242 1550 1258 1593 ε
1297 1522 1424 1594 sed
1463 1548 1750 1621 quaero,
1792 1548 1955 1622 quae
2007 1524 2122 1595 lex
2166 1526 2307 1598 lata

134 1635 281 1721 sit,
322 1648 406 1705 ut
440 1648 519 1704 tu
558 1632 747 1705 aedes
778 1657 975 1704 meas
1016 1657 1515 1722 consecrares;
1562 1633 1692 1705 ubi
1732 1634 1865 1706 tibi
1900 1634 2054 1707 haec
2090 1651 2304 1735 pote·-
2398 1618 2409 1626 ¹

133 1760 291 1815 stas
328 1744 493 1815 data
530 1746 660 1830 sit3
726 1767 879 1840 quo
913 1744 1081 1838 jure
1122 1741 1400 1814 feceris.
1448 1748 1706 1841 Neque
1749 1770 1887 1843 ego
1949 1771 2154 1817 nunc
2209 1748 2304 1820 de

134 1854 503 1954 religione
522 1908 541 1943 ‚
577 1853 703 1925 sed
732 1845 827 1924 'de
855 1852 1073 1924 bonis
1098 1856 1423 1923 omnium
1446 1870 1778 1925 nostrum
1797 1909 1817 1943 ‚
1839 1880 1978 1926 nec
2005 1854 2096 1928 de
2119 1882 2304 1956 pon-

134 1963 408 2054 tuicio,
438 1965 568 2037 sed
605 1964 695 2036 de
727 1966 895 2060 jure
929 1959 1273 2062 publico⁶
1313 1962 1634 2060 disputo.

242 2078 323 2147 L.
354 2082 499 2147 Lex
520 2076 799 2174 Papiria
820 2090 1014 2146 vetat
1033 2129 1053 2162 ‚
1084 2073 1275 2145 aedes
1305 2074 1580 2170 injussu
1604 2073 1838 2171 plebis
1865 2082 2299 2149 consecrari.

132 2188 249 2259 Sit
292 2213 465 2259 sane
495 2186 639 2258 hoc
682 2186 773 2257 de
820 2187 1087 2257 nostris
1136 2184 1452 2274 aedibus,
1501 2209 1584 2255 ac
1631 2210 1783 2256 non
1841 2186 1933 2257 de
1986 2184 2299 2284 publicis

134 2299 456 2396 templis.
493 2301 741 2370 Unum
766 2297 1072 2370 ostende
1108 2296 1416 2368 verbum
1447 2299 2007 2369 consecrationis
2033 2299 2110 2368 in
2141 2299 2300 2398 ipsa

130 2423 268 2480 tua
297 2409 453 2506 lege
478 2435 493 2478 ε
518 2413 577 2480 si
604 2409 723 2479 illa
753 2408 869 2480 lex
904 2409 1065 2496 est.
1088 2432 1170 2479 ac
1198 2432 1353 2478 non
1380 2432 1524 2478 vox
1543 2408 1858 2496 sceleriS‚
1889 2423 1960 2481 et
1989 2411 2296 2483 crudeli·
2345 2487 2348 2492 ,

130 2520 306 2592 tatis
344 2535 507 2591 tuae.
544 2517 761 2611 Quod
790 2519 850 2588 si
875 2517 1010 2588 tibi
1040 2532 1199 2587 tum
1227 2520 1304 2587 in
1325 2516 1450 2587 illo
1472 2517 1896 2614 reipublicae
1916 2518 2292 2620 naufragio

129 2631 387 2702 omnia
422 2631 497 2700 in
538 2645 860 2701 mentem
892 2629 1140 2699 venire
1177 2629 1625 2725 potuissent,
1671 2643 1796 2699 aut
1828 2630 1888 2700 si
1917 2644 2087 2702 tuus
2115 2635 2289 2704 scri-

132 2757 312 2840 ptor
367 2743 445 2812 in
515 2735 643 2812 illo
700 2739 1043 2812 incendio
1091 2739 1395 2810 civitatis
1439 2763 1591 2810 non
1636 2741 2084 2837 syngraphas
2124 2767 2290 2814 cum

128 2853 497 2948 Byzantiis
538 2849 905 2922 exsulibus
955 2864 1028 2920 et
1073 2875 1239 2920 cum
1280 2849 1527 2946 legatis
1563 2851 1776 2945 regiis
1813 2847 2120 2938 faceret,
2163 2853 2290 2922 sed

128 2987 371 3036 vacuo
426 2963 671 3035 animo
732 2960 863 3033 tibi
908 2963 1044 3034 ista
1086 2985 1239 3034 non
1289 2962 1504 3047 scita,
1560 2959 1682 3030 sed
1729 2975 2066 3060 portenta
2109 2986 2287 3032 con-

209 3167 261 3224 4.
288 3162 483 3212 Habent
522 3160 617 3226 ipsi
672 3161 797 3212 MSS
846 3160 1066 3223 aliquot,
1111 3171 1167 3208 ut

130 3249 311 3292 Franc.
320 3242 494 3292 Dresd.
516 3240 765 3290 Guelferb.
781 3250 875 3288 ete.
889 3242 1167 3304 Utrumque

131 3325 305 3372 Groev.
340 3331 389 3369 et
425 3323 615 3371 Ernest.
659 3319 923 3370 delendum
960 3335 1162 3368 censue-

129 3414 271 3451 runt.
293 3403 342 3448 J.
372 3403 438 3450 V.
468 3403 528 3450 1..

210 3483 258 3530 5.
284 3482 609 3531 conseer-acce.
648 3477 1001 3528 statuebantur
1038 3491 1134 3526 arte
1150 3511 1165 3535 ‚

131 3577 248 3627 quae
292 3560 572 3624 religiosum
618 3557 890 3608 reddebant
932 3556 984 3606 id
1006 3591 1024 3618 ‚
1079 3556 1169 3606 ubi

130 3650 273 3689 etant
298 3639 601 3698 constitutae,
622 3637 665 3688 ei
693 3637 823 3696 loeo,
851 3636 951 3687 hoc
966 3647 1039 3684 eet
1057 3651 1167 3695 suo,

130 3737 215 3767 seu
246 3711 511 3769 eommodo
530 3718 645 3768 loco
660 3752 677 3777 ,
712 3718 827 3778 jure
843 3750 858 3776 ,
881 3726 931 3765 et
950 3716 1169 3780 legitime

131 3811 295 3848 essent
348 3808 663 3848 connect-att.
702 3799 845 3846 Hane
889 3797 1017 3844 enim
1070 3795 1169 3844 vim

132 3879 239 3928 Ioco
254 3894 543 3928 consecrare
556 3877 721 3928 babet.
734 3879 937 3926 Terent.
953 3875 1172 3940 Adelph.

134 3961 183 4008 11
202 3995 217 4020 ‚
264 3976 291 4010 τι
334 3974 348 4009 :
386 3981 413 4001 ι
439 3957 707 4006 Pecuniam
729 3957 847 4005 loeo
893 3954 1167 4018 negligere,

136 4040 401 4087 maximum
428 4035 671 4084 interdum
708 4047 779 4083 est
806 4035 997 4084 lucrum
1017 4057 1056 4083 ω.
1087 4035 1169 4083 Ci-

1258 3175 1372 3208 cero
1396 3175 1490 3224 pro
1521 3157 1711 3208 Milone
1735 3173 1749 3208 ε
1777 3160 1978 3221 «Quem
1991 3159 2118 3219 jure,
2139 3177 2288 3224 quem

1253 3237 1372 3286 loco
1387 3273 1402 3298 ,
1443 3253 1586 3300 quem
1618 3247 1838 3301 tempore
1853 3268 1868 3294 ,
1913 3251 2057 3299 quem
2083 3239 2284 3303 impune

1254 3333 1358 3365 non
1390 3327 1464 3366 est
1501 3331 1674 3374 ausum
1714 3316 1848 3364 hunc
1876 3314 2088 3376 injuria,
2111 3316 2285 3383 iniquo

1254 3396 1390 3454 loco,
1413 3395 1574 3442 alieno
1601 3403 1836 3456 tempore,
1861 3394 2086 3458 periculo
2113 3399 2288 3462 eapitis

1254 3489 1358 3524 non
1385 3471 1630 3521 dubitabit
1665 3472 1890 3522 occidere
1921 3496 1964 3523 ι».
2003 3477 2121 3524 Act.
2147 3479 2194 3523 V
2233 3479 2287 3525 in

1256 3558 1458 3604 Verrem
1485 3567 1498 3598 ε
1525 3574 1550 3596 κ
1571 3553 1640 3600 Ut
1670 3553 1776 3600 haec
1799 3553 1904 3616 ipsa
1935 3552 2166 3616 aedilitas,
2183 3566 2282 3603 ete.

1257 3644 1388 3681 recte
1405 3631 1668 3690 collocata,
1714 3643 1764 3679 et
1784 3631 1974 3692 judicio
2003 3631 2210 3695 populi,
2237 3645 2288 3682 et

1256 3714 1372 3762 loco
1399 3711 1562 3776 posita
1590 3709 1940 3762 esee-videatur
1953 3731 1994 3760 ιο.
2028 3709 2157 3758 Vide
2179 3727 2289 3777 quoe

1256 3793 1328 3840 ibi
1347 3791 1537 3842 notavi.

1335 3873 1386 3919 6.
1429 3872 1505 3918 De
1523 3870 1639 3936 jure
1658 3867 1877 3934 publico.
1916 3867 2002 3916 Est
2027 3867 2126 3918 hoc·
2167 3869 2284 3920 loeo

1253 3953 1342 4012 jue
1359 3965 1635 4011 commune,
1654 3950 1790 4015 quod
1803 3950 2014 4014 pertinet
2035 3949 2098 3999 ad
2119 3966 2290 4002 omnes

1262 4031 1411 4091 cives,
1431 4041 1486 4080 ut
1513 4031 1736 4095 superius
1755 4040 2000 4078 notatum.
2229 4071 2256 4092 ,,
