2594 4537
585 271 972 342 ORATIO
1021 273 1228 340 PRO
1276 273 1599 340 DOMO
1649 273 1869 376 SUA.
2152 273 2293 370 399

145 397 220 467 in
245 406 581 464 senatum
607 391 925 490 legeret?
951 391 1150 491 quod
1177 392 1270 464 de
1300 393 1678 483 omnibu5‚
1712 395 1929 465 etiam
1966 393 2233 492 quibus
2249 395 2281 452 4

145 506 501 576 damnatis
553 503 1016 576 interdictum
1080 517 1228 588 est,
1287 503 1637 602 scriptum
1690 517 1799 575 est
1856 507 1932 574 in
1983 504 2288 602 legibus.

144 619 405 706 Quaere
443 614 586 684 hoc
621 639 662 684 e
703 616 898 685 Sext.
951 613 1246 702 clodio,
1295 617 1649 711 scriptore
1684 615 1925 713 legum
1959 631 2291 706 tuarum3

139 723 322 818 jube
359 723 652 796 adesse:
700 723 932 795 latitat
981 724 1324 812 omnin03
1376 723 1502 795 sed
1546 730 1607 795 si
1648 727 1925 821 requiri
1956 726 2289 820 jusseris»,

147 835 518 906 invenient
571 835 950 906 hominem
1005 835 1204 934 apud
1252 859 1583 907 sororem
1634 849 1867 922 tuam,
1920 837 2293 908 occultan-

142 961 294 1016 tem
327 969 404 1016 se
426 999 445 1030 ‚
484 947 715 1043 capite
747 943 1058 1017 demisso
1076 943 1130 1015 ⁵.
1165 945 1306 1018 Sed
1333 947 1392 1016 si
1426 958 1705 1042 patrem
1740 944 2007 1034 tuum⁶‚
2034 949 2288 1034 civem,

145 1053 432 1126 medius
458 1053 672 1124 fidius
689 1106 708 1139 ,
735 1059 1103 1150 egregium
1123 1107 1142 1142 ‚
1167 1054 1733 1151 dissimilemque
1757 1059 1975 1127 vestri
1993 1070 2046 1146 ⁷,
2070 1083 2290 1129 nemo

145 1188 499 1260 umquam
543 1187 759 1234 sanus
797 1163 1116 1235 exsulem
1157 1162 1580 1261 appellavit,
1615 1165 1780 1260 qui,
1808 1189 2038 1261 quum
2078 1167 2169 1238 de
2199 1193 2289 1240 eo

147 1273 486 1345 tribunus
513 1272 746 1370 plebis
779 1272 1307 1370 promulgasset
1328 1327 1347 1360 ‚
1380 1273 1627 1344 adesse
1671 1287 1975 1372 propter
2020 1277 2285 1374 iniqui—

140 1401 366 1456 tatem
419 1383 610 1454 illius
680 1383 990 1453 Cinnani
1040 1382 1395 1480 temporis
1458 1383 1736 1470 noluit,
1790 1387 2005 1480 eique
2054 1387 2283 1484 impe-

145 1499 336 1566 rium
366 1508 474 1565 est
499 1493 963 1588 abrogatum}
1003 1493 1064 1562 si
1100 1496 1174 1562 in
1208 1492 1335 1563 illo
1373 1515 1593 1590 poena
1620 1491 1937 1591 legitima
1969 1498 2287 1592 turpitu-

145 1603 394 1676 dinem
444 1628 596 1674 non
649 1599 908 1674 habuit
964 1617 1263 1701 propter
1312 1603 1485 1672 vim.
1514 1617 1929 1701 temporum
1961 1631 1977 1674 ε
2015 1606 2091 1675 in
2130 1631 2283 1694 me,

145 1716 262 1786 cui
305 1713 460 1784 dies
504 1711 696 1783 dicta
738 1737 893 1783 non
932 1726 1039 1782 est
1055 1707 1110 1801 ⁸,
1154 1717 1284 1809 qui
1324 1736 1493 1782 reus
1533 1737 1682 1782 non
1718 1710 1860 1800 fui,
1898 1715 2025 1811 qui
2065 1740 2285 1787 num-

147 1849 372 1922 quam
420 1847 580 1894 sum
629 1847 672 1894 a
720 1821 1018 1893 tribuno
1069 1820 1301 1920 plebis
1352 1823 1648 1910 citatus»,
1698 1821 2014 1895 damnati
2066 1849 2285 1923 poena

145 1959 304 2006 esse
337 1935 611 2031 potnit,
653 1957 736 2003 ea
765 1933 1160 2031 praesertim
1180 1986 1199 2020 ,
1233 1957 1399 2030 quae
1432 1955 1525 2002 ne
1550 1933 1629 2002 in
1656 1936 1811 2028 ipsa
1842 1933 2139 2029 quidem
2168 1961 2283 2008 ro-

145 2045 440 2141 gatione
483 2045 878 2141 proscripta
919 2043 1127 2114 estv?

239 2157 530 2224 XXXII.
583 2160 676 2224 At
720 2152 922 2238 vide,
968 2151 1148 2250 quid
1195 2152 1479 2224 intersit
1517 2155 1709 2224 inter
1738 2151 1943 2224 illum
1980 2156 2289 2253 iniquis·-

144 2267 410 2336 simum
450 2267 672 2363 patris
707 2265 813 2335 tui
850 2288 1129 2349 casum,
1169 2277 1241 2334 et
1290 2263 1479 2335 hanc
1522 2261 1887 2335 fortunam
1926 2264 2283 2338 conditio—

142 2399 466 2472 nemque
496 2389 837 2446 nostram.
858 2378 1142 2445 Patrem
1162 2388 1413 2461 tuum,
1450 2377 1679 2445 civem
1716 2376 2115 2473 optimum,
2152 2378 2287 2448 cla-

141 2488 407 2558 rissimi
453 2486 588 2555 viri
625 2483 854 2555 filium
875 2540 896 2571 ‚
933 2487 1062 2582 qui
1093 2489 1154 2557 si
1186 2489 1501 2573 viveret,
1539 2510 1685 2583 qua
1716 2488 2092 2559 severitate
2125 2486 2285 2577 fuit,

141 2613 226 2667 tu
269 2594 603 2694 profecto
645 2620 798 2666 non
829 2600 1144 2684 vivereS,
1180 2599 1256 2666 L.
1297 2595 1711 2695 Philippus¹
1760 2622 2017 2670 censor
2055 2624 2285 2670 avun-

215 2767 266 2814 4.
289 2754 414 2813 Ani,
439 2754 758 2820 quibeesdam,·
787 2754 874 2804 sed
895 2772 997 2803 non
1019 2766 1170 2804 recte.

214 2838 266 2883 5.
295 2836 632 2883 occultantem
658 2852 710 2883 se
724 2870 738 2893 ,
765 2836 926 2899 capite
953 2835 1172 2884 demisso.

141 2913 399 2981 Significat
449 2930 551 2962 enm
591 2914 960 2963 obscoenitatem
978 2950 992 2973 ,
1029 2930 1174 2980 quam

141 2995 374 3060 superine
398 2994 656 3059 aliquoties
675 2994 778 3054 iam
805 2993 1013 3045 notavit.

211 3077 265 3122 6.
312 3076 512 3121 Patrem
558 3085 710 3121 tuum.
761 3074 982 3138 Appium
1026 3072 1170 3123 Clau-

139 3154 314 3214 dium,
351 3152 410 3200 de
435 3157 538 3218 'quo
574 3152 786 3201 diximus
813 3153 876 3202 ad
900 3170 1007 3217 cap.
1028 3156 1058 3202 5
1078 3168 1172 3217 pro

138 3233 297 3281 Arcb.
343 3233 437 3281 nic
485 3242 666 3295 praetor
708 3232 760 3279 in
807 3233 1012 3282 Cinnam
1061 3248 1172 3280 cum

140 3313 334 3376 reliqu·
361 3308 619 3358 nobilitate
651 3311 980 3375 conspiravit3
1014 3312 1170 3359 dicta·

137 3408 236 3455 que
265 3390 350 3439 din
375 3407 402 3437 a
431 3390 632 3437 tribuno
659 3389 727 3453 pl.
755 3406 886 3438 nuno
921 3406 1022 3454 seq.
1059 3400 1174 3454 post

139 3470 244 3519 red.
263 3486 374 3519 eos.
397 3469 517 3530 667,
537 3486 688 3533 quum
714 3468 952 3517 noluisset
978 3469 1174 3527 adesse,

1262 2756 1357 2804 fuit
1395 2772 1508 2805 cum
1534 2758 1590 2805 P.
1621 2758 1854 2817 Servilio,
1894 2760 2033 2808 νίοῐίε
2063 2754 2162 2819 jam
2204 2762 2283 2808 iu-

1261 2836 1569 2899 terfectisque
1595 2833 1841 2885 Marianis.

1337 2930 1385 2975 7.
1412 2912 1806 2977 Dissimilemque
1828 2914 1995 2963 verer-1⁰.
2014 2915 2131 2964 Non
2158 2928 2283 2980 puto

1259 2990 1343 3038 hic
1366 2991 1521 3056 pungi
1547 3002 1657 3040 eum
1700 2993 1877 3043 Clodio
1917 2994 2136 3058 Appium
2178 2998 2282 3055 eju·

1265 3070 1487 3130 fratrem,
1508 3070 1643 3119 illius
1661 3074 1777 3120 anni
1798 3083 2079 3135 praetorem,
2100 3086 2153 3121 ut
2176 3074 2282 3123 vult

1259 3150 1527 3197 Manutius.
1544 3151 1713 3214 Appio
1730 3166 1968 3214 nmquam
1984 3152 2286 3202 conviciatur

1262 3228 1437 3277 Cicero
1474 3229 1540 3279 ob
1571 3228 1881 3288 affinitatem,
1915 3248 2058 3294 quam
2101 3234 2143 3281 is
2170 3252 2283 3282 cum

1261 3309 1497 3371 Pompeio
1525 3320 1831 3358 contraxerat
1854 3324 1867 3357 :
1895 3311 1980 3357 sed
2002 3326 2142 3361 soror
2167 3314 2281 3364 Clo-

1263 3388 1334 3435 dii
1378 3386 1695 3453 significatur,
1737 3405 1947 3452 quacum
1992 3402 2040 3439 et
2080 3394 2281 3443 Publius

1263 3468 1411 3515 frater
1452 3482 1555 3514 rem
1602 3467 1811 3526 habere,
1858 3481 1907 3518 et
1934 3472 2045 3519 Sex.
2078 3474 2281 3523 Clodius

135 3550 402 3614 imperium
445 3546 542 3595 sibi
592 3548 816 3611 abrogari
854 3563 1024 3612 passus
1077 3558 1164 3597 est.
1255 3546 1549 3609 nequissime
1576 3546 1739 3593 vivere
1766 3546 2033 3599 dicebatur.

135 3632 282 3677 Hanc
299 3642 507 3693 poenam
533 3626 800 3691 legitimam
819 3637 964 3674 vocet
978 3627 1170 3683 Cicero>

134 3712 252 3772 quin
277 3708 418 3768 juxta
447 3706 576 3770 leges
607 3706 684 3755 die
707 3706 836 3755 dieta
861 3708 1036 3755 citatus
1057 3707 1161 3754 fue·

135 3800 210 3835 rat
231 3803 260 3833 a
289 3786 518 3845 tribuno,
555 3802 706 3850 quum
732 3785 828 3833 sibi
853 3802 1012 3849 neque
1038 3786 1168 3833 diem

137 3866 324 3913 dixerit
341 3864 568 3924 (Radius,
581 3878 740 3930 neque
752 3867 950 3927 jusserit
973 3866 1166 3915 adesse:

135 3958 183 3993 et
207 3946 311 3992 boe
340 3942 464 3990 illud
493 3954 588 4002 est,
613 3944 748 4007 quod
775 3945 984 3992 maxime
1005 3944 1171 4009 queri-

1335 3624 1386 3671 8.
1412 3622 1536 3684 Alii,
1556 3638 1842 3687 numquam.

1336 3715 1385 3767 9.
1424 3702 1697 3767 Bogutiana
1730 3706 2008 3769 proxen‘pta
2052 3717 2126 3754 ese
2146 3712 2173 3754 ι’
2218 3710 2289 3759 Ae

1259 3783 1400 3833 vide.
1427 3782 1559 3842 Alii,
1592 3783 1880 3846 -rogatione
1908 3786 2171 3851 perscripta
2201 3803 2287 3839 est.

1267 3868 1336 3913 At
1364 3862 1535 3909 viden.
1572 3864 1701 3910 LV.
1731 3864 1786 3910 L.

1336 3950 1555 3997 XXXII.
1592 3965 1637 3998 ι.
1673 3952 1728 3998 L.
1760 3948 2027 4016 Philippus.
2060 3956 2285 4007 Celeber-

137 4036 242 4073 mr.
277 4020 465 4071 Consul
491 4028 650 4070 nutem
671 4022 754 4070 hle
786 4024 978 4088 Appius
1009 4034 1176 4088 postea
1267 4029 1418 4075 rimus
1443 4036 1621 4077 orator.
