2594 4537
332 299 463 384 ¹84
960 297 1055 365 M.
1110 297 1189 366 T.
1244 297 1822 368 CICERONIS

419 422 679 492 XXIX.
723 417 1216 511 Quamobrem
1238 474 1257 508 ,
1307 424 1652 518 quoniam
1671 474 1692 508 ,
1735 417 1938 516 quod
1987 419 2262 492 crimen
2301 445 2454 494 esse

323 531 657 617 voluisti,
708 528 781 600 id
816 544 1050 600 totum
1086 529 1283 601 vides
1325 531 1402 602 in
1439 529 1736 602 «laudem
1782 553 1936 601 esse
1977 553 2454 620 conversum3

331 643 701 712 veniamus
760 641 903 734 jam
959 639 1048 710 ad
1102 641 1362 711 civium
1416 665 1890 712 romanorum
1941 639 2296 737 querelas,
2355 646 2452 711 Ex

324 751 593 848 quibus
640 753 731 822 sit
774 775 947 822 sane
986 752 1213 848 prima
1256 753 1552 822 Deciani
1578 761 1628 822 ¹.
1687 749 1884 840 Quid
1935 749 2068 820 tibi
2112 750 2448 838 tandem,

324 865 678 950 Deciane,
726 862 1003 956 injuriae
1042 859 1306 932 factum
1339 862 1490 934 est?
1531 862 1930 959 Negotiaris
1964 863 2040 932 in
2083 859 2315 932 libera
2352 865 2448 932 ci-

318 974 537 1044 vitate
558 983 613 1043 ².
646 975 967 1044 Primum
994 987 1235 1070 patere
1256 1027 1277 1061 ,
1305 997 1422 1044 me
1449 995 1604 1044 esse
1629 973 2020 1044 curiosum.
2049 973 2450 1068 Quousque

320 1081 839 1180 negotiabere?
890 1084 1279 1178 praesertim
1347 1107 1577 1180 quum
1637 1082 1732 1154 sis
1797 1085 1939 1152 isto
2007 1079 2170 1151 loco
2215 1095 2446 1151 natus.

321 1197 572 1265 Annos
614 1195 761 1290 jam
804 1194 1098 1290 triginta
1142 1193 1217 1262 in
1265 1190 1428 1264 foro
1472 1193 1818 1279 versaris-‚3
1873 1189 2002 1262 sed
2039 1203 2284 1260 tamen
2307 1187 2338 1232 ³
2377 1194 2446 1260 in

320 1307 783 1400 Pergameno,
816 1309 1071 1401 Longo
1106 1303 1476 1375 intervallo
1497 1358 1516 1391 ,
1547 1306 1606 1372 si
1636 1301 1934 1398 quando
1963 1299 2094 1370 tibi
2131 1304 2448 1398 peregri-

318 1417 474 1485 nari
507 1411 972 1485 commodum
1004 1429 1147 1502 est,
1178 1417 1482 1484 Romam
1523 1417 1762 1500 venis3
1793 1409 2008 1483 affers
2037 1409 2292 1481 faciem
2335 1436 2452 1482 no-

318 1547 513 1611 vam,
563 1550 837 1596 nomen
884 1539 1135 1612 vetus,
1186 1549 1590 1622 purpuram
1634 1526 1938 1621 Tyriam.
1992 1527 2078 1594 In
2127 1547 2278 1620 qua
2321 1521 2450 1594 tibi

254 1623 259 1628 ’
316 1633 605 1706 invideo
633 1690 654 1722 ‚
714 1632 917 1731 quod
981 1636 1145 1705 unis
1205 1635 1648 1706 vestimentis
1711 1632 1990 1705 tamdiu
2055 1631 2298 1704 lautus
2353 1657 2444 1705 οε.

319 1745 595 1814 Verum
660 1758 817 1815 esto
861 1771 877 1814 ε
946 1746 1293 1840 negotiari
1347 1744 1524 1817 libet
1569 1772 1585 1815 :
1645 1770 1776 1816 cur
1825 1768 1974 1815 non
2028 1744 2352 1840 Pergami
2372 1743 2450 1812 ⁴?

318 1855 678 1950 Smyrnae?
715 1853 1117 1926 Trallibus?
1164 1854 1293 1926 ubi
1329 1872 1402 1928 et
1439 1856 1650 1926 multi
1695 1857 1884 1926 cives
1919 1854 2200 1925 romani
2245 1869 2446 1938 sunt,

317 1979 392 2036 et
412 1965 533 2060 jus
567 1989 607 2036 a
642 1980 895 2037 nostro
921 1968 1342 2062 magistratu
1379 1965 1689 2038 dicitur?
1729 1966 1978 2036 Otium
2006 1978 2078 2035 te
2105 1961 2448 2050 delectat;

316 2072 477 2145 lites
498 2129 519 2163 ,
577 2073 790 2146 turba
812 2129 831 2164 ,
891 2090 1154 2173 praetor
1212 2076 1380 2148 odio
1441 2092 1590 2160 est;
1647 2080 2063 2146 Graeeorum
2117 2073 2448 2144 libertate

312 2185 600 2284 gaudee.
645 2191 792 2258 Cur
824 2211 997 2283 ergo
1044 2213 1233 2260 unus
1263 2202 1346 2259 tu
1377 2186 2017 2287 Apollonidenses,
2055 2186 2450 2256 amantissi-

312 2320 473 2368 mos
498 2298 751 2395 populi
772 2299 1089 2386 romani,
1114 2296 1710 2395 fidelissimosque
1737 2300 1968 2368 socios
1983 2352 2004 2385 ,
2041 2296 2448 2366 miseriores

312 2408 576 2499 habeS,
622 2436 841 2508 quam
883 2426 1007 2482 aut
1043 2412 1530 2500 Mithridates,
1568 2427 1700 2483 aut
1735 2414 1948 2483 etiam
1991 2406 2238 2508 pater⁵
2279 2424 2446 2481 tuus

315 2518 650 2591 habuerit
692 2521 1086 2617 umquam?
1123 2547 1251 2592 cur
1294 2522 1410 2594 his
1455 2548 1584 2620 per
1625 2537 1697 2594 te
1743 2519 1884 2592 frui
1917 2521 2252 2593 libertate
2284 2544 2444 2605 sua,

311 2654 443 2701 cur
474 2629 793 2728 denique
822 2656 975 2703 esse
1015 2631 1257 2705 liberis
1290 2657 1440 2703 non
1475 2632 1687 2705 licet?
1723 2633 2070 2703 Homines
2097 2646 2272 2701 sunt
2299 2647 2446 2702 tota

312 2764 399 2809 ex
427 2741 588 2809 Asia
618 2736 1108 2837 frugalissimi,
1142 2744 1605 2831 sanctissimi,
1641 2768 1680 2813 a
1715 2746 2131 2815 Graecorum
2163 2741 2446 2813 luxuria

216 2964 223 2973 ·
306 2941 514 2992 obses-a.
544 2943 597 2991 Si
634 2944 915 3005 conjectura
952 2944 1175 3009 eligenda
1208 2956 1334 2993 esset

307 3020 468 3085 aliqua
486 3056 501 3081 ,
544 3022 755 3087 placeret
788 3024 904 3071 eatis
940 3040 993 3071 ea
1023 3040 1169 3088 quam
1194 3024 1332 3072 dedit

308 3101 536 3165 Scaliger.
590 3103 805 3151 Manutii
856 3118 1049 3151 sensum
1104 3104 1330 3167 plurimis

306 3180 527 3229 defendit
566 3183 861 3231 Garatonius
881 3217 896 3242 ,
950 3182 1038 3230 sed
1080 3199 1191 3246 qne
1225 3198 1330 3231 non

306 3260 511 3307 omnino
536 3258 683 3309 fldem
708 3262 779 3309 rei
796 3262 952 3310 faeere
978 3262 1219 3310 videntur.

374 3340 570 3387 xnx.
592 3356 611 3386 ι
624 3376 634 3387 .
648 3340 872 3389 Deciani.
892 3342 1053 3390 Unius
1069 3358 1098 3390 e
1114 3334 1340 3389 subseriss

304 3419 526 3483 ptoribus
558 3419 709 3467 Laelii.

372 3514 421 3547 a.
442 3501 501 3546 In
520 3498 674 3547 libera
692 3497 903 3547 civitate.
931 3498 1083 3563 Apud
1109 3498 1326 3563 Apollo-

299 3576 523 3627 nidenses
538 3615 554 3641 ,
582 3578 917 3626 Romanorum
937 3580 1113 3626 socios.

370 3654 421 3705 3.
451 3656 552 3705 Sed
568 3668 750 3705 tamen.
772 3658 833 3703 In
860 3658 971 3705 soro
996 3656 1195 3720 quidem
1218 3650 1329 3704 ve'r-

300 3736 419 3783 uris
436 3770 451 3795 ,
470 3751 576 3784 non
596 3740 825 3785 Romano
839 3770 856 3798 ,
897 3736 983 3784 sed
1003 3740 1320 3799 Pergameno.

296 3816 486 3862 Festive
518 3826 590 3863 ent
616 3818 857 3864 correctio
879 3849 894 3874 ,
918 3826 967 3863 et
987 3830 1098 3879 quae
1117 3830 1322 3878 suspeu-

296 3908 377 3943 sos
406 3894 549 3940 faeiat
576 3893 835 3943 auditores.

366 3979 413 4027 4.
444 3970 616 4020 Edidit
656 3974 829 4037 Perga·
850 3973 1101 4019 Victorius
1121 4008 1134 4030 ‚
1172 3988 1318 4035 quem

289 4060 559 4116 sequuntur
570 4049 815 4115 plerique3
831 4051 901 4099 sie
920 4062 971 4099 et
996 4050 1091 4114 legi
1114 4060 1315 4099 testatur

1419 2936 1659 2985 Camerer.
1679 2936 1732 2984 in
1757 2936 1886 2984 libro
1905 2936 2117 2984 Veneto.
2143 2934 2254 2984 Nos
2279 2935 2346 2983 ob
2373 2950 2443 2981 se-

1419 3017 1648 3079 quentia,
1691 3032 1794 3065 non
1841 3018 1946 3065 sine
1995 3014 2120 3065 Mss
2144 3050 2161 3077 ‚
2193 3029 2442 3065 “nemus

1419 3095 1666 3160 Pergami.
1695 3096 1730 3145 J
1735 3132 1747 3145 .
1765 3098 1829 3144 V.
1847 3098 1903 3144 1..

1491 3176 1540 3222 5.
1561 3178 1714 3222 Pater
1731 3186 1862 3223 tuus.
1899 3173 2110 3223 Videtur
2136 3182 2276 3237 peter
2300 3172 2443 3233 hujus

1419 3254 1652 3312 Deciani,
1681 3254 1744 3301 de
1775 3270 1876 3318 quo
1909 3253 2055 3301 etiam
2082 3254 2243 3317 agitur
2266 3268 2360 3317 pro
2385 3253 2442 3299 C.

1417 3332 1586 3382 Rabir.
1615 3348 1726 3397 cap.
1747 3350 1804 3396 9,
1831 3344 2090 3397 antequam
2115 3332 2344 3380 tribunus
2375 3329 2442 3394 pl.

1417 3410 1574 3459 faetus
1619 3423 1742 3460 esset
1763 3444 1778 3469 ,
1819 3412 1873 3459 in
1911 3413 2030 3461 Asia
2073 3410 2252 3469 fuine,
2281 3410 2441 3473 ibique

1416 3490 1834 3555 Apollonidenses
1858 3506 2069 3539 veneze.
2093 3493 2326 3539 Emeum
2345 3486 2442 3535 alii-

1417 3586 1513 3635 que
1535 3571 1784 3634 accipiunt
1813 3570 1874 3617 de
1912 3569 2096 3617 sevitia
2137 3566 2440 3617 foeneratoria

1414 3652 1566 3714 petris
1575 3650 1878 3715 Apollonide
1895 3649 2204 3712 negotiantis.
2219 3651 2438 3699 Ceterum

1412 3730 1556 3777 nimie
1583 3730 1752 3777 multis
1777 3729 2012 3793 exemplis
2031 3728 2270 3792 probatur
2291 3740 2438 3789 quan·

1411 3822 1459 3858 ta
1503 3809 1791 3857 erudelitate
1817 3810 2006 3856 romani
2032 3808 2362 3872 negotiatores
2385 3804 2436 3851 in

1407 3888 1676 3953 provinciis
1717 3898 1940 3952 agerent,
1986 3902 2141 3952 quum
2189 3885 2432 3951 magistre·

1411 3980 1546 4016 tuum
1581 3966 1734 4031 gratia
1775 3978 1823 4016 et
1849 3969 2040 4017 romani
2069 3965 2288 4017 nominis
2311 3972 2437 4013 metu

1407 4058 1566 4097 essent
1587 4047 1803 4125 subnixi.
