2594 4537
604 273 984 346 ORATIO
1036 275 1240 343 pao
1288 277 1599 344 Domo
1648 279 1873 347 sUA.
2160 277 2297 377 ³97

122 402 611 488 centuriatiS,
656 400 1012 471 civitatem
1061 401 1341 493 eripere
1392 422 1543 468 non
1600 400 1876 496 potuit3
1930 399 2299 499 hodieque

129 509 608 583 Volaterrani
645 535 799 580 non
847 507 1066 578 modo
1111 509 1343 594 cives,
1375 507 1502 579 sed
1536 511 1751 579 etiam
1780 513 2039 606 optimi
2071 513 2297 602 cives,

122 617 505 693 fruuntur
544 621 924 693 nobiscum
961 617 1174 690 simul
1211 617 1349 690 hac
1381 619 1665 690 civitate
1698 645 1713 689 ε
1762 621 2123 692 consulari
2158 622 2293 696 ho-

123 733 332 801 mini
363 737 440 803 P.
477 732 816 818 clodius,
859 751 1099 801 eversa
1135 728 1545 828 republica,
1590 732 1947 803 civitatem
1976 732 2293 806 adimere

122 844 427 938 potuit,
466 843 776 915 concilio
815 841 1162 912 advocato
1183 837 1238 928 ⁵,
1283 838 1665 912 conductis
1706 843 1946 938 operis
1988 867 2139 915 non
2180 868 2294 916 so-

121 951 304 1023 lum
345 957 712 1051 egentium
730 939 758 1041 ,⁵
781 951 904 1024 sed
935 953 1146 1022 etiarn
1177 975 1551 1022 servorum
1569 1006 1590 1039 ,
1619 951 1911 1026 Sedulio
1936 957 2293 1054 principe,

119 1065 270 1159 qui
305 1089 386 1133 se
413 1063 538 1134 illo
567 1063 684 1134 die
720 1059 1167 1134 confirmavit
1201 1065 1449 1133 Romae
1488 1085 1637 1131 non
1677 1060 1941 1133 fuisse?
1980 1064 2199 1156 Quod
2228 1069 2289 1138 si

121 1199 294 1243 non
349 1171 530 1261 fuit,
577 1172 756 1271 quid
808 1187 878 1243 te
925 1169 1303 1258 audacius,
1356 1170 1485 1266 qui
1536 1169 1997 1265 ejus-nomen
2026 1170 2059 1220 ⁶
2106 1175 2289 1246 inci·

121 1281 386 1354 deris?
428 1283 604 1382 quid
657 1283 1139 1381 desperatius,
1179 1282 1309 1378 qui
1346 1304 1444 1353 ne
1485 1279 1947 1352 ementiendo
1991 1283 2287 1380 quidem

125 1399 469 1524 potueris
513 1404 882 1468 auctorem
928 1390 1357 1464 adumbrare
1402 1391 1825 1464 meliorem?
1872 1394 1997 1464 Sin
2042 1411 2283 1468 autem

125 1505 188 1574 is
229 1509 518 1604 primus
553 1507 798 1594 scivit,
843 1503 1047 1601 quod
1079 1503 1287 1576 facile
1317 1505 1593 1601 potuit,
1628 1517 1933 1602 propter
1962 1506 2286 1603 inopiam

125 1617 346 1702 tecti,
388 1619 464 1686 in
507 1615 668 1687 foro
712 1629 1198 1715 pernoctans:
1244 1638 1377 1686 cur
1418 1637 1571 1685 non
1606 1615 1806 1710 juret
1846 1639 1923 1686 se
1960 1615 2286 1690 Gadibus

127 1721 404 1812 fuisse,
435 1751 664 1822 quum
700 1741 784 1796 tu
816 1741 887 1796 te
919 1723 1137 1796 fuisse
1166 1729 1596 1795 Interamnae
1621 1735 1647 1779 ⁷
1681 1723 2149 1823 probaveris?

225 1839 393 1906 Hoc
429 1849 509 1905 tu
545 1837 758 1933 igitur
784 1835 1010 1907 homo
1041 1836 1417 1934 popularis
1442 1835 1606 1930 jure
1650 1838 2001 1908 munitam
2045 1839 2286 1910 civita-

123 1955 286 2012 tem
341 1957 414 2013 et
453 1941 856 2014 libertatem
901 1958 1226 2014 nostram
1282 1959 1499 2040 putas
1542 1941 1697 2016 esse
1732 1961 2114 2043 oportere,
2156 1966 2241 2020 ut
2262 2003 2283 2040 ,

127 2054 232 2141 si,
277 2053 580 2126 tribuno
623 2053 854 2153 plebis
897 2069 1237 2151 rogante,
1282 2079 1599 2142 vnm‘rm,
1644 2079 2109 2146 man-risun,
2163 2063 2283 2130 Se·

127 2159 322 2233 dulii
363 2180 656 2236 centum
705 2189 782 2236 se
809 2164 996 2236 velle
1031 2177 1102 2234 et
1126 2163 1389 2259 jubere
1416 2163 1767 2252 dixerint,
1796 2169 2023 2264 possit
2052 2191 2281 2241 unus·-
2356 2229 2365 2244 .
2444 2231 2454 2242 .

123 2278 451 2373 quisque
469 2292 802 2348 nostrum
828 2272 1240 2350 amittere-⁸?
1267 2280 1449 2346 Tum
1482 2278 1703 2372 igitur
1724 2279 2033 2374 majores
2052 2283 2283 2351 nostri

128 2386 529 2483 populares
556 2412 706 2459 non
745 2386 1078 2475 fuerunt,
1119 2388 1242 2481 qui
1280 2386 1373 2458 de
1406 2388 1697 2457 civitate
1728 2403 1804 2458 et
1837 2386 2169 2461 libertate
2196 2415 2281 2463 ea

123 2494 295 2586 jura
328 2512 764 2593 sanxerunt,
799 2522 962 2594 quae
995 2522 1129 2569 nec
1161 2502 1267 2569 vis
1297 2512 1749 2596 temporum,
1786 2522 1923 2571 nec
1956 2503 2281 2597 potentia

127 2606 678 2702 magistratuum
703 2664 724 2699 ,
759 2632 896 2679 nec
929 2634 1045 2681 res
1081 2606 1377 2707 [tumv]
1406 2609 1757 2703 judicata,
1798 2636 1933 2683 nec
1966 2611 2282 2711 denique

129 2718 456 2787 universi
483 2718 740 2816 populi
777 2720 1054 2790 romani
1083 2732 1400 2817 potestas
1422 2772 1441 2802 ‚
1477 2744 1641 2817 quae
1668 2722 1923 2793 ceteris
1950 2721 2027 2791 in
2054 2721 2277 2796 rebus

128 2840 240 2897 est
280 2830 626 2917 maxima,
661 2828 1089 2901 labefactare
1124 2831 1355 2928 possit
1380 2840 1464 2897 ¹⁰.

203 3056 255 3107 5.
281 3054 502 3105 concilio
519 3040 775 3107 αᾰυὸωω.
797 3058 1064 3109 eos-emm
1083 3074 1159 3115 00-

129 3135 229 3185 lius
249 3136 406 3200 plebis
432 3154 536 3187 esse
551 3172 568 3198 ,
595 3154 724 3203 sape
743 3154 770 3190 a
798 3140 946 3189 nobi·
971 3140 1158 3191 dictum

1249 3066 1394 3109 eet-e?
1438 3062 1679 3108 Gruterus
1706 3058 1803 3107 hoc
1848 3060 1919 3109 ita
1942 3060 2143 3123 reliquit
2162 3094 2181 3121 ,
2220 3070 2279 3109 m.

1245 3141 1303 3189 in
1344 3139 1672 3189 Lambiniunis
1726 3139 1975 3187 invenerat
1994 3172 2011 3200 ,
2067 3155 2275 3203 eumque

129 3228 221 3265 est.
247 3218 420 3279 Itaque
443 3219 708 3265 centuriata
730 3221 923 3267 comitia
947 3221 1157 3269 concilio

125 3294 373 3343 advocato
397 3310 530 3343 nune
552 3298 782 3361 opponit.

197 3378 249 3425 6.
285 3378 482 3423 Frustra
517 3375 744 3427 defendit
763 3376 1010 3440 vulgatum
1039 3378 1158 3427 Em.

125 3476 152 3497 «ι
171 3456 224 3504 in
251 3456 356 3515 eina
381 3470 561 3505 nomen
585 3476 628 3502 ο.
665 3457 894 3505 Gronov.
923 3457 1160 3505 Gar-ton.

127 3532 278 3585 Beck.
299 3532 498 3583 seham.
519 3534 760 3585 dederunt
773 3534 826 3583 id
839 3568 856 3593 ,
877 3535 1018 3598 quod
1038 3550 1162 3599 pra-

131 3613 344 3661 tulimus.
389 3614 590 3665 Lallem.
647 3638 676 3659 α
701 3617 756 3663 in
793 3630 860 3663 a·
919 3616 1022 3675 ejus
1073 3630 1160 3663 no-

123 3708 237 3743 men
259 3716 305 3743 ¹·-
326 3694 376 3743 J.
390 3694 456 3741 V.
485 3696 541 3741 L.

201 3790 254 3834 7.
277 3776 600 3822 Interamnae.
623 3774 747 3821 Nam
773 3774 827 3825 P.
855 3772 1066 3823 clodius
1087 3772 1147 3823 de

127 3852 316 3903 incestu
343 3864 596 3903 aecusatus
627 3854 836 3915 jun-uit,
883 3870 934 3903 ae
959 3852 1048 3901 illo
1076 3853 1156 3902 die

129 3934 436 3983 Interamnae
461 3932 623 3983 fuisse.

199 4014 246 4063 8.
265 4013 423 4063 Possit
437 4012 766 4079 unnsquisque
784 4024 1002 4065 nostrum
1017 4014 1159 4065 amic·

1247 3220 1470 3268 Gravius
1488 3252 1503 3275 ,
1544 3228 1593 3265 et
1616 3216 1767 3265 'Verb-
1794 3229 1843 3265 et
1868 3218 2055 3265 Ernest.
2081 3218 2275 3282 sequuti

1245 3310 1378 3348 sunt.
1418 3296 1514 3347 Sed
1552 3306 1689 3345 eraut
1731 3313 1826 3345 una
1874 3313 1997 3345 voce
2034 3299 2276 3347 auctiore·

1251 3390 1391 3429 antea
1428 3377 1551 3427 editi
1587 3392 1603 3430 ι
1633 3376 1815 3427 habent
1840 3377 1971 3425 enim
1992 3414 2007 3439 ,
2050 3378 2277 3427 amittere

1249 3458 1497 3508 civitatem
1516 3463 1545 3514 e
1581 3472 1739 3523 neque
1774 3458 1913 3507 aliter
1956 3458 2119 3507 codex
2168 3462 2280 3508 Bu·-

1248 3536 1469 3587 beriam.

1320 3632 1374 3680 9.
1424 3617 1559 3665 Tum.
1587 3615 1827 3665 Voculam
1866 3626 1997 3676 tum,
2024 3631 2119 3679 qua
2158 3614 2277 3662 item

1243 3706 1411 3745 carent
1432 3693 1545 3745 eod.
1563 3693 1705 3746 narb.
1717 3697 1867 3745 Rom.
1888 3693 2042 3744 ambae
2058 3696 2279 3752 Veneto,

1241 3778 1451 3838 Hes-vag.
1472 3784 1521 3821 et
1537 3773 1704 3823 lamb.
1730 3790 1981 3839 perperam
2008 3774 2276 3823 retulerunt

1242 3853 1487 3917 verbutg.
1516 3853 1651 3905 Oliv.
1672 3865 1724 3902 et
1750 3856 1870 3901 Ern-

1324 3950 1401 3983 ιο.
1430 3931 1751 4000 labefactare
1768 3933 1941 4000 possit.
1970 3936 2160 3985 Erum.
2190 3934 2276 3983 Ia-

1249 4014 1504 4081 befaceate
1530 4026 1713 4081 posset.
1738 4012 1793 4065 J.
1812 4017 1876 4063 V.
1904 4016 1960 4065 L.
