2594 4537
552 310 934 379 ORATIO
982 310 1189 378 PRO
1241 312 1394 380 CN.
1448 310 1936 380 PLANCIO.
2173 306 2308 379 585

164 431 586 511 cedoniae¹⁵
625 432 809 505 nihil
847 432 1082 505 dicam
1124 434 1469 531 amplius,
1519 435 1699 523 nisi,
1740 458 1909 505 eum
1965 446 2037 503 et
2086 434 2312 504 civem

164 546 535 643 optimum
574 565 859 640 semper
882 596 901 629 ,
946 557 1021 614 et
1056 542 1236 613 mihi
1272 544 1582 615 amicum
1609 543 1872 633 fuisse3
1909 542 2036 614 sed
2065 543 2314 614 eadem

168 656 539 741 timuisse,
589 676 749 750 quae
794 666 1096 725 ceteroS.
1143 656 1276 725 Cn.
1338 652 1710 725 Plancium
1767 653 1989 725 fuisse
2038 676 2267 724 unum
2295 708 2313 737 ,

162 792 369 853 non,
398 766 529 861 qui
554 769 799 834 minus
831 764 1154 852 timeret,
1196 762 1323 835 sed
1343 818 1361 852 ,
1398 764 1458 835 si
1483 762 1886 837 acciderent
1907 760 2106 854 eaffi,
2150 788 2314 861 quae

164 878 641 961 timerentur,
680 896 967 944 mecum
1006 898 1087 945 ea
1138 874 1382 945 subire
1419 888 1494 945 et
1527 877 1810 973 perpeti
1847 874 2083 947 vellet.
2133 875 2315 964 Qui,

166 1010 409 1085 quum
445 982 537 1055 ad
562 1007 681 1055 me
710 989 785 1055 L.
828 981 1158 1072 Tubero,
1184 1024 1191 1031 ·
1218 1009 1426 1057 meus
1461 986 1928 1073 necessarius,
1961 987 2088 1083 qui
2115 983 2318 1056 fratri

162 1120 345 1167 meo
362 1095 637 1191 legatus
663 1091 944 1179 fuisset,
976 1092 1336 1167 decedens
1364 1119 1451 1165 ex
1483 1095 1646 1165 Asia
1671 1097 2010 1182 venisset,
2051 1119 2318 1191 easque

165 1206 497 1294 insidias,
526 1228 706 1302 quas
732 1204 911 1274 mihi
934 1220 1228 1301 paratas
1254 1205 1348 1277 ab
1379 1203 1750 1277 exsulibus
1785 1206 2177 1300 conjuratis
2201 1232 2318 1277 au-

168 1317 445 1403 dierat,
485 1316 729 1386 animo
768 1315 1199 1387 amicissimo
1235 1315 1613 1388 detulisset
1651 1316 1778 1384 :in
1807 1317 2044 1385 Asiam
2069 1341 2186 1386 me
2218 1319 2321 1386 iro

170 1435 532 1524 (propter
572 1424 729 1519 ejus
770 1426 1157 1521 provinciae
1201 1450 1492 1497 mecum
1542 1441 1615 1496 et
1664 1448 1834 1495 cum
1891 1448 2054 1494 meo
2100 1424 2318 1496 fratre

170 1532 781 1607 necessitudinem
800 1532 827 1627 )
849 1550 1391 1633 comparantem
1407 1590 1426 1622 ,
1449 1560 1602 1607 non
1628 1548 1737 1605 est
1754 1555 2046 1631 passus;
2082 1534 2152 1602 vi
2177 1559 2324 1619 me,

170 1648 480 1743 inquam
506 1654 568 1700 ¹⁷
592 1698 613 1729 ,
646 1645 979 1715 Plancius
1001 1699 1021 1732 ,
1062 1658 1136 1716 et
1181 1645 1570 1743 complexu
1606 1668 1740 1715 suo
1777 1644 2107 1729 retinuit,
2147 1644 2326 1712 mul·

170 1772 443 1853 tosque
503 1778 786 1825 menses
838 1780 879 1825 a
934 1756 1167 1853 capite
1223 1780 1390 1827 meo
1437 1778 1586 1827 non
1633 1753 1987 1840 discessit,
2046 1750 2324 1847 abjecta

172 1866 565 1965 quaestoria
586 1889 935 1963 persona,
974 1863 1406 1961 comitisque
1433 1878 1738 1964 sumpta.

281 1980 509 2049 XLII.
546 1981 611 2046 Ο
648 1974 987 2047 excubias
1023 1992 1221 2064 tuaS,
1254 1980 1386 2046 Cn.
1405 1976 1648 2047 Planci
1673 2029 1692 2062 ,
1729 1971 2060 2046 miseras!
2100 1997 2147 2044 o
2190 1972 2320 2044 fle-

172 2084 367 2161 biles
396 2082 705 2182 vigilias!
734 2108 783 2157 o
810 2101 1065 2159 noctes
1084 2084 1406 2157 acerbas!
1443 2110 1490 2156 o
1515 2084 1918 2157 custodiam
1946 2084 2158 2154 etiam
2183 2088 2324 2153 mei

177 2186 437 2293 capitis
471 2194 869 2270 infelicem!
904 2201 964 2267 si
1002 2195 1303 2294 quidem
1348 2220 1484 2293 ego
1527 2195 1916 2266 tibi·vivus
1952 2219 2108 2265 non
2153 2218 2325 2292 pro-

176 2330 347 2377 sum
370 2315 418 2392 ¹,
444 2307 573 2402 qui
596 2305 893 2377 fortasse
924 2322 1260 2378 mortuus
1290 2305 1742 2404 profuissem.
1774 2305 2071 2377 Memini
2099 2308 2325 2392 enim,

178 2414 519 2502 memini,
553 2439 791 2511 neque
820 2438 1170 2513 umquam
1191 2415 1580 2488 obliviscar
1606 2417 1836 2487 noctis
1855 2416 2044 2486 illius
2066 2419 2091 2502 ,'
2099 2439 2326 2511 quum

182 2521 319 2594 tibi
344 2523 704 2621 vigilanti,
727 2523 1101 2613 assidenti,
1128 2529 1490 2614 moerenti,
1516 2549 1698 2598 vana
1725 2524 2056 2622 quaedam
2077 2529 2295 2597 miser
2315 2581 2332 2610 ,

179 2647 409 2729 atque
451 2634 727 2721 inania,
767 2632 941 2705 falsa
1002 2660 1131 2733 spe
1187 2636 1568 2724 inductUS,
1609 2635 2032 2736 pollicebar:
2072 2659 2223 2724 me,
2268 2637 2326 2706 si

182 2763 417 2816 essem
452 2743 528 2812 in
564 2745 869 2837 patriam
920 2745 1333 2836 restitutus,
1367 2759 1794 2845 praesentem
1849 2746 1985 2817 tibi
2028 2748 2324 2843 gratiam

265 2957 348 3012 15.
392 2961 463 3006 De
496 2969 708 3023 prato&
745 2961 1074 3018 Macedonica.
1116 2963 1213 3012 Hic

183 3051 291 3092 erat
317 3041 372 3086 1..
394 3037 694 3102 Appuleius,
717 3039 804 3102 qui
831 3043 1050 3106 quamvis
1073 3042 1212 3090 Cice-

184 3121 302 3169 mni
336 3119 548 3180 amicus,
570 3131 680 3164 eum
708 3127 864 3164 tamen
894 3118 945 3165 in
974 3119 1212 3167 Macedo·

177 3202 299 3261 nia,
322 3197 571 3258 Clodiana
594 3205 729 3244 metu
756 3196 981 3246 factionis
995 3235 1013 3261 ,
1052 3197 1213 3261 palam

186 3278 417 3344 amplecti
438 3275 611 3333 noluit.

267 3359 349 3406 16.
380 3355 493 3413 Sed,
513 3352 559 3402 si
572 3353 856 3402 acciderent
870 3369 947 3401 ea.
966 3357 1023 3402 F.
1044 3353 1213 3402 Ursin.

189 3459 213 3481 «ι
235 3435 323 3485 sod
340 3435 424 3499 qui
435 3468 451 3492 ‚
473 3433 514 3480 si
530 3432 807 3481 acciderent
826 3449 879 3480 ea
899 3454 944 3481 n.

271 3531 351 3574 17.
384 3511 448 3560 Vi
465 3527 569 3570 me,
588 3510 813 3576 inquam.
831 3513 1020 3561 Primus
1050 3515 1217 3559 Franc.

190 3619 218 3638 κ
236 3593 287 3642 vi
314 3609 417 3650 me,
444 3592 497 3639 vi
521 3607 624 3660 me,
654 3593 855 3656 iuquam
874 3613 916 3640 ιο.
950 3591 1133 3640 Probat
1156 3605 1221 3637 ex

188 3675 319 3724 MSS
332 3672 571 3721 Graevius.
593 3674 673 3720 Sic
687 3671 751 3720 ad
766 3671 1003 3730 Atticum,
1016 3673 1215 3734 111‚2·a:

192 3777 215 3799 ι
238 3754 323 3802 Me
356 3751 515 3799 adhuc
550 3751 776 3800 Plancius
810 3749 1099 3800 liberalitate
1133 3764 1219 3796 sua

180 3834 367 3881 'retinet
389 3819 793 3896 [Thessalonica]
809 3863 824 3890 ,
846 3830 945 3890 jam
966 3829 1221 3893 aliquoties

194 3921 423 3959 conatum
448 3910 519 3956 ire
550 3911 603 3955 iu
628 3909 847 3973 Epirum.
886 3911 1007 3973 Spes
1030 3907 1221 3956 homini

195 4003 271 4039 est
316 3989 524 4050 injecta,
565 4001 669 4036 non
714 3986 881 4036 eadem
919 4001 1028 4050 quae
1068 3985 1185 4032 mibi
1206 4019 1221 4042 ‚

198 4086 342 4133 posse
367 4085 455 4117 nos
476 4083 571 4115 una
596 4066 828 4116 decedere
856 4066 875 4130 [
896 4067 957 4115 de
974 4065 1226 4130 provincia

1301 2969 1507 3018 Romam
1525 2965 1579 3030 ];
1607 2979 1752 3028 quam
1779 2979 1882 3011 rem
1909 2961 2004 3010 sibi
2028 2977 2206 3026 magno
2245 2965 2330 3012 ho-

1302 3045 1415 3091 nori
1431 3055 1594 3109 sperat
1609 3044 1730 3092 fore.
1753 3041 1848 3090 Sed
1864 3043 1964 3102 iam
1983 3057 2136 3104 quum
2157 3041 2336 3091 adveu-

1303 3131 1405 3167 tare
1421 3122 1600 3169 milites
1619 3121 1867 3177 dicuntur,
1891 3114 2169 3166 faciendum
2186 3120 2335 3168 nobis

1303 3198 1426 3259 erit,
1462 3211 1518 3248 ut
1552 3199 1616 3249 ab
1650 3215 1710 3246 eo
1750 3195 2056 3246 discedamus
2075 3219 2122 3245 ιι.
2156 3198 2336 3246 Lucius

1301 3277 1416 3326 Piso
1463 3277 1732 3342 proconsul
1764 3279 1820 3326 1..
1848 3275 2098 3341 Appuleio
2133 3277 2340 3340 praetori

1304 3343 1610 3404 Macedonia
1636 3371 1946 3404 successurus
1964 3388 1980 3412 ‚
2003 3354 2179 3401 milites
2207 3371 2338 3418 prai-

1308 3433 1516 3482 miserat.
1543 3433 1716 3482 Cicero
1741 3445 1901 3482 autem
1927 3433 1989 3481 ab
2018 3433 2076 3481 iis
2105 3433 2304 3480 timebat
2319 3468 2334 3492 ,

1310 3511 1446 3576 quod
1469 3511 1564 3559 sibi
1590 3514 1818 3562 Pisonem
1843 3513 2229 3562 inimicissimum
2253 3527 2342 3560 co-

1309 3601 1560 3656 gnoverat.
1579 3592 1810 3640 Similiter
1817 3592 1881 3640 ad
1889 3593 2178 3648 Terentiam,
2191 3592 2334 3646 xlv,

1313 3689 1336 3720 1
1366 3687 1382 3720 z
1422 3694 1444 3716 ι
1465 3671 1687 3720 Plancius
1701 3707 1716 3732 ‚
1743 3672 1892 3720 homo
1919 3673 2302 3722 officiosissimus
2316 3704 2331 3728 ,

1308 3769 1388 3801 me
1417 3751 1555 3818 eupit
1586 3765 1688 3798 esse
1721 3766 1920 3811 secum,
1951 3765 2002 3801 et
2037 3752 2196 3800 adhuc
2223 3752 2336 3798 reti-

1313 3843 1422 3891 net,
1439 3819 1515 3879 et'c
1545 3852 1584 3875 »-

1381 3912 1538 3960 XLII.
1573 3925 1616 3958 ι.
1667 3907 1769 3956 Tibi
1804 3907 1939 3958 vivus
1985 3924 2083 3958 non
2118 3925 2335 3972 prosum.

1312 3992 1404 4042 Ed.
1439 3995 1588 4044 Rom.
1629 3991 1743 4041 sec.
1768 3991 1896 4038 Veu.
1920 3987 2050 4036 Crat.
2085 3999 2135 4036 et
2171 3989 2331 4053 Naug.

1306 4088 1511 4137 prosim.
