2594 4537
351 262 493 347 428
1000 272 1095 337 M.
1148 272 1226 339 T.
1282 269 1849 339 CICERONIS

348 390 421 455 P.
458 387 735 484 Scipio,
768 394 1249 479 consecravit,
1287 387 1532 460 foculo
1565 389 1804 486 posito
1845 390 1922 457 in
1961 388 2261 476 rostris,
2305 386 2522 458 adhi-

302 565 310 576 ,
349 496 659 593 bitoque
711 494 1027 570 tibicine.
1081 500 1275 591 Quid
1321 502 1524 570 tum?
1573 523 1754 569 num
1803 497 1924 568 ille
1975 494 2181 567 furor
2229 496 2522 595 tribuni

350 606 618 705 plebis,
656 606 917 680 ductus
946 636 1033 681 ex
1058 610 1432 681 nonnullis
1459 624 1790 681 veterum
1825 624 2244 705 temporum
2273 634 2524 679 exem-

349 716 519 812 plis,
547 714 777 789 fraudi
812 720 1107 791 Metello
1132 719 1308 809 fuit,
1338 744 1627 792 summo
1647 720 1750 790 illi
1781 734 1854 791 et
1881 718 2284 791 clarissimo
2313 722 2520 790 viro?

350 830 564 897 Certe
596 853 749 898 non
784 829 941 902 fuit.
980 830 1346 917 Vidimus,
1379 832 1524 903 hoc
1558 831 1754 903 idem
1801 835 1932 901 Cn.
1973 831 2296 902 Lentulo
2349 856 2518 902 cen-

350 936 495 1005 sori
531 935 907 1009 tribunum
943 940 1176 1039 plebis
1218 940 1476 1013 facere.
1517 938 1896 1039 Numquid
1941 942 2164 1037 igitur
2209 944 2272 1012 is
2315 940 2516 1013 bona

348 1047 637 1118 Lentuli
668 1049 1139 1146 religionibus
1155 1050 1188 1096 ⁶
1226 1051 1622 1148 obligavit?

450 1158 587 1228 Sed
634 1160 807 1257 quid
848 1186 983 1259 ego
1027 1166 1348 1234 ceteros?
1384 1165 1527 1249 Tu,
1575 1177 1695 1247 tu,
1740 1162 2080 1259 inquam,
2121 1164 2365 1259 capite
2393 1187 2518 1233 ve-

352 1267 581 1357 latov,
640 1274 993 1343 concione
1054 1272 1438 1361 advocata,
1482 1271 1728 1344 foculo
1777 1266 2106 1370 positoss,
2165 1270 2370 1343 bona
2411 1274 2516 1344 tui

353 1378 687 1471 Gabinii,
740 1388 857 1453 cui
898 1408 1119 1481 regna
1156 1387 1401 1454 omnia
1439 1388 1828 1479 Syrorum,
1863 1380 2230 1468 Arabum,
2271 1386 2519 1453 Persa·

354 1514 669 1589 rumque
712 1492 1021 1565 donaras
1048 1550 1065 1581 ,
1107 1498 1566 1566 consecrasti.
1617 1494 1836 1584 Quod
1875 1482 1934 1567 si
1981 1509 2138 1564 tum
2183 1494 2370 1564 nihil
2413 1510 2518 1565 est

354 1616 597 1671 actum
622 1657 642 1690 ,
677 1604 855 1701 quid
884 1608 959 1676 in
1000 1608 1181 1677 meis
1224 1606 1441 1677 bonis
1479 1609 1589 1704 agi
1627 1607 1913 1703 potuit?
1941 1608 2066 1677 Sin
2101 1621 2210 1679 est
2239 1621 2513 1691 ratum,

354 1735 487 1781 cur
516 1712 635 1783 ille
662 1740 925 1812 gurges
942 1770 960 1801 ,
984 1716 1354 1788 helluatus
1380 1732 1624 1788 tecum
1651 1716 1867 1787 simul
1897 1718 2312 1814 reipublicae
2353 1742 2514 1787 san-

357 1822 689 1916 guinem,
718 1825 807 1896 ad
846 1826 1097 1899 caelum
1144 1842 1390 1898 tamen
1431 1830 1784 1898 exstruxit
1827 1828 2071 1897 villam
2117 1834 2195 1899 in
2237 1832 2514 1897 Tuscu-

358 1931 527 2003 lano
574 1936 973 2010 visceribus
1038 1944 1265 2011 aerarii
1304 1968 1322 2026 ;
1371 1938 1552 2010 mihi
1609 1964 1805 2011 meas
1860 1941 2146 2027 ruinas,
2204 1964 2514 2038 quarum

359 2067 497 2139 ego
549 2046 851 2119 similem
905 2064 1133 2121 totam
1177 2050 1438 2121 urbem
1471 2075 1626 2122 esse
1671 2075 1925 2149 passus
1959 2075 2112 2121 non
2146 2076 2308 2121 sum
2333 2104 2356 2135 ,
2394 2048 2512 2119 ad·

356 2156 637 2253 spicere
666 2183 815 2229 non
846 2160 1095 2232 licuit?

453 2272 773 2342 XLVIII.
799 2275 1079 2344 Omitto
1104 2272 1520 2345 Gabinium.
1537 2273 1774 2364 Quid?
1799 2274 2133 2372 exemplo
2163 2289 2299 2345 tuo
2321 2273 2510 2344 bona

360 2394 481 2448 tua
526 2405 775 2451 nonne
828 2387 906 2452 L.
961 2387 1400 2456 Mummius¹
1429 2440 1448 2471 ‚
1513 2389 1622 2455 vir
1685 2388 2018 2456 omnium
2080 2383 2510 2456 fortissimus

358 2502 579 2585 atque
625 2493 946 2586 optimus
967 2549 985 2580 ,
1025 2498 1518 2568 consecravit?
1550 2497 1770 2588 Quod
1797 2500 1886 2584 si,
1915 2497 2086 2593 quia
2129 2495 2218 2567 ad
2250 2510 2324 2567 te
2361 2521 2511 2593 per-

363 2602 581 2686 tinet,
608 2617 843 2672 ratum
880 2629 1035 2675 esse
1074 2631 1293 2703 negas
1328 2623 1708 2706 oportere3
1757 2632 1840 2678 ea
1873 2608 2036 2703 jura
2072 2609 2506 2678 constituisti

366 2712 441 2777 in
478 2712 823 2807 praeclaro
868 2713 1243 2787 tribunatu
1296 2732 1469 2806 tuo,
1523 2717 1792 2815 quibus
1839 2719 1914 2787 in
1967 2730 2042 2786 te
2099 2719 2464 2788 conversis
2491 2771 2508 2794 ‚

367 3000 537 3032 sorore
560 3007 582 3028 ι
604 3000 618 3035 ε
644 2987 750 3034 haec
776 2986 868 3034 alia
897 2987 1090 3035 Caecilia
1118 3003 1260 3035 soror
1294 2999 1396 3035 erat

365 3065 513 3129 primi
536 3065 743 3130 Nepotis
764 3102 779 3125 ,
806 3069 991 3132 quippe
1016 3066 1112 3114 fllia
1136 3069 1200 3130 Q.
1224 3067 1397 3115 Balea-

366 3144 474 3194 rici.
496 3147 569 3194 Ex
594 3147 771 3204 Lucio,
794 3161 876 3194 seu
909 3148 1030 3195 Caio
1058 3157 1203 3194 uatus
1232 3159 1305 3195 est
1332 3149 1396 3210 Q.

367 3220 596 3273 Metellus
610 3226 850 3285 Creticus,
875 3243 1028 3290 quum
1042 3237 1245 3290 uterque
1274 3225 1398 3274 libe-

362 3324 443 3356 ros
460 3306 701 3366 habuerit,
715 3323 775 3353 ex
791 3323 838 3356 c.
852 3309 879 3355 3
900 3317 1012 3372 post
1026 3307 1152 3355 Red.
1171 3306 1234 3353 ad
1254 3307 1395 3368 Quir.

362 3389 437 3434 Ex
474 3384 669 3433 filiabus
707 3387 852 3434 altera
892 3397 1046 3450 nupta
1090 3387 1143 3435 P.
1190 3385 1395 3433 Servilio

358 3467 552 3532 peperit
569 3467 703 3514 huuc
723 3467 778 3514 P.
800 3465 971 3514 Set-vil.
996 3465 1265 3512 Isauricum
1284 3481 1297 3521 ;
1320 3465 1394 3512 al·

362 3558 463 3595 tera
504 3548 559 3594 P.
598 3547 879 3612 Scipionem
916 3545 1055 3592 illum
1077 3579 1090 3602 ‚
1137 3546 1221 3607 qui
1264 3560 1392 3591 unus

360 3637 463 3676 crat
488 3643 548 3673 ex
575 3624 825 3674 advocatis
849 3627 956 3674 Sex.
978 3624 1147 3673 Roscii
1167 3625 1217 3670 in
1246 3639 1389 3671 causa

362 3707 423 3755 de
449 3707 715 3772 parricidio
733 3740 749 3764 ‚
778 3715 962 3768 patrem
1002 3704 1153 3764 hujus
1185 3704 1269 3766 qui
1299 3719 1391 3749 uu·

362 3798 575 3834 metatur
604 3787 729 3832 inter
758 3781 1041 3848 pontifices,
1063 3784 1245 3846 quique
1268 3781 1391 3829 ado-

362 3877 528 3930 ptatus
544 3883 571 3913 a
602 3868 669 3926 Q.
692 3863 896 3910 Metello
924 3863 1015 3910 Pio
1034 3896 1047 3920 ,
1063 3873 1231 3926 postea
1254 3879 1392 3910 socer

364 3947 453 3994 fuit
464 3943 679 4007 Pompeii
696 3941 1221 4004 Magni.Quamobrem
1238 3953 1404 3989 orator

1486 2989 1731 3053 Scipionis
1755 3023 1770 3048 ,
1815 3003 1962 3035 avum
1998 2999 2161 3035 autem
2191 2999 2296 3034 tum
2329 2986 2506 3034 Metelli

1487 3068 1667 3117 Cretici
1697 3084 1758 3115 ex
1783 3065 1890 3116 filio
1908 3104 1922 3129 ,
1953 3079 2055 3116 tum
2089 3067 2286 3114 Servilii
2320 3067 2506 3115 Isaurici

1487 3166 1551 3197 ex
1571 3147 1689 3196 filia.
1713 3147 1865 3210 Quod
1884 3148 1925 3195 si
1945 3147 2182 3196 Metellus
2196 3147 2280 3194 ille
2294 3147 2502 3210 pontifex

1487 3229 1657 3294 Nepos
1698 3228 1868 3276 suisset
1917 3227 2102 3291 collega
2149 3227 2346 3276 Lentuli
2381 3229 2502 3288 juxta

1486 3307 1794 3368 Manutium,
1834 3323 2070 3371 proavum
2101 3306 2379 3364 habuisset,
2417 3321 2504 3352 nou

1484 3403 1630 3435 avum
1659 3379 2052 3435 Macedonicum.

1555 3467 1604 3513 6.
1627 3467 1725 3514 Alii
1740 3501 1754 3524 ‚
1776 3465 2018 3528 religIom'.

1556 3562 1601 3606 7.
1630 3545 1804 3610 Capite
1832 3543 2023 3593 velato.
2051 3544 2206 3606 Quasi
2235 3555 2358 3592 esset
2387 3561 2498 3608 pon·

1483 3625 1629 3672 tifex.

1555 3705 1606 3751 8.
1653 3703 1834 3750 poculo
1861 3703 2046 3768 posito.
2093 3704 2247 3768 Quod
2289 3714 2386 3751 erat
2427 3719 2498 3748 so·

1481 3781 1639 3830 lemne
1663 3783 1716 3828 in
1745 3781 2012 3830 sacrificiis.

1551 3863 1778 3908 XLVIII.
1811 3877 1826 3907 ι
1842 3896 1853 3907 .
1888 3865 1937 3909 L.
1959 3862 2224 3909 numnius
2245 3895 2260 3918 ,
2289 3861 2368 3906 ὐἱι-
2383 3877 2500 3905 omes.

1475 3939 1796 4007 fortissimus.
1823 3941 1898 3986 De
1923 3939 2095 3986 codem
2133 3941 2334 3987 homine
2357 3955 2500 3986 sermo

362 4028 548 4092 optime
579 4033 720 4070 vocat
744 4022 1125 4069 Macedonicum
1159 4037 1400 4085 proavum
1493 4039 1594 4069 esse
1623 4021 1842 4080 videtur,
1874 4020 2013 4080 cuius
2039 4018 2437 4083 tribuniplebis,
2461 4029 2498 4062 rt
