2594 4537
785 331 1056 402 Novi
1104 331 1643 403 Emroms,
2226 331 2287 425 xj

168 465 405 526 maeus,
446 443 660 538 cujus
701 444 1111 518 immortale
1155 468 1425 518 nomen
1463 444 1665 517 nulla
1707 467 1831 516 um
1891 467 2061 516 uam
2096 442 2286 516 obli-

167 539 268 610 vio
297 538 604 630 delebit,
647 540 1200 616 Ambrosianam
1227 541 1744 615 bibliothecam
1774 543 1847 613 in
1904 543 2063 615 nito
2088 565 2289 615 sum-

171 650 288 732 ptu
325 635 708 728 fimdaret,
749 665 1054 739 eamque
1091 642 1517 739 conquisitis
1556 639 1885 738 undique
1928 638 2131 712 libris
2173 640 2285 711 lo·-

165 734 583 831 cupletaret,
628 737 719 810 ad
771 738 1162 813 Bobicnses
1207 741 1284 810 in
1337 739 1587 837 primis
1636 740 1917 811 codices
1960 741 2287 810 animum

165 833 491 924 intendit,
536 837 922 934 missisque
960 836 1064 908 lar
1114 840 1173 909 is
1209 835 1637 908 muneribus
1665 839 1764 909 ita
1796 836 2101 910 feliciter
2132 861 2289 908 rem

167 936 522 1030 transegit,
569 947 686 1023 ut,
730 932 1040 1033 quidqui
1134 933 1347 1007 bonae
1390 933 1615 1032 frugis
1654 936 1731 1006 in
1776 959 1865 1006 eo
1910 947 2289 1032 pervetere

165 1025 346 1121 lyceo
372 1030 684 1122 latebat,
726 1030 817 1103 ad
845 1057 1018 1105 suos
1035 1032 1556 1106 Ambrosianos
1588 1033 1879 1132 pluteos
1907 1036 2285 1105 sevocarit.

244 1128 368 1198 «In
401 1127 516 1202 his
556 1129 780 1227 igitur
821 1155 960 1227 ego
996 1129 1574 1229 codicibus,-qui
1612 1129 2002 1203 Bobienses
2041 1131 2286 1201 inscri-

160 1219 453 1316 buntur,
491 1253 730 1299 unum
759 1226 1246 1327 deprehendi,
1283 1230 1361 1300 in
1398 1253 1551 1326 quo
1586 1228 1857 1301 Sedulii
1898 1227 2289 1300 Christiani

159 1335 366 1415 poetae
389 1349 620 1424 opera
643 1325 835 1398 edita
853 1329 1345 1414 continentur,
1430 1349 1601 1398 uem
1624 1350 1859 1424 quum
1876 1326 2287 1398 acutissima
2374 1375 2381 1382 -

159 1419 524 1494 oculorum
561 1427 712 1495 acie
749 1422 1163 1515 lustrarem,
1199 1439 1273 1496 et
1309 1449 1393 1496 su
1490 1424 1901 1522 posteriore
1932 1425 2287 1521 scriptura

157 1517 452 1610 priorem
489 1522 834 1610 rimarer3
861 1547 908 1593 o
946 1526 1146 1596 Deus
1181 1523 1645 1608 immortalis,
1673 1529 1979 1618 repente
2014 1521 2287 1593 clamo-

155 1636 291 1684 rem
333 1619 629 1707 sustuli,
667 1619 848 1717 quid
885 1617 1182 1691 demum
1222 1617 1472 1691 video!
1519 1623 1635 1689 En
1680 1621 2109 1690 Ciceronem
2133 1674 2153 1707 ,
2190 1644 2285 1690 en

157 1708 377 1784 lumen
419 1741 746 1788 romanae
789 1715 1144 1789 facundiae
1195 1715 1709 1814 indignissimis
1767 1714 2113 1787 tenebris·
2145 1717 2283 1788 cir-

153 1812 632 1911 cumseptum!
669 1817 1009 1911 Agnosco
1031 1812 1122 1887 de
1177 1815 1442 1886 erditas
1468 1813 1683 1884 Tullii
1704 1813 2073 1886 orationes
2090 1869 2109 1902 ,
2138 1837 2287 1886 sen-

156 1907 242 1977 tio
265 1907 416 2004 ejus
453 1912 949 2010 eloquentiam
989 1937 1080 1983 ex
1123 1840 1234 1983 fiis
1270 1911 1565 1985 latebris
1600 1911 1844 1983 divina
1872 1911 2187 2007 quadam
2214 1916 2287 1982 vi

153 2003 386 2095 fluere,
451 2007 949 2081 abundantem
1001 2008 1432 2081 sonantibus
1490 2007 1732 2080 verbis
1784 2006 2285 2106 uberibusque

151 2107 530 2176 sententiis,
577 2105 793 2177 Tituli
829 2131 1132 2205 quoque
1165 2115 1485 2208 'operum
1529 2109 1608 2176 in
1646 2107 1969 2204 margine
2015 2106 2285 2179 codicis

153 2221 286 2272 sese
318 2203 698 2301 paullatim
736 2220 1206 2303 aperuerunt.
1233 2213 1473 2303 Atque
1504 2203 1623 2276 hic
1662 2227 1703 2276 e
1752 2227 1799 2275 o
1836 2205 2129 2302 quantis
2166 2203 2283 2275 lae-

153 2299 302 2371 titiis
332 2303 630 2389 incessi,
652 2328 882 2400 quum
974 2319 1162 2376 artes
1193 2306 1523 2402 ingentes
1560 2306 1679 2373 ine
1735 2305 1868 2374 itas
1903 2303 2128 2373 trium
2166 2303 2285 2374 Ci-

151 2401 410 2470 ceronis
448 2404 864 2473 orationum
961 2402 1359 2501 eprehendi
1379 2456 1398 2490 ,
1479 2427 1565 2473 ro
1594 2404 1867 2472 Scauro
1897 2402 2241 2473 nimirum
2256 2444 2280 2491 -,

191 2517 268 2565 ro
293 2495 566 2587 Tullio,
601 2512 674 2571 et
709 2524 847 2598 pro
877 2499 1176 2572 Flacco?
1207 2426 1625 2572 Grandibus
1664 2512 1737 2569 et
1772 2497 2283 2596 pulcherrimis

169 2590 346 2665 iteris
397 2618 481 2666 ea
535 2611 820 2668 constat
855 2598 1253 2695 scriptura,
1315 2611 1387 2670 et
1432 2599 1509 2669 in
1547 2602 1683 2668 tria
1721 2596 2063 2669 latercula
2106 2622 2283 2671 una-

148 2710 438 2790 quaeque
472 2692 756 2791 pagella
790 2693 1284 2794 distinguitur.
1322 2699 1509 2768 Tum
1555 2696 1791 2766 oratio
1827 2718 1966 2792 pro
2008 2698 2278 2768 Scauro

147 2785 671 2885 elegantissimis
697 2792 988 2864 scholiis
1015 2794 1351 2891 stipatur,
1376 2816 1694 2890 quorum
1713 2792 1855 2863 alia
1875 2793 2102 2866 literis
2114 2818 2281 2891 qua-

149 2880 346 2958 dratis
389 2891 927 2977 vetustissimis,
965 2893 1100 2962 etsi
1143 2890 1661 2963 minutioribus
1682 2944 1701 2979 ,
1751 2905 2035 2961 exarata
2078 2905 2275 2980 sunt,

146 2980 262 3052 alia
308 2985 726 3059 rudioribus
776 2989 1111 3085 quidem,
1160 2988 1286 3061 sed
1335 2988 1587 3060 eadem
1644 3004 1889 3059 tamen
1934 2990 2273 3086 antiqua,

145 3092 340 3177 atque
367 3082 462 3154 ab
491 3084 748 3157 eodem
768 3140 788 3173 ,
821 3100 904 3157 ut
937 3086 1152 3185 plane
1191 3088 1503 3174 videtur,
1543 3101 1840 3158 auctore
1875 3084 2219 3183 profecta.

225 3184 356 3251 «Et
395 3180 631 3254 codex
671 3183 969 3281 quidem
1014 3185 1094 3254 in
1131 3186 1470 3282 praesenti
1516 3198 1625 3255 est
1667 3182 1920 3255 formae
1957 3208 2122 3281 quae
2158 3184 2267 3255 di·

144 3276 312 3347 citur
339 3279 565 3368 ἱππ-80,
595 3284 769 3378 quia
805 3280 1203 3355 monachus
1230 3282 1503 3354 Sedulii
1538 3282 1850 3380 scriptor
1887 3279 2057 3353 folia
2086 3306 2277 3354 com·

145 3371 408 3465 plicuit:
455 3376 725 3474 quibus
783 3380 1046 3451 iterum
1103 3380 1462 3478 explicitis
1482 3433 1502 3465 ‚
1560 3378 1652 3451 ad
1701 3379 2074 3476 antiquam
2128 3378 2273 3450 for·-

145 3490 312 3543 mam
348 3476 552 3561 fun-4⁰
581 3474 766 3548 liber
800 3476 1012 3549 redit.
1052 3482 1214 3549 Jam
1256 3503 1349 3549 ex
1392 3476 1508 3549 his
1545 3475 1737 3549 foliis
1782 3476 1883 3547 ita
1916 3477 2271 3547 restitutis

143 3589 252 3639 sex
284 3570 564 3645 habent
610 3588 892 3671 partem
947 3578 1294 3648 orationis
1395 3602 1480 3647 ro
1527 3580 1799 3647 Scauro
1848 3597 2019 3645 cum
2064 3572 2271 3645 scho-

143 3658 270 3755 liis,
307 3671 442 3740 tria
484 3684 558 3742 et
606 3670 988 3744 dimidium
1028 3698 1167 3771 pro
1206 3600 1474 3761 Tullio,
1511 3696 1747 3743 unum
1795 3695 1934 3770 pro
1989 3670 2267 3744 FlaccO.

143 3762 363 3837 Unum
419 3770 639 3839 etiam
697 3770 1126 3867 particulam
1176 3770 1476 3843 exhibet
1524 3771 1875 3841 orationis
1919 3767 2267 3841 Tullianae

143 3882 262 3953 pro
291 3866 565 3955 coelio,
603 3891 766 3963 quae
810 3891 1044 3964 quum
1085 3883 1237 3940 tota
1275 3870 1369 3941 sit
1400 3869 1631 3955 edita,
1676 3867 1859 3939 nihil
1900 3864 2116 3940 nobis
2159 3893 2267 3940 re·

141 3954 396 4054 liquum
433 3963 616 4051 fuit,
657 3966 797 4036 nisi
845 3979 926 4036 ut
973 3968 1202 4039 varias
1256 3967 1539 4066 aliquot
1587 3967 1936 4040 lectiones
1988 3990 2079 4037 ex
2116 3979 2267 4037 tam

143 4058 416 4157 antiqua
473 4060 907 4136 membrana
955 4062 1473 4162 proferremus.
1537 4070 1693 4138 Jam
1754 4089 1907 4162 quo
1966 4060 2264 4135 definite
