2594 4537
512 317 900 389 ORATIO
947 316 1148 388 P-RO
1197 319 1270 386 P.
1322 312 1675 386 SULLA.
2052 255 2151 387 ‘33

61 439 292 530 bitror,
349 463 540 510 uum
603 452 956 538 purgetur
1009 438 1309 535 aliquis;
1365 435 1490 508 sed
1552 461 1732 507 num
1789 453 2154 536 arguatur.

62 552 306 624 Etenim
341 574 574 648 quum
613 563 824 645 negat
853 571 930 620 se
973 549 1154 620 scire
1193 551 1473 620 Cassius
1494 599 1515 633 ,
1550 561 1799 618 utrum
1834 545 2163 628 sublevat

64 661 336 749 Sullam,
369 684 463 732 au
495 660 662 730 satis
698 658 962 756 probat
999 683 1075 731 se
1115 657 1446 729 nescire?
1488 649 1831 730 Sublev'vat
1856 664 1918 711 ¹⁴
1963 658 2160 759 apud

68 769 298 840 Gallos.
352 769 548 860 Quid
592 768 746 840 ita?
797 792 894 839 ue
931 767 1311 839 indicent?
1344 767 1581 858 Quid?
1624 763 1683 840 si
1751 769 2161 867 periculum

67 905 198 952 esse
243 894 562 978 putasset
583 927 603 966 ,
665 901 762 951 ne
821 878 923 949 illi
949 874 1014 922 ¹⁵
1057 901 1405 982 umquam
1452 877 1887 968 indicarent3
1938 878 2027 952 de
2088 901 2167 952 se

69 993 204 1088 ipso
227 988 590 1083 confessus
611 989 842 1061 esset?
867 989 1199 1060 Nescivit.
1229 985 1465 1059 Credo
1483 1042 1503 1077 ,
1515 987 1793 1082 judices
1814 1043 1833 1075 ‚
1858 987 2167 1060 celatum
2240 983 2249 994 ’

79 1124 206 1172 esse
231 1102 552 1172 Cassium
607 1099 698 1170 de
745 1098 939 1171 Sulla
979 1124 1134 1170 uno
1157 1095 1268 1168 ¹⁶:
1328 1123 1493 1170 nam
1543 1097 1635 1170 de
1672 1099 1930 1172 ceteris
1975 1114 2171 1172 certe

72 1207 348 1298 sciebat3
393 1225 466 1281 et
505 1232 590 1280 ea
629 1209 828 1280 domi
871 1209 1034 1304 ejus
1071 1206 1417 1306 pleraque
1461 1208 1769 1281 conflata
1808 1234 1959 1282 esse
2002 1235 2172 1282 cou-

73 1317 296 1388 stabat.
334 1319 482 1409 Qui
517 1341 782 1414 negare
824 1316 1062 1389 noluit
1100 1341 1252 1390 esse
1288 1319 1365 1388 in
1411 1341 1501 1389 eo
1530 1343 1838 1392 numero
1870 1320 2179 1409 Sullam,

74 1451 198 1523 quo
237 1427 400 1526 plus
445 1429 600 1526 spei
634 1427 853 1500 Gallis
886 1427 1126 1516 daret,
1164 1427 1404 1499 dicere
1447 1443 1687 1501 autem
1722 1427 1984 1501 falsum
2022 1455 2175 1502 non

75 1561 264 1610 ausus
289 1553 430 1626 est,
473 1541 752 1611 nescire
773 1549 833 1596 ¹⁷
874 1537 1074 1611 dixit.
1113 1544 1335 1637 Atqui
1366 1540 1507 1612 hoc
1534 1542 1997 1639 perspicuum
2030 1553 2178 1629 est,

76 1672 276 1743 quum
323 1652 428 1736 is,
481 1649 608 1746 qui
655 1649 748 1720 de
787 1645 1130 1720 omnibus
1186 1651 1462 1735 scierit,
1504 1649 1595 1722 de
1636 1651 1831 1722 Sulla
1881 1674 1957 1722 se
2000 1655 2181 1722 scire

77 1761 364 1855 negarit3
411 1757 741 1831 eamdem
789 1760 938 1828 vim
998 1781 1157 1830 esse
1202 1761 1604 1856 negationis
1645 1759 1899 1855 hujm,
1960 1781 2180 1857 quam

79 1871 124 1937 si
153 1885 341 1941 extra
381 1868 958 1964 conjurationem
983 1861 1045 1914 ¹⁸
1082 1868 1280 1940 hunc
1315 1893 1502 1959 esse,
1541 1895 1617 1942 se
1652 1872 1833 1942 scire
1868 1868 2179 1943 dixisset.

81 1981 228 2050 Nam
251 2035 270 2064 ‚
305 1979 517 2074 cujus
545 1979 916 2050 scientiam
946 1976 1036 2049 de
1063 1977 1402 2050 omnibus
1428 1993 1710 2051 constat
1738 1977 1957 2050 fuisse
1974 2033 1994 2067 ‚
2027 1980 2189 2074 ejus

82 2087 407 2182 ignoratio
447 2086 538 2158 de
587 2087 873 2184 aliquo,
908 2089 1240 2186 purgatio
1285 2087 1505 2160 debet
1552 2089 1801 2160 videri.
1853 2078 2007 2160 Sed'
2035 2090 2186 2184 jam

85 2219 208 2266 non
235 2221 480 2295 quaero
501 2251 520 2285 ,
549 2211 904 2295 purgetne
932 2200 1214 2271 Cassius
1249 2198 1558 2271 Sullam:
1591 2198 1769 2271 illud
1810 2198 1987 2270 mihi
2029 2213 2189 2271 tan·-

86 2318 213 2377 tum
247 2309 414 2380 satis
447 2322 586 2397 est,
629 2322 886 2385 contra
918 2308 1188 2380 Sullam
1231 2308 1411 2379 nihil
1455 2333 1609 2381 esse
1639 2310 1717 2379 iu
1754 2307 2041 2380 indicio.

163 2422 332 2491 xlv,
371 2418 724 2491 Exclusus
757 2419 894 2489 hac
928 2421 1433 2491 criminatione
1466 2424 1909 2519 Torquatus„
1941 2442 2188 2493 rursus

87 2526 151 2595 in
185 2553 292 2601 me
334 2532 584 2616 irruit,
629 2554 746 2600 me
787 2544 1092 2601 accusat.
1124 2531 1280 2617 Ait,
1316 2554 1435 2601 me
1472 2528 1681 2603 aliter
1704 2542 1757 2611 ¹.
1798 2555 1879 2601 ae
1912 2528 2187 2601 dictum

90 2652 214 2723 est,
245 2640 318 2709 in
365 2637 645 2711 tabulas
685 2636 1058 2736 publicas²¹
1091 2639 1445 2713 retulisse.
1490 2646 1554 2713 Ο
1600 2636 1701 2711 dii
1744 2639 2189 2712 immortales

93 2744 315 2839 (vobis
364 2753 561 2822 enim
619 2748 930 2821 tribuam
961 2804 980 2835 ,
1042 2774 1204 2848 quae
1259 2764 1495 2821 vestra
1556 2765 1769 2835 suut3
1828 2772 1963 2820 nec
2016 2772 2191 2819 vero

91 2880 356 2951 possum
389 2884 553 2932 meo
580 2873 863 2931 tantum
897 2860 1188 2958 ingenio
1226 2859 1399 2933 dare
1420 2914 1439 2948 ‚
1472 2875 1554 2932 ut
1596 2874 1704 2931 tot
1732 2884 1885 2946 res,
1922 2870 2193 2939 tantas»,

95 2977 218 3036 tam
264 2969 528 3058 varim,
582 2984 728 3041 tam
772 2970 1226 3067 repen-tinaS,
1283 2972 1362 3041 in
1412 2968 1533 3041 illa
1580 2968 2196 3041 turbulentissima

93 3088 490 3175 tempestate
555 3076 970 3177 reipublicae
999 3133 1018 3167 ‚
1083 3102 1242 3151 mea
1306 3094 1565 3178 sponte
1621 3078 2050 3177 dispexerim
2078 3074 2193 3172 ³)!

159 3278 231 3325 14.
275 3272 517 3322 Subla-ae.
563 3270 756 3321 Minuit
776 3306 790 3330 ,
839 3270 1082 3329 infirmat,
1173 3272 1377 3322 Catilina
1392 3307 1410 3333 ‚
1447 3283 1551 3335 est,
1591 3273 1732 3338 quod
1766 3284 1823 3349 'te
1864 3273 1965 3333 jam
2010 3272 2062 3320 in
2104 3268 2199 3318 hae

97 3362 274 3400 excusa
295 3353 593 3417 eulpam—
621 3352 702 3399 Ne
717 3348 950 3399 indicent.
971 3352 1018 3400 1.
1042 3367 1086 3398 e.
1173 3353 1294 3402 urbe
1321 3353 1472 3418 possit
1491 3354 1727 3412 retinere,
1752 3353 1806 3401 iu
1828 3368 1925 3417 qua
1954 3367 2101 3399 nemo
2128 3358 2200 3397 est

96 3427 148 3473 td
162 3442 360 3479 temtum
383 3430 566 3479 Sullam
588 3430 824 3479 defen-ant.
1172 3442 1308 3482 extra
1326 3432 1464 3479 istam
1483 3432 1873 3493 conjurationem
1893 3430 2199 3495 perditorum

160 3510 232 3558 15.
245 3510 384 3575 Apud
409 3510 558 3567 alios,
593 3508 698 3557 ulli.
719 3502 851 3559 J.'V.
880 3509 935 3556 1..
1171 3504 1457 3569 hominum,
1487 3513 1571 3575 qui
1609 3522 1657 3560 te
1692 3527 1793 3560 non
1817 3520 2028 3567 metuat,
2057 3518 2201 3555 nemo

161 3588 234 3634 ιθ.
263 3588 555 3637 celatum...
584 3587 648 3636 de
675 3587 814 3636 Sulla
840 3604 958 3636 uno.
984 3582 1088 3635 Iro·
1173 3590 1261 3655 qui
1287 3601 1335 3639 ω
1360 3606 1461 3639 non
1488 3591 1649 3639 oderit
1668 3610 1713 3639 ι,

97 3663 206 3713 πῑτο.
227 3665 406 3731 Nempe
431 3668 472 3715 si
501 3666 632 3715 Sulla
659 3667 711 3713 in
739 3682 942 3715 numero
967 3682 1088 3715 oon-
1247 3670 1387 3719 XIV.
1422 3686 1467 3717 1.
1493 3668 1576 3717 Ait
1592 3686 1667 3717 me
1686 3668 1846 3717 aliter.
1862 3667 2007 3716 Prior
2023 3663 2202 3713 Venet.

91 3740 338 3801 juratorum
353 3746 522 3794 fnisset
541 3780 558 3800 ,
573 3745 865 3795 inci-edibile
883 3750 1007 3795 esset
1031 3742 1092 3793 do
1179 3746 1365 3798 omittit
1388 3750 1629 3796 rem—Ac
1654 3746 1834 3795 dictum
1860 3757 1950 3795 ese.
1982 3742 2202 3795 subaud.

95 3834 148 3867 eo
169 3838 264 3871 uno
287 3825 502 3875 Cossium
528 3836 630 3873 eone
657 3821 879 3873 celatum.
1181 3828 1244 3877 nh
1269 3825 1638 3891 Allobrogibus.

164 3916 240 3959 η.
269 3903 426 3953 lamb.
445 3903 636 3951 nescire
660 3918 727 3952 se.
754 3902 806 3953 J.
823 3906 888 3953 V.
912 3902 966 3951 1..
1257 3923 1307 3955 ο.
1332 3910 1390 3953 In
1414 3918 1447 3954 t.
1462 3904 1596 3971 publ.
1621 3907 1783 3969 Quum
1807 3920 1955 3953 essem
1976 3898 2165 3951 consul.

165 3980 237 4027 18.
275 3982 428 4031 Extra
463 3980 864 4048 conjurationem.
891 3982 1096 4042 Jnmjm
1254 3989 1303 4034 3.
1334 3985 1655 4049 Dispexerim.
1675 3984 1791 4032 Nou
1818 3984 1967 4032 modo
1993 3977 2206 4032 animad-

101 4062 276 4115 dixerat
292 4079 452 4119 orator
467 4064 664 4120 eumin.
685 4084 706 4117 1
727 4083 742 4116 :
760 4088 786 4111 ιι
799 4065 934 4132 Quid
950 4068 1097 4128 enim,
1185 4064 1409 4115 verterim
1422 4098 1437 4123 ,
1464 4058 1549 4111 sed
1574 4062 1889 4129 providerim.

235 4154 354 4223 IV.
407 4174 498 4241 ἃς·
511 4187 626 4235 pars
644 4170 861 4219 secunda.
1926 4144 1968 4214 3
