2594 4537
153 324 891 349 mmm-mmmmm
909 323 2197 351 mmsmfflmfflmmmw-mm
2206 334 2295 351 m

599 496 1810 643 ·ARGUMENTUM.

151 710 210 763 L.
237 706 506 765 Valerius
525 706 766 765 Flaccus
793 716 1010 783 praetor
1036 708 1108 763 A.
1135 708 1213 763 U.
1246 704 1383 780 69ο,
1414 706 1497 762 Μ.
1520 708 1589 763 Τ.
1619 706 1919 780 Cicerone,
1946 710 2013 767 C.
2035 712 2291 771 Antonio

224 818 371 859 coss.
399 804 591 858 Antea
627 799 817 857 fuerat
847 802 912 857 P.
949 796 1194 857 Servilio
1225 796 1484 855 Isaurico
1512 796 1573 854 in
1601 796 1803 857 Cilicia
1840 798 2109 861 tribunus
2134 800 2295 864 mili-

225 906 367 951 tum.
407 890 636 951 Deinde
667 894 749 949 Μ.
781 890 970 969 Pupio
1009 889 1207 949 Pisoni
1251 890 1593 968 Hispaniam
1632 910 1745 970 pro
1780 906 2030 969 praetore
2070 898 2293 973 regenti

225 996 496 1062 quaestor.
523 989 730 1043 Postea
755 981 911 1041 bello
931 981 1160 1042 Cretico
1181 981 1405 1059 legatus
1420 983 1684 1041 interfuit
1704 984 2057 1065 imperatore
2081 994 2153 1062 Q.
2174 995 2299 1049 Me·-

227 1078 364 1135 tello
397 1078 646 1137 Cretico.
676 1080 744 1134 ln
774 1086 1027 1152 praetura
1049 1073 1471 1152 jurisdictionis
1496 1074 1669 1132 laude
1695 1076 1921 1147 floruit,
1942 1078 2213 1159 idemque
2234 1083 2296 1140 in

228 1169 628 1247 conjuratione
657 1168 991 1227 Catilinaria
1023 1166 1175 1225 bene
1213 1166 1288 1225 dc
1314 1166 1617 1246 republica
1646 1168 1885 1229 meritus
1912 1184 2024 1240 est,
2058 1174 2299 1252 ejusque

227 1280 406 1340 opera
429 1263 638 1320 Cicero
669 1278 731 1318 se
757 1278 925 1318 usum
951 1278 1076 1318 esse
1117 1259 1479 1318 demonstrat
1508 1259 1569 1317 in
1598 1259 2101 1339 deprehendendis
2128 1267 2295 1325 Allo-

229 1352 478 1433 brogum
501 1354 717 1432 legatis.
733 1357 820 1412 Ex
835 1364 1093 1432 practura
1107 1354 1304 1412 Asiam
1328 1352 1686 1431 provinciam
1709 1355 1945 1415 sortitus
1958 1356 2213 1417 obtinuit
2234 1366 2295 1419 P.

231 1448 400 1508 Orbii
433 1464 766 1523 successor,
810 1446 980 1525 eique
1007 1466 1116 1525 per
1145 1466 1361 1504 annum
1392 1448 1681 1525 integrum
1719 1467 1812 1505 an.
1846 1450 1983 1526 691,
2014 1452 2211 1511 Silano
2240 1467 2299 1513 et

230 1546 479 1600 Murena
501 1560 647 1599 coss.
677 1538 826 1619 (non
852 1550 917 1599 ut
941 1540 1241 1613 Manutius
1267 1538 1533 1618 putabat,
1561 1559 1669 1618 per
1708 1540 2050 1617 triennium,
2090 1559 2192 1604 aut
2230 1560 2297 1605 ut

229 1636 554 1703 Ferratius,
585 1652 694 1712 per
719 1631 1059 1711 biennium)
1086 1633 1339 1711 praefuit.
1372 1638 1482 1691 An.
1516 1632 1664 1709 692,
1689 1654 1870 1713 quum
1898 1656 1970 1695 ex
1998 1640 2302 1715 provincia

232 1728 496 1787 rediisset
517 1770 534 1799 ,
561 1743 772 1785 nomen
802 1728 924 1803 ejus
953 1724 1027 1787 de
1059 1725 1398 1805 repetundis
1425 1726 1634 1785 detulit
1658 1730 1731 1785 D.
1755 1728 1968 1787 Laelius
1985 1774 2000 1799 ‚
2034 1746 2093 1789 et
2118 1752 2298 1809 quum

231 1832 532 1880 accusator
555 1822 617 1879 in
645 1819 1010 1898 inquirendis
1049 1816 1224 1877 rebus
1263 1838 1511 1892 annum,
1554 1832 1613 1878 et
1643 1839 1865 1879 menses
1904 1822 2126 1901 aliquot
2161 1844 2303 1884 con-

233 1912 594 1992 sumpsisset,
628 1922 925 1971 accusatus
954 1924 1040 1970 est
1065 1914 1291 1971 Caesare
1318 1925 1379 1971 et
1410 1912 1619 1972 Bibulo
1657 1933 1803 1972 coss.
1849 1935 1941 1972 an.
1976 1920 2112 1992 694.
2142 1922 2304 1979 Inter

237 2006 376 2065 alios
407 2003 680 2064 defensus
710 2018 799 2063 est
831 2024 866 2061 a
893 2009 964 2078 Q.
1001 2006 1346 2076 Hortensio,
1372 2018 1429 2063 et
1457 2026 1491 2063 a
1513 2008 1596 2063 Μ.
1624 2010 1693 2064 Τ.
1718 2006 1999 2065 Cicerone
2028 2008 2141 2067 hac
2164 2030 2304 2069 ora—

237 2098 406 2155 tione.
448 2096 751 2156 Hortensii
790 2096 980 2153 oratio
1021 2108 1509 2155 commemoratur
1540 2118 1632 2175 ep.
1669 2096 1741 2154 ad
1778 2102 1899 2156 Att.
1939 2102 2031 2173 11,
2080 2102 2186 2175 25,
2215 2104 2306 2163 his

235 2187 424 2247 verbis
453 2210 468 2245 :
495 2214 522 2239 ιι
544 2193 641 2260 At,
664 2187 924 2258 hercule,
951 2188 1096 2246 alter
1120 2202 1254 2247 tuus
1283 2186 1583 2247 familiaris
1607 2190 1912 2264 HortaluS,
1934 2212 2107 2270 quam
2133 2196 2306 2274 plena

233 2301 438 2354 manu,
467 2303 644 2362 quam
675 2283 928 2360 ingenue
948 2301 1156 2360 ,quam
1187 2296 1394 2340 ornate
1416 2295 1639 2341 nostras
1673 2283 1871 2343 laudes
1899 2286 1959 2343 in
1991 2298 2141 2345 astra
2175 2309 2305 2348 sus—

241 2377 396 2448 tulit,
441 2395 622 2454 quum
659 2375 733 2433 de
768 2375 959 2434 Flacci
991 2387 1246 2452 praetura
1277 2387 1339 2432 et
1385 2373 1459 2432 dc
1491 2375 1595 2433 illo
1625 2387 1891 2454 tempore
1917 2377 2305 2458 Allobrogum

237 2468 474 2529 diceret.
509 2469 604 2529 Sic
631 2467 848 2527 habeto
881 2489 989 2526 nec
1025 2468 1341 2536 amantius,
1385 2487 1493 2525 nec
1522 2468 2034 2544 honorificentius,
2064 2491 2170 2531 nec
2199 2493 2306 2533 co-

239 2563 456 2640 piosius
481 2563 739 2641 potuisse
767 2561 882 2620 dici
909 2586 954 2619 υ.

313 2661 385 2716 In
410 2655 653 2714 exordio
677 2654 956 2713 orationis
984 2652 1191 2712 Cicero
1227 2653 1309 2710 ait
1339 2671 1401 2710 se
1433 2653 1789 2712 existimasse
1811 2698 1827 2726 ,
1853 2655 1901 2713 si
1925 2655 2076 2713 forte
2097 2656 2305 2734 aliquis

239 2749 424 2808 Flacci
471 2747 888 2807 beneficiorum
938 2748 1000 2804 in
1043 2743 1332 2824 rempubl.
1384 2747 1727 2806 collatorum
1775 2745 2161 2819 obtrectator,
2208 2763 2308 2808 aut

241 2841 468 2899 virtutis
493 2839 707 2912 bostis,
737 2851 839 2898 aut
866 2837 1052 2898 laudis
1079 2836 1314 2896 invidus
1342 2837 1687 2910 exstitisset,
1733 2840 1786 2897 ei
1817 2850 2007 2898 tamen
2038 2842 2306 2902 multitu-'-

243 2933 386 2994 dinis
411 2935 611 3013 potius
635 2933 946 3012 imperitae,
964 2951 1140 3010 quam
1162 2930 1715 3009 sapientissimorum
1742 2935 1997 2990 virorum
2016 2932 2305 3010 judicium

245 3043 363 3086 esse
387 3026 756 3086 subeundum
777 3049 794 3098 ;
819 3037 877 3082 et
902 3026 951 3083 si
980 3024 1096 3082 hoc
1124 3036 1276 3082 esset
1299 3024 1585 3095 futurum,
1609 3043 1926 3101 numquam
1954 3039 2144 3084 tamen
2172 3029 2305 3086 exi-

245 3120 498 3178 stimasse
543 3123 618 3177 D.
660 3117 902 3177 Laelium
943 3137 1067 3176 eam
1102 3117 1523 3175 accusationem
1554 3130 1957 3196 suscepturum
2002 3140 2143 3177 esse.
2192 3122 2307 3180 Sed

246 3212 514 3289 quoniam
544 3211 604 3269 in
625 3210 740 3268 hoc
763 3231 824 3268 sc
853 3210 1055 3288 opinio
1087 3209 1388 3282 fefellerit,
1418 3229 1488 3268 eo
1516 3210 1697 3288 magis
1731 3211 2159 3290 implorandum
2186 3235 2310 3273 esse

247 3305 575 3376 consilium,
599 3303 962 3380 gravitatem,
988 3301 1325 3380 sapientiam
1343 3347 1360 3375 ,
1392 3303 1819 3382 providentiam
1840 3304 2126 3382 judicum,
2150 3307 2309 3386 quod

245 3399 304 3455 in
327 3399 444 3457 hoc
472 3416 594 3456 uno
625 3396 849 3474 judicio
877 3394 1127 3474 reipubl.
1165 3395 1423 3454 subsidia
1444 3438 1461 3464 ‚
1508 3409 1689 3455 status
1720 3397 1995 3470 civitatiS,
2030 3402 2311 3458 memoria

251 3502 572 3570 temporum
597 3489 1047 3569 praetcritorum,
1066 3489 1218 3548 salus
1244 3490 1637 3568 praesentium,
1662 3510 1791 3569 spes
1807 3491 2165 3568 reliquorum
2194 3512 2310 3571 po-

251 3583 351 3643 sita
381 3585 487 3656 sit,
511 3602 639 3662 cap.
669 3603 696 3641 1
717 3626 734 3655 ‚
770 3602 823 3641 2.

325 3675 550 3735 Deinde
589 3675 850 3735 breviter
895 3673 1130 3733 laudata
1163 3673 1359 3733 Flacci
1408 3685 1697 3751 quaestura
1718 3717 1735 3746 ,
1774 3671 2062 3753 legatione
2084 3720 2100 3749 ,
2160 3696 2314 3755 prae-

253 3779 397 3844 tura,
416 3789 546 3849 cap.
567 3770 604 3827 3
627 3811 646 3840 ,
668 3767 890 3826 accedit
913 3765 986 3825 ad
1017 3767 1251 3826 testium
1277 3766 1811 3845 reprehensionem.
1835 3771 1902 3826 In
1922 3787 2041 3847 quo
2064 3769 2319 3848 primum

254 3863 467 3922 Graecis
497 3863 756 3941 ingenii,
797 3862 1128 3935 literarum,
1157 3860 1371 3918 artium
1390 3905 1407 3934 ,
1449 3861 1795 3938 eloquentiae
1822 3861 2055 3921 laudem
2083 3861 2320 3936 tribuit,

263 3957 719 4016 testimoniorum
745 3955 1087 4033 religionem
1113 3965 1173 4012 et
1201 3953 1377 4013 fidem
1410 3954 1686 4031 denegat,
1722 3961 1775 4022 l..
1816 3953 2046 4012 Deinde
2072 3954 2325 4014 ostendit

265 4064 654 4110 accusatorem
673 4047 846 4108 valde
864 4046 1142 4124 cupidum
1173 4045 1349 4105 fuisse
1378 4045 1439 4104 in
1472 4043 2327 4123 inquirendo,dissipatumque

2064 4163 2133 4230 9.
