2594 4537
229 231 371 305 586
866 232 965 299 Μ.
1018 233 1096 300 Τ.
1152 232 1731 302 CICERONIS

232 356 669 443 relaturum;
710 354 821 425 sin
853 369 1091 425 autem
1128 355 1342 425 vitam
1371 354 1552 425 mihi
1572 378 1728 426 sors
1757 352 2207 445 ademisset²‚
2249 374 2380 429 aut

236 469 339 537 vis
382 466 620 564 aliqua
647 465 878 559 major
910 462 1223 535 reditum
1246 465 1707 562 peremisset,
1747 465 1918 551 hos,
1965 466 2102 537 hos
2142 468 2380 564 (quos

232 580 427 649 enim
464 600 597 671 ego
630 590 786 645 tum
818 574 993 645 alios
1026 578 1268 645 animo
1301 572 1737 669 intuebar?)
1771 576 2018 646 omnia
2054 574 2186 646 tibi
2221 576 2378 647 illo-

208 674 396 758 ‘rum
449 684 783 755 laborum
824 685 1115 782 praemia
1144 708 1279 782 pro
1307 708 1424 757 me
1463 685 1979 781 persoluturos
2017 685 2216 776 Quid
2263 711 2380 757 me

236 793 651 893 adspectas?
686 794 863 890 quid
936 819 1095 865 mea
1151 796 1504 892 promissa
1562 796 1866 892 repetis?
1915 796 2096 894 quid
2145 821 2374 867 meam

238 906 454 977 fidem
500 904 890 1005 imploras?
928 904 1125 977 Nihil
1174 905 1328 978 tibi·
1358 930 1493 1003 ego
1537 920 1694 977 tum
1741 906 1832 978 de
1883 908 2066 978 meis
2115 908 2382 1005 opibus

238 1016 631 1117 pollicebar
652 1070 672 1104 ,
718 1014 845 1089 sed
882 1015 972 1087 de
1000 1016 1267 1087 horum
1292 1040 1460 1113 erga
1485 1042 1604 1087 me
1639 1016 2135 1089 benivolentia
2155 1016 2188 1061 ³
2216 1040 2380 1116 pro·

246 1126 660 1215 mittebam3
706 1126 841 1198 hos
877 1149 1012 1223 pro
1058 1150 1176 1196 me
1211 1128 1492 1222 lugere,
1529 1126 1666 1199 hos
1707 1150 2037 1223 gemere,
2084 1126 2221 1197 hos
2257 1128 2379 1198 de-

244 1252 515 1309 certare
550 1263 684 1335 pro
712 1260 877 1307 meo
923 1238 1189 1332 capite,-
1240 1237 1354 1308 vel
1401 1241 1564 1307 vitae
1599 1238 1925 1335 periculo
1967 1238 2156 1309 velle
2193 1237 2382 1309 vide·

244 1349 451 1435 bam3
504 1348 595 1419 de
642 1371 895 1419 eorum
954 1345 1350 1433 desiderio,
1392 1347 1594 1419 luctu
1625 1402 1643 1437 ‚
1705 1349 2019 1445 querelis
2062 1348 2386 1446 quotidie

246 1459 517 1557 aliquid
554 1474 803 1531 tecum
842 1457 1055 1539 simul
1079 1456 1466 1529 audiebam
1504 1485 1522 1527 .·
1559 1482 1758 1531 nunc
1789 1462 2048 1544 timeo,
2084 1460 2184 1529 n'e
2211 1458 2384 1529 nihil

250 1570 421 1659 tibi,
492 1583 752 1667 praeter
795 1566 1206 1664 lacryma,
1268 1593 1530 1665 queam
1574 1568 1914 1655 reddere,
1957 1594 2142 1667 quas
2193 1586 2276 1640 tu
2319 1574 2388 1640 iu

252 1682 429 1753 meis
470 1676 983 1750 acerbitatibus
1018 1679 1360 1775 plurimas
1397 1678 1736 1753 effudisti.
1769 1678 1964 1769 Quid
1995 1683 2198 1751 euim
2227 1697 2404 1777 pos-'

253 1815 411 1862 sum
447 1787 639 1859 aliud
666 1843 685 1875 ,
730 1790 865 1860 nisi
907 1791 1265 1862 moerere?
1305 1792 1443 1861 nisi
1488 1790 1710 1863 flere?
1747 1792 1890 1861 nisi
1925 1804 1996 1862 te
2031 1814 2203 1861 cum
2239 1814 2392 1861 moe

254 1899 481 1987 salute
508 1898 893 1995 complecti
915 1898 991 1967 4?
1026 1886 1346 1973 Salutem
1386 1899 1517 1972 tibi
1553 1900 1768 1973 iidem
1802 1898 2020 1971 dare⁵
2060 1916 2394 1999 possunt,

256 2010 386 2106 qui
443 2007 623 2079 mihi
668 2006 1162 2080 reddiderunt.
1237 2016 1396 2081 Huc
1455 2034 1758 2109 exsurge
1801 2026 2082 2097 tamen,
2127 2036 2392 2108 quaeso.

256 2116 675 2205 Retinebof‘,
693 2134 767 2189 et
794 2120 1267 2217 complectar-3
1296 2144 1432 2193 nee
1451 2140 1570 2194 me
1599 2122 1834 2193 solum
1855 2122 2398 2219 deprecatorem

258 2228 721 2303 fortunarum
761 2244 1091 2317 tuarum,
1138 2230 1267 2304 sed
1321 2234 1661 2304 comitem
1709 2236 2142 2331 sociumque
2189 2230 2402 2331 profi·

254 2340 503 2428 tebor;
535 2357 783 2438 atque,
811 2357 895 2412 ut
920 2365 1137 2442 spero
1157 2397 1177 2430 ‚
1216 2367 1434 2414 nemo
1463 2345 1600 2417 erit
1625 2359 1768 2415 tam
1801 2345 2081 2416 crudeli
2107 2349 2358 2415 animo
2381 2397 2398 2424 ,

259 2467 551 2548 tamque
603 2453 1050 2537 inhumanO,
1093 2477 1231 2524 nec
1294 2468 1444 2526 tam
1504 2454 1920 2542 humerum,
1959 2479 2113 2526 non
2172 2455 2402 2526 dicam

262 2557 593 2634 meorum
642 2563 719 2631 in
772 2560 1011 2631 bonos
1048 2563 1476 2634 meritorum
1503 2617 1524 2649 ‚
1573 2564 1702 2636 sed
1743 2563 2109 2635 bonorum
2146 2568 2224 2635 in
2254 2589 2410 2650 me,

263 2671 393 2768 qui
428 2692 619 2740 ame
660 2671 803 2742 mei
836 2664 1278 2744 serratorem
1309 2676 1560 2770 capitis
1585 2673 1907 2760 divellat,
1933 2699 2016 2745 ac
2038 2673 2408 2746 distrahat.

260 2783 425 2852 Non
466 2805 601 2878 ego
639 2783 817 2850 meis
863 2796 1201 2851 ornatum
1264 2782 1636 2855 beneficiis
1678 2809 1718 2854 a
1761 2784 1972 2855 vobis
2014 2783 2412 2882 deprecor,

258 2887 574 2986 judices,
612 2888 741 2960 sed
778 2889 1160 2962 custodem
1198 2891 1447 2963 salutis
1479 2918 1654 2964 meae
1693 2921 1708 2962 τ
1743 2917 1894 2964 non
1925 2893 2193 2992 opibus
2238 2919 2414 2966 con-

264 2998 523 3098 ten'do,
568 3025 719 3070 non
754 3002 1211 3088 auctoritate,
1245 3007 1398 3073 non'
1423 3008 1688 3100 gratia3
1723 3003 1852 3076 sed
1879 3003 2262 3102 precibuS,
2293 3005 2416 3078 sed

272 3112 605 3206 lacrymis
624 3165 645 3196 ‚
677 3103 805 3182 sed
833 3111 1324 3184 misericordia
1356 3143 1372 3183 ε
1403 3139 1838 3212 mecumque
1859 3141 1988 3185 vos
2012 3116 2228 3186 simul
2251 3117 2371 3186 hic
2389 3129 2418 3172 ⁷

266 3221 712 3292 miserrimus
734 3277 751 3305 ‚
796 3236 867 3290 et
896 3223 1219 3318 optimus
1244 3221 1648 3298 obtestatur
1675 3251 1970 3324 parem,
2003 3241 2076 3299 et
2103 3251 2245 3324 pro
2274 3253 2420 3298 uno

280 3329 429 3402 filio
474 3329 620 3414 duo
660 3345 899 3427 patres
940 3329 1435 3430 deprecamur.

345 3510 396 3542 α.
444 3493 555 3539 Sors
596 3491 871 3539 ademisset.
912 3490 1029 3539 Fors
1078 3508 1105 3539 e
1150 3493 1306 3541 MStis
1392 3485 1452 3535 Id
1475 3499 1573 3550 est,
1597 3500 1776 3537 sortem
1801 3499 1934 3537 tuam
1961 3505 2081 3538 meae
2106 3492 2423 3553 coniungere.

276 3571 488 3620 restitnit
514 3569 683 3617 Lamb.
1466 3569 1512 3616 5.
1539 3561 1648 3616 Tibe*
1662 3567 1806 3616 iidem
1825 3567 1962 3618 dare'.
1976 3569 2140 3628 Olim,
2160 3569 2426 3618 -tibiidnn

346 3653 396 3698 3.
418 3649 520 3698 Sed
550 3646 612 3696 de
642 3649 813 3696 hor-tim
849 3665 970 3715 erga
1001 3667 1078 3697 me
1116 3649 1308 3698 bem’vo-
1395 3645 1508 3695 dare
1534 3668 1579 3706 ο,
1603 3637 1808 3696 erratum
1833 3664 2094 3712 operarum
2120 3659 2214 3698 est.

285 3727 504 3778 νοὶεητία.
530 3729 611 3777 Al.
630 3727 811 3777 babent
830 3751 853 3770 n
875 3729 961 3778 sed
982 3729 1159 3778 horum
1181 3747 1223 3778 e.
1243 3747 1308 3778 m.
1469 3729 1519 3775 6.
1539 3729 1700 3777 Graev.
1718 3749 1744 3770 α
1762 3727 1831 3775 Te
1853 3738 2014 3776 tamen
2022 3765 2040 3788 ‚
2061 3743 2288 3793 exsurge,
2301 3743 2429 3792 qut·-

286 3808 664 3856 benivolentiam
682 3831 723 3857 υ.
767 3811 1022 3872 Sequitnm·
1062 3809 1178 3856 cod.
1204 3809 1309 3858 Erf.
1400 3822 1485 3868 so,
1509 3806 1732 3855 retinebo
1747 3829 1788 3853 ιι.
1813 3808 1866 3855 J.
1880 3810 1945 3854 V.
1965 3810 2020 3854 L.

284 3887 560 3934 lectionem.
585 3887 638 3934 J.
654 3887 702 3932 V
726 3887 786 3936 L.
1478 3903 1523 3947 7.
1549 3885 1702 3933 Abest
1723 3884 1822 3938 hic.
1845 3888 1944 3933 Dat
1971 3885 2086 3935 cod.
2115 3887 2428 3935 Axubrosian.

357 3974 403 4022 4.
425 3964 537 4012 Nisi
554 3975 599 4011 ce
616 3978 723 4012 cum
742 3981 851 4013 mea
872 3965 1029 4013 salute
1047 3966 1314 4031 complecti.
1403 3968 1452 4014 J.
1474 3968 1536 4015 V.
1559 3966 1612 4012 L.
