2594 4537
354 290 498 365 286
994 292 1089 359 M.
1140 290 1218 356 T.
1272 288 1849 359 CICERONIS

352 413 933 513 praestantissimo
962 410 1117 481 viro
1134 464 1153 497 ‚
1176 413 1253 480 T.
1284 412 1520 481 Annio
1543 463 1562 496 ‚
1593 408 1872 481 dicam?
1903 424 2026 481 aut
2054 411 2218 508 quis
2245 410 2342 483 de
2369 412 2493 483 tali

348 528 504 597 cive
547 524 713 593 satis
748 520 963 617 digne
1000 543 1350 616 umquam
1392 518 1782 615 loquetur?
1825 520 1953 617 qui
1998 544 2230 617 quum
2275 522 2492 595 vide-

349 648 463 705 ret
488 688 509 720 ‚
564 631 988 703 sceleratum
1037 630 1265 702 civem
1292 683 1313 716 ‚
1363 643 1488 700 aut
1531 628 2006 701 domesticum
2053 632 2298 729 potius
2355 630 2492 703 ho-

350 761 573 831 stem,
604 743 662 814 si
694 740 969 838 legibus
1012 742 1113 811 uti
1153 741 1438 825 liceret,
1467 738 1744 834 judicio
1779 764 1932 811 esse
1967 737 2490 837 stangendum;

348 855 457 924 sin
518 856 668 950 ipsa
710 851 977 946 judicia
1025 851 1131 922 vis
1172 849 1561 947 impediret
1613 874 1695 923 ac
1745 848 2070 937 tolleret,
2113 849 2486 931 audaciam

347 964 611 1033 virtute
629 1016 648 1050 ‚
705 959 1025 1033 furorem
1078 958 1504 1032 fortitudine
1527 1014 1546 1045 ,
1612 961 2086 1031 temeritatem
2147 960 2488 1046 consilio,

348 1096 643 1146 manum
684 1096 905 1143 manu
928 1126 948 1157 ‚
984 1072 1133 1142 vim
1170 1074 1239 1141 vi
1268 1094 1425 1143 esse
1455 1068 1930 1168 superandam
1960 1098 1977 1141 z
2015 1074 2254 1167 primo
2291 1070 2388 1143 de
2421 1074 2489 1141 vi

346 1184 731 1282 postulavit
760 1180 831 1267 ³3
892 1196 1366 1279 posteaquam
1419 1180 1513 1252 ab
1571 1179 1824 1253 eodem
1877 1180 2146 1276 judicia
2201 1179 2486 1253 sublata

346 1298 545 1365 esse‘*
584 1291 797 1380 vidit,
834 1316 929 1361 ne
960 1291 1082 1362 ille
1110 1292 1352 1385 omnia
1379 1294 1446 1361 vi
1483 1305 1727 1388 posset
1757 1288 2082 1377 efficere,
2115 1292 2398 1363 curavit
2421 1288 2494 1374 ⁵;·

346 1405 473 1500 qui
497 1402 777 1488 docuit,
806 1426 1049 1499 neque
1078 1414 1266 1473 tecta
1284 1455 1304 1487 ‚
1337 1424 1580 1497 neque
1605 1400 1904 1498 templa,
1935 1424 2180 1497 neque
2208 1399 2482 1487 forum,
2549 1464 2555 1474 .

234 1554 242 1563 ·
346 1538 585 1609 neque
632 1513 905 1584 curiam
929 1566 948 1601 ‚
986 1516 1140 1583 sine
1182 1536 1461 1582 summa
1501 1513 1802 1599 virtute,
1837 1535 1920 1583 ac
1955 1513 2290 1610 maximis
2329 1514 2482 1607 opi-

342 1622 485 1695 bus
528 1638 604 1693 et
650 1623 877 1719 copiis
925 1620 1015 1692 ab
1074 1624 1418 1727 intestino
1459 1620 1838 1694 latrocinio
1889 1638 2102 1721 posse
2140 1619 2478 1700 defendi;

343 1736 470 1830 qui
522 1734 803 1830 primus
824 1785 843 1819 ,
902 1746 1067 1829 post
1118 1756 1364 1803 meum
1421 1731 1841 1815 discessum,
1899 1747 2180 1803 metum
2221 1730 2476 1814 bonis,

342 1866 546 1941 spem
608 1840 1003 1911 audacibus
1030 1896 1049 1929 ‚
1112 1843 1443 1913 timorem
1499 1842 1670 1913 huic
1729 1841 2003 1931 ordini,
2061 1842 2474 1913 servitutem

338 1953 621 2051 depulit
662 1952 947 2023 civitati.
987 1954 1224 2041 Quam
1260 1954 1614 2025 rationem
1653 1952 1808 2049 pari
1843 1953 2147 2039 virtute,
2197 1954 2476 2033 animm

337 2062 483 2135 fide
501 2118 520 2152 ‚
546 2068 622 2135 P.
657 2060 987 2134 Sextius⁶
1018 2077 1407 2161 sequutu5‚
1435 2086 1576 2161 pro
1603 2086 1760 2133 mea
1787 2062 2012 2131 salute
2033 2114 2052 2145 ‚
2077 2086 2216 2158 pro
2245 2075 2478 2131 vestra

338 2174 765 2247 auctoritate
786 2227 805 2259 ‚
844 2197 979 2271 pro
1008 2186 1197 2243 statu
1233 2174 1576 2257 civitam,
1609 2170 1842 2243 nullas
1871 2170 2007 2243 sibi
2032 2170 2475 2255 inimicitias,

334 2285 609 2355 nullam
645 2286 791 2351 vim
818 2335 839 2366 ‚
873 2281 1113 2351 nullos
1158 2283 1514 2377 impetus,
1559 2281 1840 2351 nullum
1888 2285 2050 2352 vitae
2087 2279 2473 2352 discrimen

331 2391 704 2465 vitandum
740 2413 1088 2485 umquam
1118 2391 1442 2486 putavit:
1482 2391 1608 2487 qui
1641 2415 1924 2463 causam
1962 2406 2292 2478 senatu3‚
2323 2415 2474 2461 exa-

330 2497 623 2601 gitatam
666 2497 1143 2569 concionibus
1188 2498 1692 2597 improborum
1713 2555 1733 2588 ,
1783 2505 1884 2574 sic
1933 2525 2061 2574 sua
2100 2500 2468 2598 diligentia

406 2694 451 2739 3.
484 2689 543 2736 Vi
562 2688 847 2753 postulavit.
876 2688 1127 2736 Postulat-e
1152 2701 1227 2738 eat
1250 2707 1358 2738 ver-
1443 2690 1628 2756 plebis,
1657 2709 1784 2741 nova
1810 2696 1928 2742 novi
1955 2694 2144 2757 generis
2171 2695 2332 2743 edicta
2359 2709 2470 2757 pm·

326 2772 446 2819 bum
459 2770 581 2830 juris
597 2805 611 2828 ‚
626 2779 674 2815 et
692 2779 829 2816 actor
844 2769 1093 2832 speciatim
1110 2769 1356 2832 postulare
1441 2781 1636 2834 ponunt
1656 2787 1670 2820 :
1699 2772 1776 2820 Ne
1793 2789 1906 2820 rena
1927 2773 2080 2832 adsit,
2101 2789 2167 2821 ne
2189 2775 2382 2830 nitetur,
2409 2788 2467 2820 ne

328 2848 527 2910 dicitur,
554 2848 639 2911 qui
665 2857 923 2912 proetorem
945 2857 1109 2910 rogat,
1134 2858 1193 2895 nt
1209 2849 1354 2897 liceat
1439 2861 1704 2913 queratur,
1727 2867 1792 2898 ne
1813 2853 2110 2902 mentionem
2135 2855 2340 2901 omnino
2368 2851 2468 2900 eni-

328 2943 508 2977 nomen
530 2926 738 2989 deferre3
760 2943 849 2990 per
869 2927 1213 2994 metonymiam
1236 2943 1354 2992 ergo

327 3023 421 3074 pro
466 3023 699 3055 accusare
742 3006 939 3053 dicitnr.
985 3005 1105 3055 vid.
1162 3007 1354 3056 Ernesti

329 3087 465 3137 Clav.
492 3086 619 3135 Milo
636 3097 798 3134 autem
817 3085 1044 3134 Clodium
1068 3085 1129 3134 de
1147 3087 1197 3132 vi
1216 3101 1350 3134 reum

326 3168 476 3227 feeit,
504 3165 641 3230 qnod
665 3167 817 3230 ipsius
843 3166 1043 3214 domum
1067 3157 1350 3230 oppugnas-

326 3257 428 3304 set,
462 3254 511 3292 et
544 3245 725 3293 eadem
756 3246 809 3292 in
838 3246 947 3294 soro
975 3261 1085 3293 cum
1113 3245 1350 3308 gladiato·

324 3325 461 3373 ribus
479 3325 685 3371 fecisset.
708 3324 785 3372 Ad
800 3326 951 3374 Attio.
968 3324 1059 3372 lib.
1074 3327 1163 3384 lv,
1183 3341 1260 3389 ep.
1284 3327 1314 3374 3
1333 3339 1358 3374 .·

326 3425 349 3447 ι
372 3405 500 3452 Nam
525 3403 730 3451 Milonis
757 3403 983 3461 domum,
1004 3419 1109 3451 eam
1124 3439 1141 3464 ‚
1165 3421 1274 3468 quoe
1291 3406 1348 3452 in

322 3482 575 3538 Ger-malo,
603 3481 760 3546 pridie
787 3482 896 3529 idus
916 3482 1168 3532 novembr.
1193 3497 1349 3545 expu-

324 3579 471 3628 gnare
493 3573 541 3609 et
558 3559 819 3608 incendere
844 3561 907 3608 ita
931 3572 1133 3608 conatus
1153 3571 1226 3608 est
1247 3594 1261 3618 ,
1290 3571 1348 3608 nt

238 3649 249 3661 ⁰
322 3640 480 3705 palam
506 3641 629 3688 hora
659 3639 830 3701 quinta
862 3655 973 3686 enm
1006 3641 1155 3688 sentia
1183 3639 1346 3687 homi·

324 3735 409 3766 nes
431 3754 445 3779 ,
468 3719 659 3766 eductis
681 3717 877 3781 gladiis,
902 3718 1023 3766 alios
1046 3733 1157 3766 enm
1180 3733 1349 3766 accen-

325 3798 389 3844 sis
410 3795 593 3844 facibus
615 3795 877 3842 adduxerit
896 3817 940 3844 a».

396 3881 444 3926 4.
492 3873 694 3921 Sublata
738 3889 851 3921 esse.
900 3871 1154 3937 Significat
1190 3874 1314 3922 illud
1332 3913 1346 3937 ,

324 3951 457 4014 qnod
486 3963 558 3999 est
584 3953 636 3998 in
662 3967 716 3998 ea
746 3967 838 4013 pro
874 3954 1041 4000 Sextio
1058 3989 1071 4012 ,
1098 3969 1207 4017 cap.
1236 3962 1302 4008 4¹
1328 3969 1340 4003 :

323 4051 347 4069 «ι
368 4031 493 4076 Ecce
530 4029 621 4076 tibi
656 4030 860 4087 consul,
898 4041 1093 4093 praetor,
1122 4031 1345 4081 tribunus

1439 2943 1586 3054 {Imm
1610 2930 1832 2990 iudicum
1859 2941 1945 2980 aut
1976 2932 2284 2992 iudiciorum
2309 2931 2466 2980 facem

1459 3008 1582 3054 iceat
1595 3030 1638 3056 a.

1513 3085 1560 3133 5.
1586 3087 1796 3137 Curat-it.
1819 3091 1962 3137 Suam
1983 3089 2115 3138 enim
2131 3092 2236 3138 vim
2251 3091 2466 3154 aliqnan-

1440 3163 1506 3211 do
1523 3163 1784 3214 firmiorem
1803 3169 2058 3232 opposuit.

1509 3243 1558 3290 6.
1577 3247 1634 3294 P.
1657 3245 1860 3294 Sextius.
1883 3245 2023 3294 Alter
2041 3247 2269 3296 tribum
2285 3247 2459 3311 piebis,

1437 3337 1528 3387 pro
1565 3339 1667 3386 quo
1703 3335 1862 3372 exstat
1897 3326 2152 3374 Ciceronis
2190 3327 2378 3382 oratio,
2411 3327 2458 3374 in

1435 3419 1528 3466 qua
1555 3403 1660 3451 haec
1689 3404 1842 3452 fusim
1869 3405 2195 3470 explicantur.
2223 3404 2346 3454 Inde
2373 3405 2459 3468 igi-

1435 3493 1516 3531 tur
1565 3483 1771 3532 multum
1823 3485 2109 3549 depromere
2162 3487 2347 3550 poteris
2399 3483 2458 3530 ad

1435 3575 1648 3610 nostram
1685 3564 1810 3612 hanc
1845 3563 2200 3614 illustrandam.
2235 3589 2310 3604 -—
2343 3565 2458 3613 Pan·

1431 3644 1640 3690 virente.
1665 3678 1675 3690 .
1700 3680 1712 3692 .
1741 3645 1950 3694 Sextius.
1985 3649 2098 3693 Hoc
2119 3655 2215 3704 est,
2241 3646 2454 3699 Sextius.

1435 3723 1520 3786 qui
1538 3721 1612 3768 vir
1639 3733 1710 3770 est
1727 3725 1832 3788 pari
1857 3723 2035 3772 virtute
2051 3759 2064 3782 ,
2089 3726 2256 3772 animo
2277 3733 2328 3771 et
2343 3723 2450 3772 fide.

1433 3799 1560 3846 Cave
1574 3800 1722 3863 igitur
1736 3800 2000 3850 ablativum
2010 3803 2196 3850 vti-rata
2207 3813 2452 3850 construas

1433 3891 1544 3924 enm
1585 3890 1826 3942 sequutus.
1873 3881 2112 3930 Eundem
2161 3883 2215 3930 in
2257 3880 2448 3935 modnm

1434 3971 1541 4018 cap.
1573 3971 1621 4015 7,
1651 3977 1673 3998 ι
1695 3967 1750 4004 tu
1768 3959 2024 4008 clementia
2041 3961 2270 4024 uingnlari
2287 3981 2339 4019 ιι,
2362 3975 2450 4024 pro

1433 4045 1510 4094 tn,
1533 4037 1616 4098 qui
1636 4051 1686 4084 ea
1703 4035 1960 4087 clementia
1979 4040 2227 4103 singulari.
