2594 4537
352 263 496 346 224
997 259 1828 330 PROLEGOMENA.

348 406 473 474 pro
504 381 754 460 Sextio,
790 381 861 443 in
893 377 1199 441 Pisonem
1216 425 1235 459 ,
1270 395 1392 444 etc-
1417 395 1532 454 aut
1565 379 1710 446 fuse
1737 379 2178 470 amplificatos.
2205 382 2485 450 Mediam

348 490 521 555 hanc
562 489 733 552 viam
764 486 1091 574 ingressus
1144 501 1243 548 est
1279 484 1654 552 adolescens
1681 489 2158 554 eruditissimus
2175 491 2258 556 A.
2299 493 2368 556 L.
2405 491 2482 556 G.

345 595 546 661 Jacob
559 642 577 675 ,
612 591 791 657 edito
824 611 943 680 pro
978 589 1249 678 summis
1280 591 1350 654 in
1386 591 1798 681 philosophia
1823 595 2190 661 honoribus
2227 598 2354 662 rite
2387 621 2484 662 m-

350 697 684 789 pessendis
731 695 949 760 libello
970 741 989 775 ‚
1031 716 1227 782 quem
1260 695 1354 760 sic
1387 696 1715 784 inscripsit
1741 721 1758 761 τ
1797 728 1826 754 «
1843 697 1928 762 de
1965 700 2294 784 oratione,
2345 725 2482 790 quae

348 804 725 870 inscribitur
750 823 873 890 pro
916 799 1009 864 M.
1036 800 1343 865 Marcello
1359 849 1378 882 ,
1417 802 1716 866 Ciceroni
1752 805 1854 868 vel
1881 804 2308 884 abjudicanda
2331 855 2351 888 ,
2389 807 2484 872 vel

350 908 775 992 adjudicanda
829 907 1123 990 Quaestio
1142 954 1161 987 ,
1212 929 1514 996 novaque
1567 909 1958 990 conjectura.
1993 911 2191 994 Halte,
2255 910 2482 977 1813..

349 1018 963 1106 'temperamentum
1014 1013 1177 1078 illud
1191 1061 1209 1096 ‚
1246 1036 1380 1102 quo
1431 1015 1702 1080 minime
1765 1017 1971 1080 oratio
2015 1040 2135 1106 pro
2179 1018 2486 1084 Marcello

282 1213 291 1222 ·
348 1122 593 1214 indiget
608 1171 625 1205 ,
648 1120 732 1185 ad
744 1117 1089 1185 nonnullas
1112 1119 1510 1202 orationum,
1529 1141 1690 1207 quas
1709 1119 2126 1186 Marklandus
2147 1145 2486 1212 aggressus

346 1245 468 1312 est,
490 1243 701 1319 partes
730 1227 943 1291 valere
978 1223 1381 1290 crediderim.
1416 1224 1619 1309 Quod
1647 1226 1882 1315 siquis
1921 1227 2176 1292 tandem
2206 1232 2486 1295 omnino

347 1359 453 1400 eas
488 1335 787 1400 Ciceroni
810 1330 1139 1412 abjudicet
1156 1379 1175 1412 ,
1208 1353 1314 1395 eas
1347 1347 1520 1396 certe
1543 1331 1770 1420 aequali
1787 1381 1806 1415 ‚
1833 1351 1910 1398 ut
1933 1334 2326 1422 peritissimo
2345 1385 2364 1418 ,
2401 1337 2486 1400 ita

341 1441 861 1532 ingeniosissimo
906 1437 1148 1502 tribuat
1184 1459 1446 1502 necesse
1475 1454 1594 1503 est.
1637 1437 1886 1502 Verum
1915 1439 2048 1504 vim
2081 1440 2260 1506 illam
2277 1489 2298 1524 ,
2352 1464 2484 1506 non

344 1548 602 1612 solertia
626 1560 955 1610 carentem
977 1590 997 1625 ‚
1042 1559 1245 1608 artem
1280 1542 1454 1606 illam
1468 1590 1489 1625 ‚
1539 1564 1670 1630 qua
1701 1542 1784 1608 ad
1817 1545 2140 1634 populum
2169 1547 2481 1634 loquens,

344 1652 649 1717 Clodium
680 1672 816 1713 non
850 1649 1155 1737 appellat,
1196 1647 1380 1737 quod
1423 1665 1596 1714 certe
1629 1649 1863 1714 vitium
1900 1649 2297 1716 declamator
2342 1676 2472 1717 non

342 1758 711 1846 effugisset,
731 1753 894 1818 illud
922 1753 1131 1818 laudis
1152 1753 1466 1836 studium,
1481 1754 1743 1844 longam
1771 1755 1946 1820 illam
1973 1771 2040 1820 et
2071 1755 2478 1847 magnificam

340 1861 927 1952 amplificationem,
948 1883 1079 1949 qua
1096 1861 1422 1950 praecipue
1447 1861 1584 1941 eJus
1609 1860 1852 1926 eminet
1863 1862 2240 1950 eloquentia
2255 1911 2274 1944 ‚
2307 1863 2474 1928 illam

343 1969 736 2059 singularem
792 1983 859 2032 et
918 1965 1287 2054 reipublicae
1353 1981 1423 2030 et
1488 1988 1906 2030 romanarum
1961 1970 2258 2056 gentium
2317 1972 2478 2060 peri-

340 2075 495 2140 tiam
516 2122 536 2156 ,
565 2095 695 2163 qua
720 2071 805 2137 ad
838 2071 1117 2136 obscure
1144 2073 1310 2136 facta
1343 2069 1572 2135 alludit
1589 2119 1608 2152 ‚
1633 2093 1780 2158 quoe
1801 2087 2058 2137 tantum
2083 2073 2156 2136 in
2189 2074 2476 2154 ejusdem

338 2181 535 2246 literis
580 2178 972 2258 indicantur,
1018 2177 1219 2265 magis
1260 2177 1460 2241 mirer
1477 2225 1496 2259 ‚
1538 2199 1734 2266 quam
1771 2175 2064 2265 quadam
2099 2196 2216 2244 aut
2253 2181 2467 2245 minus

335 2310 481 2353 vera
500 2334 521 2371 ,
565 2303 681 2351 aut
722 2306 855 2349 non
906 2284 1105 2347 semel
1144 2282 1354 2364 dicta,
1391 2306 1536 2371 quae
1567 2285 1640 2347 in
1681 2284 2064 2373 glossatores
2111 2302 2230 2349 aut
2261 2310 2472 2375 gram·

336 2394 607 2459 maticos
644 2390 828 2454 facile
866 2386 1119 2452 cadant.
1152 2391 1337 2454 Hanc
1373 2412 1574 2453 unam
1607 2389 1774 2453 inire
1816 2412 2086 2477 possum
2119 2393 2436 2458 rationem
2452 2440 2471 2474 ‚

336 2521 465 2586 qua
494 2496 775 2561 diversas
812 2492 1152 2582 opiniones
1187 2494 1358 2558 inter
1392 2516 1462 2559 se
1499 2494 1892 2584 conjungam
1911 2542 1930 2572 ‚
1969 2513 2085 2561 aut
2123 2498 2346 2563 saltem
2395 2500 2472 2563 al-

340 2603 463 2667 teri
484 2623 625 2665 non
663 2600 939 2663 nimium
968 2598 1185 2665 favere
1211 2599 1452 2663 videar.

424 2708 653 2793 Neque
692 2728 799 2769 me
840 2706 1007 2793 fugit
1040 2722 1362 2793 quantum
1403 2728 1491 2771 eae
1531 2728 1608 2770 ex
1647 2721 1944 2795 tempore
1979 2708 2236 2796 scriptae
2283 2710 2471 2775 anim·

332 2812 742 2878 adversiones
796 2810 1153 2898 quaestione
1210 2811 1444 2899 saepius
1485 2812 1718 2901 agitata
1773 2812 1906 2875 sint
1956 2812 2320 2879 inferiores
2355 2816 2466 2878 Ve-

331 2941 479 2983 rum
512 2932 939 3007 praeterquam
1000 2913 1180 3001 quod
1219 2913 1306 2979 de
1351 2938 1426 2979 ea
1455 2916 1562 2979 vix
1595 2914 1772 3004 apud
1799 2932 2118 2982 nostrates
2147 2936 2302 2983 nota
2327 2918 2465 3007 opi·

334 3024 529 3089 nione
577 3022 825 3112 primus
867 3019 1174 3085 disseruit
1216 3014 1328 3083 vir'
1367 3020 1756 3085 clarissimus
1804 3023 1858 3085 J.
1897 3021 1976 3085 V.
2017 3022 2274 3087 Leolm
2294 3072 2314 3107 ,
2347 3026 2464 3112 ipsi

330 3131 654 3195 fateantur
694 3149 955 3192 necesse
988 3141 1087 3189 est
1114 3146 1251 3191 non
1274 3126 1364 3191 ita
1391 3146 1650 3215 semper
1676 3126 1872 3206 hujus
1908 3143 2100 3193 sectae
2126 3131 2459 3219 magistros

324 3251 389 3300 et
418 3250 715 3299 auctores
742 3230 1107 3297 faventibus
1140 3230 1610 3319 discipulorum
1643 3232 2020 3297 rumoribus
2051 3235 2460 3323 acquievisse.

325 3338 481 3405 Non
504 3354 757 3403 constat
780 3335 943 3425 quid
964 3336 1161 3400 animi
1186 3352 1301 3400 aut
1331 3336 1580 3401 consilii
1601 3336 1798 3401 fuerit
1815 3336 2229 3421 MarklandO,
2259 3362 2455 3429 quum

322 3444 485 3518 alius
518 3442 957 3532 disputatione
990 3442 1057 3504 in
1097 3442 1302 3505 risum
1339 3456 1405 3503 et
1431 3440 1655 3521 jocum
1687 3464 1903 3524 versa,
1963 3443 2288 3509 similibus
2337 3445 2454 3510 cri·

328 3551 471 3615 ticae
500 3548 753 3638 legibus
782 3545 867 3610 ad
896 3535 1019 3611 alia
1046 3568 1243 3634 opera
1268 3544 1601 3629 traductis,
1632 3548 1954 3613 orationes
1989 3549 2324 3616 Ciceronis
2345 3572 2452 3639 pro

326 3656 499 3721 Sulla
514 3704 533 3731 ‚
552 3676 675 3744 pro
688 3652 967 3732 Milone,
985 3672 1107 3738 pro
1124 3648 1326 3716 Coelio
1341 3696 1360 3731 ,
1384 3672 1506 3738 pro
1531 3651 1806 3717 Murena
1821 3700 1840 3729 ‚
1859 3674 1980 3741 pro
2012 3655 2282 3739 Flacco,
2305 3655 2449 3721 duas

326 3784 405 3827 ex
438 3758 847 3840 Catilinariis,
896 3755 1063 3821 duos
1091 3757 1291 3821 libros
1318 3758 1828 3823 Tusculanarum
1845 3806 1864 3841 ,
1901 3776 2047 3824 tum
2082 3762 2276 3827 etiam
2306 3760 2449 3825 duas

324 3864 670 3930 Tillotsoni
716 3862 1065 3927 conciones
1078 3909 1097 3943 ,
1135 3884 1334 3925 unam
1357 3863 1717 3927 Atterburii
1762 3863 2147 3931 labefactare
2187 3883 2256 3931 et
2309 3888 2449 3931 eon·

320 3968 549 4035 vellere
586 3968 873 4036 tentavit.
897 3965 1129 4053 Neque
1144 3988 1302 4031 sane
1325 3966 1639 4035 Wolfium
1671 3966 2010 4036 delectavit
2029 4020 2050 4057 ,
2083 3973 2269 4062 quod
2291 3990 2446 4039 unus
