2594 4537
853 302 1428 371 EXCURSUS
1475 304 1559 367 V.
2132 296 2276 369 635

142 435 365 485 terest.
414 420 543 485 Sed
590 420 771 510 quod
816 425 947 487 sine
987 424 1243 511 porticu
1291 422 1520 489 maluit
1535 470 1554 503 ,
1598 446 1793 512 quam
1839 427 1966 485 sine
1989 424 2240 509 postico
2255 470 2276 504 ,

142 526 527 591 Vitruviana
546 525 891 616 descriptio
906 527 1059 593 oedis
1076 530 1440 618 peripterae,
1457 530 1510 593 si
1535 536 1710 593 recte
1731 528 2041 617 intellige,
2059 544 2280 616 aperte

142 650 489 721 repugnat.
522 634 821 721 Denique
831 634 1033 722 sacta
1061 634 1129 698 in
1162 636 1450 699 Marcelli
1496 650 1926 699 monumento
1962 650 2170 715 recte,
2206 634 2274 698 in

144 738 445 803 Mariano
464 784 484 819 ‚
508 738 693 818 cujus
728 740 883 803 cella
915 756 1054 803 erat
1072 762 1238 822 una,
1258 741 1620 805 necessario
1651 738 1909 804 dicitur.
1942 739 2150 803 Locus
2181 755 2282 802 est

144 842 314 907 alter
338 844 405 907 in
430 844 688 933 septimi
711 844 859 909 libri
887 846 1226 935 prooemi0,
1252 869 1321 910 n.
1341 870 1444 933 17,
1469 844 1552 910 de
1574 847 1650 911 C.
1665 843 1888 909 Mucio
1908 844 2284 924 architecto,

152 976 181 1003 ο
200 948 315 1035 qui
338 970 572 1037 magna
598 950 869 1015 scientia
894 950 1177 1017 confisus
1210 952 1380 1016 aedes
1427 950 1712 1015 Honoris
1755 966 1820 1014 et
1843 949 2116 1016 Virtutis
2140 950 2283 1013 Ma-

146 1054 349 1117 rianae
380 1054 585 1136 cellae,
622 1058 1208 1144 columnarumque
1236 1057 1554 1144 (externae
1590 1054 1916 1144 porticus)
1947 1071 2012 1121 et
2048 1056 2288 1142 episty-

148 1160 393 1225 liorum
423 1164 827 1249 symmetrias
870 1164 1171 1253 legitimis
1216 1165 1372 1230 artis
1415 1164 1727 1229 institutis
1769 1162 2041 1251 perfecit
2061 1192 2110 1227 ».
2159 1164 2284 1227 Le-

153 1266 445 1354 gendum
480 1290 643 1351 csse,
680 1300 707 1325 ·ι
746 1268 899 1334 aedis
926 1272 1213 1335 Honoris
1240 1288 1306 1335 et
1339 1270 1616 1335 Virtutis
1653 1270 1956 1337 Marianae
1989 1267 2288 1350 cellam»,

151 1386 289 1439 tam
320 1388 421 1437 est
449 1374 897 1462 perspicuum,
923 1392 999 1440 ut
1028 1368 1285 1441 nonita
1311 1377 1446 1457 jam
1477 1374 1726 1441 editum
1760 1374 1944 1439 valde
1977 1375 2194 1439 mirer.

240 1478 305 1554 4.
348 1478 490 1541 Iam
520 1478 661 1561 his,
712 1495 787 1543 ut
822 1481 1077 1545 animus
1126 1481 1410 1562 ferebat,
1465 1472 1807 1568 expositis,
1855 1478 1938 1543 de
1981 1478 2288 1543 Marianis

152 1583 687 1672 inscriptionibus
738 1586 983 1674 aliquid
1030 1587 1241 1652 1131100
1259 1635 1277 1669 ,
1339 1585 1522 1676 quod
1579 1586 1788 1651 dicam
1851 1585 2284 1666 enucleatius,

152 1710 435 1776 quarum
482 1692 849 1780 exemplum
885 1693 1137 1758 celebre
1174 1694 1279 1757 vix
1326 1692 1488 1759 olim
1523 1692 1874 1783 attigimus„
1922 1690 2094 1759 Illud
2126 1712 2282 1757 vero

154 1816 309 1858 cum
351 1796 581 1861 ceteris
630 1796 953 1875 ejusmodi
995 1798 1304 1863 omnibus
1333 1798 1676 1865 Maffeium
1713 1813 2032 1886 sequutus
2063 1796 2294 1860 Ruhn-

156 1901 389 1967 kenius
422 1902 506 1969 ad
530 1904 883 1988 Velleium,
910 1906 1009 1988 11,
1051 1930 1127 1971 12
1148 1954 1168 1989 ,
1211 1931 1279 1995 p.
1307 1928 1464 1993 109,
1512 1907 2036 1971 commentitium
2071 1904 2291 1969 existi-

157 2010 397 2075 mabat.
452 2009 583 2075 Sed
636 2012 883 2100 optime
934 2012 1041 2076 illa
1096 2014 1318 2077 omnia
1365 2013 1621 2103 egregie
1671 2012 2042 2100 conscripta
2085 2008 2294 2097 elogia

157 2116 535 2183 Morcellius
568 2135 793 2184 noster
822 2119 903 2183 de
935 2121 1105 2208 stylo
1140 2120 1432 2209 inscript.
1459 2142 1605 2209 pag.
1638 2117 1760 2184 155
1779 2168 1798 2199 ‚
1849 2118 2029 2183 0111111
2062 2117 2292 2181 liberat

157 2224 560 2314 suspicione,
598 2248 729 2316 qua
760 2242 1001 2294 temere
1025 2227 1521 2293 damnabantur.
1551 2227 1718 2292 Nam
1751 2226 1980 2292 statuis
2003 2224 2294 2290 virorum

101 2357 107 2364 ·
157 2331 509 2396 illustrium
550 2336 882 2422 Augustus
920 2357 995 2399 ea
1032 2336 1099 2398 in
1134 2336 1279 2399 foro
1323 2357 1446 2399 suo
1493 2331 1958 2398 subscribenda
2003 2331 2292 2396 curavit:

159 2437 513 2525 municipia
576 2439 817 2505 deinde
883 2439 1079 2504 Italiae
1142 2439 1692 2529 descriptionibus
1763 2436 2296 2526 multiplicarunt.

158 2541 529 2608 Marianum
579 2545 709 2611 hoc
742 2545 977 2610 Arretii
1022 2569 1287 2634 quoque
1325 2563 1392 2610 et
1421 2545 1696 2610 Arimini
1726 2543 2034 2609 exstabat.
2074 2543 2298 2606 Romae

158 2669 318 2711 vero
360 2648 497 2714 duo
542 2667 701 2716 sunt
734 2649 1013 2716 duarum
1049 2652 1304 2716 basium
1351 2651 1599 2740 prolata
1641 2651 2002 2740 fragmenta
2017 2695 2036 2728 ,
2082 2671 2118 2712 0
2151 2647 2298 2712 foro

158 2769 377 2818 tamen
410 2755 686 2842 Augusti
720 2773 1049 2820 neutrum.
1084 2759 1200 2822 Est
1235 2759 1412 2821 enim
1443 2757 1720 2822 alterum
1757 2755 2142 2846 grandibuS,
2171 2751 2300 2816 ele-

160 2858 597 2948 gentibusque
640 2860 869 2942 literis,
910 2862 1135 2950 quales
1164 2863 1422 2944 Trajani
1464 2880 1760 2950 tempore
1808 2859 2300 2938 incidebantur,

160 2981 241 3028 ut
278 2963 345 3027 in
383 2964 593 3045 hujus.
629 2967 776 3030 foro
824 2965 1013 3030 aliam
1062 2969 1135 3030 C.
1170 2967 1358 3032 Marii
1399 2983 1676 3031 statuam
1709 2964 2066 3029 dedicatam
2103 2962 2302 3026 fuisse

162 3068 501 3160 significet.
543 3071 777 3159 Neque
818 3074 993 3137 enim
1024 3073 1316 3160 ampliari
1353 3088 1688 3160 tantopere
1731 3071 1801 3134 in
1845 3070 1990 3158 ipso
2021 3065 2302 3156 Augusti

165 3179 313 3242 foro
347 3177 518 3242 basis
556 3179 773 3267 potuit
806 3202 975 3245 nova
991 3230 1008 3256 ‚
1047 3203 1255 3269 quum
1307 3196 1578 3269 propter
1621 3192 1981 3242 statuarum
2015 3174 2306 3238 multitu·

165 3282 387 3348 dinem
411 3331 430 3365 ,
460 3300 538 3348 ut
592 3283 927 3351 adnotavit
962 3284 1366 3368 Morcellius,
1408 3286 1601 3350 etiam
1641 3285 1810 3348 binae
1867 3304 1998 3346 una
2047 3281 2115 3344 in
2163 3279 2302 3344 basi

166 3390 598 3456 constiterint.
634 3391 983 3472 Traianum
1022 3409 1244 3457 autem
1279 3409 1530 3456 veteres
1564 3391 1789 3454 titulos
1823 3386 2308 3477 diligentissime

168 3517 610 3580 conservasse,
664 3498 765 3562 vel
799 3521 933 3564 una
984 3498 1125 3563 haec
1167 3497 1318 3562 satis
1357 3513 1631 3562 testatur
1673 3494 2010 3582 inscriptio
2045 3491 2308 3556 Gruter.

171 3601 375 3683 CXC,
420 3604 509 3679 4:
566 3602 660 3668 M.
702 3603 1250 3669 CALPVRNIVS.
1306 3603 1398 3667 M.
1450 3605 1525 3668 F.
1576 3601 1789 3667 PISO.
1844 3598 2131 3664 FRVGI.
2177 3596 2304 3660 PR.

170 3705 312 3769 Ex.
352 3706 415 3770 S.
446 3709 521 3771 C.
558 3709 1091 3774 FAGIVNDVM.
1135 3709 1536 3774 CVRAVIT.
1589 3705 2064 3791 EIDEMQVE.
2105 3701 2308 3766 PRO·

172 3811 450 3876 BAVIT.
512 3812 688 3879 IMP.
752 3816 1101 3882 CAESAR.
1163 3816 1370 3880 DIVI.
1443 3814 1809 3879 NERVAE.
1863 3813 1934 3875 F.
1996 3807 2310 3874 NERVA.

170 3916 628 4001 TRAIANVS,
668 3937 790 3985 etc.
840 3921 1276 3988 OPERIBVS.
1321 3920 1799 3987 AMPLIATIS.
1841 3915 2308 3982 RESTITVIT.

180 4023 643 4112 Fragmentum
666 4027 797 4090 hoc
836 4027 905 4090 in
936 4027 1185 4093 aedibus
1218 4029 1568 4117 Pomponii
1607 4027 1764 4090 Laeti
1787 4025 1950 4090 vidit
1989 4023 2272 4088 Smetius
2294 4067 2313 4100 ,
