2594 4537
305 260 445 358 570
929 262 1024 331 M.
1075 262 1152 331 T.
1207 260 1781 332 CICERONIS

303 380 577 455 Racillii
625 380 994 454 beneficiis
1015 378 1044 427 ⁵
1091 379 1311 453 fnisse
1362 393 1809 453 contentum.
1840 384 1953 451 An
1986 402 2165 453 vero
2194 396 2466 479 putas,

297 492 578 589 judices
621 492 888 564 idcirco
931 497 1172 564 minus
1215 516 1379 565 mea
1426 514 1633 563 causa
1682 490 2034 577 facturoS,
2078 492 2297 589 quod
2344 516 2465 564 me

303 628 458 677 esse
495 619 778 703 gratum
819 604 1266 677 crimineris?
1306 625 1437 692 an,
1474 624 1704 701 quum
1747 599 2067 701 populus
2094 626 2463 674 romanus

301 714 430 784 illo
471 714 1131 801 senatusconsultO,
1169 712 1375 811 quod
1412 715 1487 783 in
1524 724 2005 784 monumento
2030 709 2303 782 Μαι-ΞΝ
2346 710 2459 783 fa·

303 838 504 895 ctum
543 837 650 894 est
667 874 686 907 ‚
723 846 876 920 quo
913 846 1072 895 mea
1107 824 1301 895 salus
1340 822 1683 901 omnihus
1726 837 1835 895 est
1873 821 2215 920 gentibus
2256 846 2457 894 com-

307 930 639 1004 mendata
659 988 678 1021 ,
727 938 859 1003 uni
905 937 1037 1006 Cn.
1085 934 1376 1006 Plancio
1418 938 1678 1033 gratias
1714 935 1944 1031 egerit
1980 933 2215 1028 (unus
2248 937 2453 1004 enim

303 1040 442 1114 fuit
483 1042 576 1115 de
611 1044 1144 1142 magistratibus
1159 1056 1216 1133 ⁷,
1249 1043 1591 1116 defensor
1622 1044 1868 1117 salutis
1906 1036 2151 1129 meae⁸,
2180 1046 2311 1113 cui
2338 1067 2451 1113 se·

305 1166 518 1225 natus
561 1176 698 1251 pro
735 1178 854 1227 me
897 1158 1156 1251 gratias
1194 1154 1509 1253 agendas
1552 1156 1913 1254 putavit),
1960 1154 2029 1225 ei
2074 1176 2215 1251 ego
2250 1176 2299 1224 a
2330 1178 2455 1225 me

304 1260 756 1335 referendam
801 1270 1098 1363 gratiam
1149 1288 1301 1339 non
1342 1266 1645 1364 putem?
1672 1266 1936 1363 Atqui,
1976 1262 2175 1334 haec⁹
2210 1286 2449 1360 quum

305 1372 538 1459 vide5‚
585 1398 742 1471 quo
785 1398 901 1447 me
927 1375 1234 1461 ,tandem
1275 1378 1519 1449 animo
1561 1379 1639 1447 in
1664 1390 1739 1448 te
1768 1388 1979 1475 putas
2016 1398 2197 1461 esse,
2228 1378 2449 1447 Late-

301 1486 582 1557 rensis?
623 1485 855 1557 ullum
899 1510 1052 1559 esse
1099 1502 1385 1559 tantum
1424 1486 1827 1586 periculum
1848 1542 1871 1573 ,
1914 1501 2199 1559 tantum
2238 1486 2451 1559 labo-

303 1619 458 1666 rem
475 1646 496 1683 ,
527 1609 798 1667 tantam
833 1598 1377 1669 contentionem
1395 1651 1415 1686 ,
1452 1621 1671 1695 quam
1702 1620 1841 1694 ego
1870 1618 2021 1667 non
2048 1592 2279 1667 modo
2312 1620 2449 1693 pm

303 1704 530 1775 salute
567 1720 732 1791 tua,
779 1706 906 1779 sed
945 1711 1160 1779 etiam
1203 1732 1336 1805 pro
1380 1706 1726 1805 dignitate
1770 1705 2241 1803 defugerem?
2274 1706 2450 1795 Quo

305 1812 602 1911 quidem
637 1814 850 1887 etiam
879 1818 1101 1912 magis
1129 1842 1292 1889 sum
1310 1872 1331 1903 ,
1360 1843 1513 1889 non
1550 1816 1787 1889 dicam
1814 1818 2030 1889 miser
2058 1816 2277 1912 (nam
2308 1816 2451 1889 hoc

305 1922 602 2019 quidem
629 1924 975 1997 abhorret
1001 1952 1042 1998 a
1073 1929 1339 2000 virtute
1360 1938 1423 1971 ¹0
1451 1926 1831 2018 verbum),
1858 1926 1987 1999 sed
2014 1939 2213 1999 certe
2240 1948 2449 1997 exer·

301 2035 486 2105 citus
514 2062 529 2104 :
572 2059 722 2106 non
757 2038 927 2132 quia
962 2038 1205 2109 multis
1241 2037 1479 2109 debeo
1508 2038 1708 2135 (leve
1754 2038 1949 2109 enim
1981 2057 2171 2110 onus
2196 2048 2283 2125 ¹¹,
2316 2034 2449 2108 be·

301 2142 541 2243 neficii
577 2146 886 2242 gratia),
929 2146 1052 2218 sed
1093 2149 1262 2245 quia
1301 2172 1487 2247 saepe
1528 2150 1934 2237 concurrit,
1978 2162 2285 2247 propter
2316 2148 2451 2220 ali-

303 2279 621 2352 quorum
673 2254 764 2328 de
805 2281 924 2329 me
967 2260 1394 2330 meritorum
1440 2260 1628 2332 inter
1662 2264 1859 2359 ipsos
1896 2260 2449 2342 contentiones»,

305 2380 385 2436 ut
435 2365 690 2438 eodem
745 2383 1074 2466 tempore
1127 2372 1202 2440 in
1247 2394 1505 2442 omnes
1548 2393 1799 2442 verear
1846 2394 1942 2440 ne
2000 2374 2121 2439 vix
2170 2369 2445 2466 possim

299 2492 546 2569 gratus
577 2476 824 2548 videri.
855 2479 1006 2550 ‘Sed
1044 2503 1178 2576 ego
1207 2480 1351 2551 hoc
1381 2491 1441 2523 ¹²
1486 2482 1662 2551 meis
1694 2473 2144 2577 ponderibus
2180 2481 2447 2550 exami-

301 2582 536 2672 nabo,
587 2607 738 2655 non
797 2588 1032 2658 solum
1086 2588 1267 2687 quid
1326 2591 1595 2688 cuique
1653 2589 2003 2675 debeam,
2052 2588 2179 2660 sed
2230 2591 2445 2662 etiam

302 2693 480 2789 quid
527 2693 882 2792 cujusque
925 2699 1206 2770 intersit
1235 2753 1253 2786 ‚
1304 2715 1379 2772 et
1417 2699 1597 2797 quid
1636 2726 1677 2771 a
1714 2724 1829 2772 me
1866 2701 2225 2799 cujusque
2260 2714 2447 2772 tem·

307 2825 444 2898 pus
479 2819 746 2902 poscat.

399 2921 724 2989 XXXIII.
772 2920 1026 3016 Agitur
1071 2919 1394 2992 studium
1436 2935 1679 3006 tuum,
1730 2921 1846 2992 vel
1898 2923 2155 3011 etiam,
2198 2923 2259 2991 si
2296 2923 2447 3007 vis,

304 3029 732 3100 existimatio
758 3082 778 3117 ,
818 3028 1008 3116 laus,
1043 3031 1341 3103 aedilitas
1362 3043 1381 3076 ¹
1416 3059 1431 3103 :
1470 3048 1541 3103 at
1583 3037 1717 3103 Cn.
1760 3030 2025 3103 Plancii
2062 3031 2287 3120 salus,
2332 3056 2451 3130 pa-

307 3178 442 3244 quod
463 3179 522 3228 A.
547 3180 733 3239 Maius,
757 3197 808 3244 p.
834 3197 957 3240 172,
977 3181 1142 3230 multis
1161 3193 1333 3231 aucto-

305 3259 527 3307 ritatibus
550 3259 786 3308 defendit.
815 3261 865 3308 J.
884 3263 948 3308 V.
975 3262 1034 3310 L.

375 3339 427 3385 6.
449 3341 510 3385 In
535 3349 848 3386 monumento
871 3339 1038 3391 Marii.
1066 3340 1127 3390 ld
1155 3353 1228 3390 eat
1243 3377 1258 3400 ‚
1278 3342 1333 3390 in

307 3416 493 3482 templo
539 3417 1044 3478 Honoris-Virtutis,
1097 3421 1232 3484 qnod
1272 3422 1355 3492 Ο..

303 3499 488 3546 Marius
502 3497 712 3561 Arpinas
735 3497 797 3546 de
823 3498 997 3563 spolii·
1021 3499 1332 3550 Cimbrorum

303 3577 558 3625 exstruxit.
577 3576 695 3626 vid.
717 3593 810 3642 pro
833 3577 1028 3636 Sextio,
1053 3579 1136 3636 54.

377 3675 426 3718 7.
466 3655 548 3706 Al.
581 3655 682 3704 -de
718 3673 784 3704 m.
811 3668 894 3705 aut
919 3673 1012 3722 pro
1043 3674 1172 3722 mag.
1195 3681 1220 3701 ι.

379 3737 428 3785 8.
482 3735 728 3802 Defensor
766 3737 940 3786 salutis
977 3753 1118 3788 ηοω.
1164 3741 1331 3804 Quum

306 3827 598 3879 quattu-am
615 3816 666 3863 in
688 3817 976 3866 Macedonia
995 3829 1196 3882 gereret.

378 3907 426 3954 9.
454 3893 536 3942 Al.
564 3911 672 3942 eum
692 3912 742 3958 q.
761 3913 814 3944 v.
830 3897 879 3944 J.
899 3899 964 3945 V.
989 3900 1044 3946 1..

383 3985 461 4019 xo.
503 3971 612 4020 Non
647 3973 808 4023 dicam
838 3975 1002 4024 miser.
1023 4010 1035 4022 .
1059 4011 1070 4022 .
1101 3977 1333 4026 abhorret

1420 3200 1457 3231 a
1480 3181 1673 3232 vimen.
1701 3185 1841 3232 Hanc
1863 3184 2155 3232 sententiam
2178 3184 2449 3232 secundun

1421 3263 1535 3312 ilios
1565 3263 1887 3326 philosopho·
1920 3262 2088 3310 intulit
2106 3299 2121 3324 ,
2160 3265 2249 3328 qui
2282 3265 2449 3312 existi-

1422 3352 1675 3390 maverunt
1686 3357 1877 3405 semper
1888 3340 2171 3390 bmoseane
2182 3343 2427 3406 napinam
2436 3379 2449 3398 ‚

1422 3437 1685 3484 numquam
1712 3420 1941 3479 miseran
1968 3436 2026 3467 ac
2053 3420 2096 3468 si
2116 3421 2243 3484 quid
2260 3421 2449 3470 adveni

1420 3500 1745 3566 prudentibus
1763 3499 1977 3548 evenioet
1988 3533 2005 3558 ,
2022 3515 2125 3548 non
2138 3516 2338 3565 poeunm
2356 3515 2448 3548 ιιι·

1420 3580 1494 3646 giu
1506 3613 1521 3636 ‚
1545 3591 1595 3628 et
1614 3579 1955 3638 calamitatem,
1974 3593 2123 3642 qnam
2142 3578 2447 3628 unciario·

1418 3675 1531 3708 nem
1552 3675 1657 3708 esse
1678 3659 1905 3708 fortuna.

1496 3753 1577 3787 ιι.
1604 3736 1872 3787 Levemim
1888 3753 2031 3786 ones.
2056 3738 2229 3786 Bam.
2256 3749 2307 3786 et
2330 3735 2447 3786 eod.

1418 3821 1585 3868 Garat.
1614 3839 1641 3861 ιι
1660 3816 1765 3866 leve
1790 3818 1921 3868 enim
1944 3826 2019 3864 est
2045 3831 2173 3865 onus
2190 3839 2237 3864 ι.

1496 3913 1555 3946 12
1566 3933 1577 3945 .
1599 3897 1699 3946 Sed
1710 3913 1803 3962 ego
1820 3896 1927 3944 boc.
1943 3897 2107 3944 Bavar.
2124 3895 2216 3944 sed
2226 3909 2315 3962 qo
2330 3893 2445 3942 hm.

1490 3979 1735 4027 xxxm.
1758 3993 1807 4026 1.
1832 3979 1993 4038 Lam,
2014 3973 2245 4026 aedila‘eas.
2272 3976 2445 4024 Effun-
