2594 4537
590 286 984 355 ORATIO
1034 288 1237 355 PRO
1288 288 1592 357 DOMO
1643 290 1857 359 SUA.
2153 286 2296 361 353

119 404 501 479 utendum
524 402 660 480 fuit
670 404 729 494 ⁶,
748 431 901 504 quo
922 407 1043 479 ille
1066 422 1364 481 auctore
1385 419 1411 465 ⁷
1438 423 1637 482 extra
1659 412 1996 483 ordinem
2017 411 2295 485 bellum

118 542 311 589 cum
344 515 763 589 Mithridate
800 521 1257 616 Tigraneque
1293 522 1533 616 gessit.

162 689 167 698 .
234 626 383 699 Sed
424 652 593 699 cum
647 626 785 698 illis
838 644 1085 700 tamen
1138 653 1441 727 possum
1481 630 1755 727 aliquid
1783 628 1812 675 ⁸
1860 630 2228 730 disputare
2269 662 2288 704 ε

122 750 263 809 tua
294 761 469 809 vero
494 761 657 835 quoe
690 750 887 809 tanta
923 737 1374 836 impudentia
1412 754 1559 823 est,
1597 756 1679 813 ut
1707 741 1974 813 audeas
2001 742 2242 816 dicere
2263 800 2286 834 ,

124 864 346 919 extra
372 847 705 920 ordinem
728 848 881 919 dari
910 848 1091 919 nihil
1120 851 1457 947 cuiquam
1488 852 1871 949 oportere?
1902 855 2029 950 qui
2061 878 2294 951 quum

121 959 297 1056 lege
318 958 611 1033 nefaria
646 959 1156 1055 Ptolemaeum,
1192 983 1444 1057 regem
1481 962 1742 1059 Cypri,
1779 959 2075 1033 fratrem
2103 964 2292 1061 regis

124 1068 643 1154 Alexandrini,
666 1067 925 1141 eodem
943 1071 1109 1165 jure
1127 1078 1159 1125 9
1186 1083 1612 1166 regnantem
1629 1123 1649 1158 ,
1668 1094 1880 1143 causa
1899 1073 2286 1171 incognita,

124 1176 704 1276 publicassesw,
768 1180 1275 1278 populumque
1335 1203 1718 1253 romanum
1777 1181 2044 1255 scelere
2099 1182 2292 1255 obli..

122 1312 412 1386 gasses;
450 1312 683 1387 quum
715 1292 791 1362 in
824 1290 983 1385 ejus
1017 1314 1328 1387 regnum
1351 1345 1371 1377 ,
1408 1288 1642 1377 bona,
1680 1290 2046 1379 fortunam,
2072 1294 2290 1367 latro-

126 1400 487 1471 cinium¹¹
530 1399 754 1495 hujus
796 1401 1082 1499 imperii
1118 1401 1562 1489 immisisses»,
1606 1402 1811 1498 cujus
1840 1427 2009 1475 cum
2041 1420 2286 1503 patre,

126 1535 271 1581 avo
292 1562 313 1598 ,
382 1509 777 1605 majoribus
832 1515 1134 1583 societas
1190 1510 1404 1583 nobis
1459 1526 1532 1583 et
1603 1514 1914 1583 amicitia
1969 1512 2223 1587 fuisset
2267 1542 2284 1585 ε

126 1620 358 1717 hujus
400 1625 726 1719 pecuniae
778 1622 1278 1721 deportandae,
1333 1638 1444 1714 et,
1498 1624 1557 1693 si
1593 1625 1838 1719 quis¹²
1898 1648 2113 1695 suum
2160 1623 2290 1697 de-.

126 1728 468 1802 senderet
490 1786 509 1819 ,
538 1731 736 1803 hello
764 1732 1087 1830 gerendo
1114 1734 1211 1803 M.
1238 1736 1594 1804 Catonem
1623 1732 2019 1830 praefecisti.
2045 1736 2290 1823 DiceS‚

129 1864 359 1937 quem
416 1842 705 1913 virum?
750 1844 1277 1915 sanctissimum
1316 1897 1336 1931 ,
1400 1842 2048 1940 prudentissimum
2069 1902 2090 1937 ,
2137 1845 2288 1919 for-

129 1951 499 2023 tissimum
518 2006 537 2040 ,
568 1955 1079 2025 amicissimum
1109 1951 1564 2051 reipublicae,
1591 1954 1858 2027 virtute
1879 2009 1898 2041 ,
1935 1958 2236 2029 consilio
2265 2011 2286 2045 ,

129 2064 422 2134 ratione
448 2060 686 2133 vitae¹³
704 2115 723 2151 ,
746 2061 1057 2135 mirabili
1083 2060 1173 2135 ad
1197 2060 1484 2135 laudem
1511 2114 1531 2149 ,
1561 2076 1633 2133 et
1659 2087 1893 2161 prope
1915 2065 2286 2162 singulari.

131 2272 245 2321 dem
272 2284 546 2338 sequuntur
574 2275 729 2335 viarm
758 2275 898 2340 qnod
924 2275 1019 2326 sibi
1050 2292 1170 2324 con-

132 2365 283 2403 Stant·

1257 2273 1523 2338 disputare.
1554 2271 1678 2321 Cum
1705 2271 1796 2331 iis,
1828 2271 1912 2335 qui
1939 2273 2219 2337 probabiles
2237 2286 2288 2324 et

1256 2351 1503 2417 speciosas
1535 2351 1767 2415 quasdam
1803 2353 2015 2400 rationes
2041 2352 2254 2403 afferunt
2271 2390 2286 2417 ,

205 2435 263 2483 6.
290 2433 401 2496 Qua
426 2431 549 2482 mihi
569 2449 765 2498 quoque
796 2434 1028 2482 utendum
1044 2431 1167 2498 ficit.
1258 2431 1506 2496 disputare
1524 2446 1726 2496 possum
1749 2451 1760 2477 z
1791 2430 1955 2479 Clodii
1977 2448 2098 2481 vero
2125 2433 2287 2499 impu·

138 2516 267 2562 Tum
294 2515 425 2562 enim
462 2513 717 2564 Lucullum
736 2548 751 2572 ,
786 2527 837 2565 et
871 2515 993 2564 elio·
1037 2529 1169 2562 com·

132 2593 301 2656 plures
325 2593 549 2656 Pompeii
575 2594 926 2644 obtrectatores
949 2593 1137 2641 habuit.

208 2689 259 2732 7.
290 2673 396 2733 Quo
434 2673 517 2721 ille
559 2685 779 2723 auctore.
824 2675 993 2737 Quum
1036 2674 1165 2720 enim

132 2750 214 2798 lex
234 2751 441 2799 Manilia
460 2751 520 2800 de
546 2751 677 2801 bello
702 2751 1043 2802 Mithridatico
1066 2753 1163 2801 ser·

134 2841 273 2878 retur
289 2862 306 2890 ,
335 2831 509 2880 Cicero
545 2847 651 2880 eam
685 2834 849 2882 sunsit.
878 2835 945 2881 Hi
969 2832 1167 2898 proprie

136 2933 161 2952 u
175 2922 403 2970 unctores
424 2911 587 2976 legum
606 2933 629 2952 n
672 2911 974 2972 dicebantur,
1008 2924 1059 2961 et
1084 2929 1168 2964 ex.-

136 3001 231 3037 κιαι
254 2990 431 3037 oratio.
459 3017 533 3026 -
561 2989 693 3038 Male
712 2991 969 3039 Manilium
996 3002 1164 3042 aucto-.

136 3085 239 3116 rem
274 3068 396 3132 legia
434 3079 581 3117 vocat
618 3068 911 3128 Lambiuuu
947 3069 1029 3117 ille
1072 3070 1167 3120 fuit

138 3148 259 3211 legis
286 3149 429 3195 istius
447 3147 574 3196 lator
588 3183 604 3206 ,
640 3147 813 3197 Cicero
838 3164 955 3196 vero
976 3160 1165 3208 auctor,

139 3229 227 3291 qui
265 3227 433 3276 suasit.
474 3229 557 3276 Sic
595 3227 725 3276 enim
755 3221 1059 3287 dicebantur,
1079 3224 1166 3292 (ini

138 3305 297 3370 legem
347 3305 618 3357 suadebant
664 3307 1016 3372 promulgatam
1069 3323 1165 3371 po·

137 3386 280 3452 pulo.
319 3385 425 3434 Cic.
452 3385 513 3433 de
532 3387 678 3450 Legg.
702 3389 773 3435 111
799 3400 811 3434 :
860 3408 885 3428 α
900 3389 1071 3450 Itaque
1094 3385 1168 3434 illi

138 3466 319 3514 rationi
344 3481 503 3528 neque
526 3466 651 3514 lator
672 3467 924 3530 quisquam
944 3467 1168 3514 inventus

140 3557 209 3594 eet
229 3581 245 3606 ,
300 3560 395 3593 nec
444 3555 618 3594 auctor
665 3562 897 3608 umquam
938 3545 1101 3594 bonus
1124 3567 1165 3592 a.

138 3627 341 3674 Sueten.
390 3625 513 3674 Caes.
556 3623 654 3673 16:
685 3647 709 3666 α
730 3624 931 3673 Caecilio
964 3622 1168 3673 Metello

140 3704 255 3752 trib.
275 3701 435 3767 plebis
458 3691 897 3754 turbulentissimas
923 3703 1055 3768 legen
1080 3701 1167 3751 ad-

139 3798 307 3830 versus
348 3781 647 3848 collegarum
687 3783 1057 3832 intereeeeIones
1092 3782 1169 3829 fe·

138 3863 267 3910 remi
280 3895 297 3920 ,
313 3873 567 3910 auctorem
585 3873 1097 3927 propugnatoremque
1120 3875 1171 3908 ne

140 3940 526 4003 pertinacissime
552 3941 781 4006 prestitit
794 3963 835 3988 ιι.

214 4020 265 4066 8.
288 4019 408 4068 Cum
436 4018 536 4068 illis
566 4031 731 4068 taenea
747 4036 957 4088 possum
985 4017 1178 4084 aliquid

292 4107 415 4176 IV.
460 4125 549 4170 Cic.
566 4139 681 4190 pars
700 4123 917 4170 secunda.

1255 2515 1472 2564 dentiam
1499 2516 1622 2564 ferre
1637 2530 1743 2563 nou
1762 2531 1978 2581 poenum.

1327 2612 1380 2658 9.
1431 2595 1620 2643 Eodem
1653 2593 1788 2660 jure.
1841 2596 2147 2646 Hereditario
2163 2631 2180 2660 ,
2223 2615 2286 2647 ex

1254 2685 1456 2738 paterna
1497 2674 1836 2733 successione;
1866 2677 2028 2722 socius
2059 2687 2219 2725 antem
2254 2694 2285 2725 ει

1254 2763 1428 2801 senatu
1451 2752 1672 2802 nondum
1689 2763 1792 2799 erat
1819 2754 2107 2818 appellatus.

1333 2847 1416 2884 ιο.
1441 2832 1763 2882 Public-asses.
1793 2831 1996 2882 Clodius
2020 2833 2177 2898 legem
2203 2845 2284 2884 tu-

1251 2912 1376 2962 lerat
1395 2945 1412 2973 ,
1435 2921 1492 2959 ut
1515 2911 1669 2974 Cypri
1698 2925 1900 2973 regnum
1914 2944 1930 2970 ,
1958 2912 2280 2977 universaque

1254 3006 1368 3055 gaza
1405 2989 1536 3054 regia
1577 2987 1937 3052 publicaretur:
1983 2991 2034 3038 in
2065 2993 2200 3040 Sext.
2231 3003 2282 3041 et

1251 3069 1388 3134 apud
1413 3070 1564 3118 Dion.
1591 3068 1678 3116 lib.
1702 3069 1994 3117 xxxvnl.

1335 3163 1354 3196 ι
1369 3165 1390 3196 1
1403 3182 1414 3195 .
1445 3146 1799 3196 Latrocinium.
1815 3147 1982 3195 Scelus
1999 3147 2122 3197 illud
2141 3150 2282 3214 quod

1252 3228 1448 3292 imperii
1487 3243 1609 3276 rom.
1645 3226 1844 3276 nomine
1886 3229 2126 3278 commisit
2164 3229 2281 3278 Clo-

1255 3309 1365 3356 dius
1393 3309 1666 3368 contraius
1695 3319 1746 3356 et
1774 3307 1846 3356 sas
1863 3307 1994 3356 socii
2031 3311 2157 3374 regis
2185 3310 2281 3359 bo-

1254 3388 1334 3436 nis
1359 3387 1636 3451 occupatis,
1667 3403 1778 3434 vere
1815 3387 1910 3434 fuit
1940 3386 2280 3448 latrocinium,

1254 3483 1414 3531 neque
1443 3466 1615 3514 durius
1646 3466 1840 3514 videtur
1879 3467 2078 3515 verbum
2097 3503 2112 3528 ,
2131 3485 2284 3533 quum

1254 3546 1311 3594 iu
1337 3557 1584 3594 auctorem
1615 3544 1736 3607 legis
1766 3557 1936 3594 contra
1969 3547 2285 3604 Ptolemaeum

1258 3640 1405 3673 omne
1425 3623 1622 3674 recidat.
1648 3624 1886 3672 Gruterus
1903 3625 2049 3672 habet
2061 3625 2286 3689 patroci-

1257 3705 1394 3753 nium
1409 3739 1424 3761 ,
1447 3702 1583 3768 quod
1609 3701 1874 3752 absurdum
1895 3715 1986 3752 eet.
2039 3721 2046 3728 ·

1337 3798 1416 3831 υ.
1469 3781 1522 3829 Si
1569 3779 1698 3845 quis.
1739 3782 1871 3830 Olim
1910 3805 1935 3825 α
1957 3783 2000 3830 ei
2049 3784 2157 3846 quie
2203 3784 2285 3844 ius

1259 3879 1402 3910 ouum
1415 3883 1440 3903 a·
1453 3896 1468 3923 ,
1486 3859 1623 3925 quod
1642 3860 1840 3910 retineri
1857 3873 2070 3926 poterat.
2089 3865 2286 3914 Frustra

1260 3940 1482 3991 anbiu.
1502 3940 1624 4004 legit
1643 3939 1688 3987 si
1711 3938 1768 3988 is.

1341 4021 1423 4068 13.
1442 4019 1570 4076 Alii,
1602 4039 1624 4062 ι
1642 4017 1858 4078 ratione,
1876 4018 1974 4067 vita
1991 4041 2042 4068 a.

2003 4105 2096 4177 23
