2594 4537
587 303 971 373 ORATIO
1018 303 1231 374 PRO
1279 305 1360 372 L.
1412 301 1843 388 FLAcco.
2139 265 2280 374 ‘155

136 421 305 496 sidii
342 447 559 497 causa
580 425 891 496 classem
925 424 1212 512 hahuit,
1256 426 1420 520 quis
1456 424 1592 494 erit
1625 429 1769 494 tam
1802 423 2126 520 iniquuS,
2152 427 2282 520 qui

138 533 692 630 reprehendat?
746 535 941 607 Nulli
994 548 1201 608 erant
1267 532 1662 632 praedones.
1729 532 1980 623 Quid?
2041 535 2283 606 nullos

134 639 335 729 fore,
364 647 534 741 quis
567 657 949 743 praestarev
982 645 1309 744 poterat?
1338 645 1643 733 MinuiS,
1675 646 1948 741 inquit,
1977 643 2280 740 gloriam

134 755 491 851 Pompeii.
504 758 745 827 'Immo
772 769 853 824 tu
876 775 1095 852 auges
1120 754 1524 826 molestiam
1543 764 1629 824 ¹⁰.
1660 753 1788 826 Ine
1811 756 2000 826 enim
2023 753 2280 826 classes

132 861 569 958 praedonum
592 919 611 950 ,
654 861 913 952 urbeS,
954 879 1250 963 portus,
1286 864 1741 962 receptacula
1777 864 2103 952 sustulit3
2150 889 2282 962 pa-

132 993 299 1042 cem
342 973 779 1046 maritimam
830 999 1113 1046 summa
1154 979 1424 1046 virtute
1463 988 1682 1070 atque
1725 973 2128 1046 incredibili
2163 999 2279 1048 ce·

129 1079 419 1154 lei-itate
470 1082 839 1156 confecit:
888 1083 1075 1156 illud
1121 1109 1295 1158 vero
1346 1107 1590 1180 neque
1648 1087 1999 1181 suscepit,
2037 1109 2279 1182 neque

128 1195 509 1292 suscipere
540 1192 834 1281 debuit,
872 1208 991 1282 ut,
1022 1196 1083 1266 si
1120 1219 1265 1292 qua
1309 1197 1590 1290 uspiam
1635 1194 1964 1264 navicula
2000 1193 2278 1292 praedo-

124 1327 317 1374 num
364 1305 849 1403 apparuisset,
902 1304 1350 1378 accusandus
1395 1303 1782 1378 videretur.
1820 1309 2074 1400 Itaque
2121 1308 2278 1403 ipse

126 1415 207 1484 in
246 1417 460 1500 Asia,
494 1439 723 1512 quum
762 1418 1011 1487 omnia
1038 1415 1187 1511 jam
1224 1415 1414 1486 bella
1449 1430 1640 1486 terra
1673 1417 1999 1511 marique
2035 1413 2280 1488 confe-

126 1524 385 1612 cisset,
422 1524 723 1596 classem
754 1541 997 1598 tamen
1034 1523 1285 1600 iisdem
1323 1526 1478 1604 istis
1521 1523 2283 1623 civitatibusximpera-

122 1635 255 1706 vit.
304 1633 530 1724 Quod
564 1636 627 1706 si
658 1649 813 1706 tum
852 1636 1103 1709 statuit
1138 1658 1326 1734 opus
1359 1658 1548 1721 esse,
1589 1656 1818 1731 quum
1853 1634 2078 1732 ipsius
2105 1659 2282 1733 prae-

126 1746 355 1816 sentis
394 1745 771 1818 neminen
819 1760 977 1816 tuta
1019 1749 1261 1818 omnia
1302 1758 1378 1815 et
1422 1759 1674 1842 pacata
1707 1769 1860 1820 esse
1899 1759 2275 1841 poterant3

124 1853 311 1951 quid
332 1907 353 1938 ,
402 1879 633 1952 quum
678 1855 801 1930 ille
856 1853 1273 1930 decessisset
1292 1909 1313 1941 ,
1357 1855 1609 1926 Flacco
1661 1855 2078 1929 existimatis
2129 1869 2276 1926 sta-

124 1962 491 2034 tuendum
526 1979 601 2036 et
634 1962 1043 2036 faciendum
1082 1963 1352 2039 fuisse?

142 2125 149 2132 -
218 2077 417 2144 xm.
446 2073 647 2165 Quid
680 2099 819 2146 nos
845 2074 965 2146 hic
988 2083 1011 2118 ¹
1037 2075 1067 2143 ?
1091 2099 1342 2146 nonne
1380 2075 1542 2169 ipso
1569 2073 1916 2168 Pompeio
1943 2085 2235 2142 auctore
2253 2125 2273 2157 ,

120 2183 371 2254 Silano
414 2197 489 2256 et
532 2187 837 2256 Murena
873 2182 1329 2271 consulibuS,
1367 2182 1854 2267 decrevimus,
1900 2195 1984 2251 ut
2031 2181 2274 2252 classis

119 2293 199 2365 in
252 2292 458 2365 Italia
500 2296 919 2392 navigaret?
962 2318 1213 2367 nonne
1266 2318 1356 2364 eo
1409 2295 1570 2390 ipso
1619 2306 1947 2389 ternpore
1973 2344 1994 2379 ,
2039 2314 2270 2385 quum

122 2408 205 2475 L.
264 2404 563 2475 Flaccus
620 2406 697 2473 in
759 2406 925 2477 Asia
977 2406 1286 2502 remiges
1340 2402 1781 2502 imperabat,
1837 2426 1973 2473 nos
2025 2401 2144 2471 hic
2196 2402 2270 2471 in

122 2537 331 2585 mare
368 2504 717 2611 superum
758 2529 831 2589 et
878 2514 1195 2589 inferum
1240 2515 1648 2587 sestertium
1693 2528 1806 2589 ter
1845 2527 1934 2585 et.
1959 2510 2273 2608 quadra-

120 2624 345 2719 gies²
410 2622 995 2721 erogahamus³?
1056 2624 1253 2715 Quid
1301 2628 1643 2722 postet-04
1721 2623 1970 2698 anno?
2022 2646 2273 2693 nonne

121 2732 243 2805 Μ’.
264 2736 497 2805 Curio
532 2748 609 2806 et
638 2740 731 2806 P:
750 2736 1045 2809 Sextilio
1080 2734 1606 2833 quaestoribuS,
1644 2735 1952 2832 pecunia
1991 2734 2066 2805 in
2105 2732 2275 2806 clas-

118 2868 277 2917 sem
328 2858 439 2915 oet
492 2847 833 2943 erogata?
872 2847 1113 2937 Quid?
1166 2846 1311 2919 hoc
1363 2848 1566 2919 omni
1611 2860 1942 2943 tempore
1991 2846 2270 2941 equites

116 2954 193 3025 in
238 2979 369 3027 ora
414 2960 773 3029 maritima
826 2983 981 3029 non
1024 2956 1382 3031 fuerunt?
1437 2955 1566 3027 Illa
1625 2970 1734 3027 est
1788 2957 1986 3026 enim
2036 2954 2266 3050 gloria

116 3063 367 3136 divina
423 3068 805 3165 Pompeii:
864 3071 1185 3167 primum
1234 3066 1610 3166 praedones
1669 3088 1830 3153 eos,
1880 3066 2008 3162 qui
2061 3078 2219 3137 tum
2241 3120 2262 3153 ,

186 3350 240 3399 9.
258 3338 520 3385 Praestare.
544 3339 669 3402 Quis
690 3338 933 3405 spondere
949 3351 1147 3406 poterat
1303 3352 1332 3385 α
1344 3374 1356 3386 .
1377 3335 1650 3385 Sestertium
1665 3346 1740 3383 ter
1752 3346 1800 3383 et
1816 3333 2128 3400 quadragies.
2145 3332 2265 3382 Sub-

112 3416 279 3464 nnllo·
303 3416 535 3467 futuros?
1230 3416 1349 3465 andi
1367 3428 1565 3465 centum
1589 3414 1759 3463 millia.
1779 3416 1836 3463 Id
1856 3426 1927 3463 est
1945 3448 1959 3473 ,
1991 3416 2261 3472 4‚3oo‚ooo

188 3507 277 3543 ιο.
313 3498 479 3561 Auges
508 3496 794 3547 molestiam.
826 3501 964 3547 Van·
1001 3500 1144 3546 Pom·
1231 3506 1420 3545 mcert-
1447 3498 1559 3543 AEre
1581 3494 1758 3557 gallico
1773 3526 1790 3553 ,
1813 3494 2040 3551 88¹,5oo
2065 3493 2126 3540 fr.

112 3573 229 3637 pelo
268 3576 467 3638 negotia
500 3576 697 3625 face-nis
712 3612 728 3637 ‚
768 3588 819 3625 et
861 3592 971 3625 eum
1006 3576 1143 3625 imni
1306 3576 1354 3623 3.
1400 3573 1756 3638 Erogabamus.
1802 3571 1946 3635 Vulg.
2002 3591 2024 3613 ι
2057 3568 2263 3634 rogaba-

110 3650 335 3701 moloetia
362 3670 553 3704 onem.
1230 3670 1338 3703 mus
1357 3676 1406 3704 n.
1429 3656 1486 3703 ’.1.
1508 3654 1570 3700 V.
1595 3654 1651 3701 1..
1814 3715 1820 3721 Ι
2033 3650 2048 3661 ’

188 3746 213 3777 ι
230 3746 273 3779 ι.
298 3732 455 3794 Ipsius
468 3734 725 3797 presentis
742 3735 957 3783 nonnine.
974 3736 1141 3799 Quum
1305 3744 1351 3793 4.
1402 3734 1534 3799 Quid
1574 3745 1774 3798 postem
1813 3739 1987 3781 anno?
2013 3734 2094 3781 Sic
2131 3744 2254 3781 vett.

110 3808 229 3857 atis
274 3824 377 3858 ense
419 3814 674 3876 prasentia
714 3816 819 3874 eius
863 3830 920 3861 ac
962 3828 1141 3862 nomen
1228 3814 1348 3863 edd.
1413 3815 1650 3879 probante
1711 3814 2000 3863 Gai-nonio.
2071 3815 2260 3861 Recen-

110 3886 410 3947 viderentnr,
440 3900 499 3939 nt
520 3902 623 3939 tut·
652 3894 816 3941 omnia
842 3904 1019 3941 essent.
1228 3894 1377 3941 tiores
1415 3911 1583 3943 omnes
1598 3928 1612 3954 ,
1645 3902 1922 3959 postremo,
1963 3893 2098 3958 quod
2132 3891 2258 3945 male

180 3968 327 4017 1111.
372 3984 419 4023 1.
466 3970 607 4037 Quid
644 3990 733 4021 nos
776 3972 893 4023 hic?
926 3971 1139 4021 thnud.
1228 3974 1444 4021 referunt
1499 3974 1562 4023 nd
1631 3984 1894 4039 praeturam
1967 3976 2022 4025 L.
2081 3970 2258 4021 Flacci.

112 4046 333 4095 fecimus.
1228 4054 1275 4100 J.
1299 4054 1364 4100 V.
1404 4056 1456 4100 L.
