2594 4537
278 268 423 355 458
922 270 1023 337 Μ.
1073 270 1153 337 Τ.
1207 268 1788 340 CICERONIS
2009 182 2056 243 ῤ’

371 394 623 461 Postea
660 410 786 459 vos
806 440 827 473 ,
870 400 1111 484 patres
1144 390 1578 487 conscripti,
1616 410 1770 459 non
1809 383 2014 483 quod
2049 384 2286 459 dubia
2323 412 2456 459 res

277 514 499 589 esset,
530 499 657 572 sed
685 513 769 570 ut
799 497 973 571 huic
1006 497 1246 585 furiae,
1278 500 1342 571 si
1374 498 1642 571 diutius
1663 498 1744 569 in
1771 496 1908 568 hac
1933 495 2121 569 urbe
2139 550 2164 585 ‚
2201 522 2450 595 quam

278 608 521 683 delere
563 622 860 707 cuperet
876 662 897 696 ‚
932 625 1295 698 maneret,
1336 635 1473 681 vox
1497 606 2048 683 interdiceretur
2067 604 2098 652 ⁵
2113 662 2135 696 ‚
2173 607 2450 683 decre·

278 721 477 791 vistis
496 774 519 807 ‚
556 733 641 791 ut
678 716 772 791 de
808 742 1135 791 mearum
1178 720 1444 793 aedium
1477 720 1830 816 religione
1869 716 1960 789 ad
1989 716 2442 816 pontificum

281 829 667 927 collegium
700 826 1115 901 referretur.
1154 830 1336 920 Quae
1377 844 1578 903 tanta
1615 830 1866 926 religio
1904 842 2050 917 est,
2087 852 2238 925 qua
2269 854 2438 899 non

280 942 357 1010 in
394 940 661 1011 nostris
692 937 1273 1012 dubitationibus
1293 994 1315 1029 ‚
1347 954 1568 1039 atque
1603 940 1680 1011 in
1709 940 2042 1013 maximis
2069 942 2438 1037 supersti-

280 1046 633 1138 tionibus,
670 1050 888 1121 unius
927 1053 1002 1120 P.
1054 1050 1334 1123 Servilii
1371 1075 1454 1123 ac
1495 1054 1594 1123 M.
1639 1048 1924 1125 Luculli
1953 1074 2312 1147 responso
2353 1074 2440 1121 ac

278 1158 507 1231 verbo
543 1160 985 1235 liberemur?
1018 1166 1129 1233 De
1178 1166 1396 1235 sacris
1439 1162 1784 1261 publicis,
1821 1160 1914 1233 de
1959 1160 2151 1235 ludis
2191 1163 2438 1233 maxi-

279 1270 419 1339 mis
438 1322 458 1358 ,
495 1268 585 1341 de
639 1268 945 1342 deorum
990 1275 1366 1369 penatium
1405 1277 1786 1370 Vestaeque
1812 1272 2059 1345 matris
2103 1273 2436 1345 caerimo-

278 1380 419 1451 niis
437 1433 457 1468 ‚
493 1378 586 1453 de
632 1380 762 1454 illo
819 1382 980 1479 ipso
1030 1380 1424 1469 sacrificio,
1467 1382 1670 1481 quod
1705 1382 1790 1455 fit
1833 1407 1970 1482 pro
2007 1382 2240 1455 salute
2285 1406 2430 1479 po-

279 1488 435 1588 puli
478 1494 799 1580 romani,
868 1490 1111 1587 quod,
1169 1508 1342 1591 post
1391 1496 1700 1567 Romam
1746 1491 2154 1579 conditam,
2205 1492 2432 1587 hujus

280 1602 497 1674 unius
546 1604 723 1673 casti
775 1604 1036 1675 tutoris
1070 1604 1506 1701 religionum
1551 1603 1822 1677 scelere
1867 1602 2218 1675 violatum
2267 1617 2387 1674 est
2407 1658 2428 1685 ‚

280 1711 489 1809 quod
513 1726 659 1784 tres
694 1711 1077 1811 pontifices
1106 1716 1522 1787 statuissent
1537 1770 1558 1803 ,
1584 1714 1660 1787 id
1687 1736 1976 1812 semper
2001 1712 2284 1811 populo
2309 1736 2432 1783 ro-

278 1842 500 1891 mano
522 1871 542 1907 ‚
578 1845 867 1919 semper
908 1827 1235 1913 senatui,
1276 1848 1564 1923 semper
1599 1825 1778 1923 ipsis
1824 1823 1962 1895 diis
1997 1822 2428 1895 immortali-

275 1926 418 2001 bus
463 1933 633 2003 satis
680 1946 1010 2003 sanctum
1032 1987 1052 2022 ‚
1098 1935 1269 2006 satis
1310 1949 1700 2033 augustum
1721 1989 1741 2022 ,
1783 1936 1956 2007 satis
2004 1934 2428 2031 religiosum

280 2062 433 2111 esse
477 2041 711 2113 visum
752 2054 881 2114 est.
922 2046 1017 2115 At
1056 2066 1224 2115 vero
1278 2068 1518 2117 meam
1563 2042 1864 2117 domum
1909 2046 1988 2115 P.
2033 2043 2428 2129 Lentulus,

274 2150 532 2223 consul
566 2165 639 2224 et
670 2150 1032 2250 pontifex,
1075 2158 1155 2227 P.
1190 2150 1568 2243 Servilius,
1593 2160 1693 2227 M.
1729 2152 2115 2241 Lucullus,
2147 2155 2240 2245 Q.
2273 2158 2428 2225 Me-

277 2258 538 2336 tellus⁶
556 2319 577 2353 ‚
604 2263 723 2336 Μ’.
748 2263 1076 2354 Glabrio,
1109 2268 1208 2336 M.
1238 2264 1602 2353 Messalla,
1641 2268 1724 2336 Ι..
1741 2264 2092 2337 Lentulus
2111 2320 2132 2352 ,
2162 2262 2428 2338 flamen

274 2371 659 2444 Martialis⁷
680 2377 793 2458 ,P.
812 2373 1076 2462 Galba,
1109 2376 1198 2466 Q.
1237 2375 1572 2450 Metellus
1606 2376 1849 2474 Scipio
1868 2369 1927 2463 ⁸,
1950 2380 2031 2448 C.
2071 2376 2427 2465 FanniuS,

350 2633 401 2681 5.
449 2633 563 2680 70ae
596 2631 985 2684 interdicentur.
1024 2633 1106 2682 Sic
1132 2649 1307 2684 omnes
1393 2627 1574 2685 mus'in
1591 2635 1752 2687 Gallis
1767 2637 2102 2702 proconsule,
2125 2651 2184 2686 ec
2203 2637 2260 2685 1..
2277 2636 2424 2686 Pine-

277 2709 473 2762 eodices
486 2746 502 2772 ,
526 2724 579 2764 et
592 2712 849 2762 ferendum
867 2724 1048 2780 putent
1068 2713 1303 2766 Oudend.
1394 2715 1496 2766 rius
1508 2715 1680 2774 Nam,
1693 2717 1784 2782 qui
1795 2715 2050 2768 clodi-no
2065 2716 2426 2766 consen-stimi

276 2789 341 2838 ad
366 2793 569 2842 Sueten.
600 2793 720 2842 Ner.
754 2793 818 2840 32
834 2825 851 2852 ‚
892 2803 942 2842 et
976 2794 1214 2843 Gar-tou.
1242 2794 1308 2842 ad
1393 2796 1669 2861 praefuerat.

275 2869 327 2918 h.
344 2869 380 2920 1.
406 2871 585 2935 quibus
610 2870 709 2936 ipsi
743 2873 1047 2922 assentimur.
1066 2871 1169 2922 Alii
1187 2889 1300 2922 cor·
1465 2891 1518 2936 7.
1559 2875 1618 2924 L.
1649 2875 1882 2924 Lentulus
1901 2909 1918 2936 ‚
1937 2875 2138 2943 flamen
2161 2872 2424 2923 nartiac).

276 2961 508 3000 rexerunt
530 2973 557 2993 κ
570 2950 1010 3013 intercluderetur,
1042 2952 1304 3018 intercipe·

278 3039 432 3091 retur,
457 3029 756 3080 incideretur
771 3052 817 3080 n.
858 3031 937 3082 Cf.
977 3047 1073 3098 pro
1104 3034 1269 3082 Domo
1286 3070 1304 3098 ,

276 3125 386 3174 cap.
418 3123 439 3156 1
453 3109 500 3159 8.

346 3189 398 3238 6.
443 3189 505 3250 Q.
542 3188 779 3236 Metellus.
836 3187 1179 3238 Consulcndus
1229 3201 1305 3240 cst

275 3265 429 3317 celeb.
469 3267 695 3318 Norisius
734 3269 905 3318 Cenot.
940 3268 1101 3320 Pisen-
1140 3272 1165 3317 1
1182 3303 1198 3330 ,
1234 3270 1266 3318 5
1286 3307 1304 3332 ‚

276 3346 364 3396 ubi
405 3346 467 3395 de
509 3346 729 3411 collegiis
770 3345 1063 3411 pontificum
1078 3382 1094 3407 ,
1132 3365 1193 3398 sc
1238 3349 1302 3398 de

274 3439 576 3490 unoquoque
596 3443 625 3474 a
640 3425 806 3475 Tullio
826 3427 909 3476 bic
930 3427 1183 3476 nominato
1202 3427 1302 3492 egit

272 3504 645 3556 accuratissime.
663 3507 737 3555 Ex
752 3507 856 3568 ejus
876 3507 1301 3556 observationibus

274 3587 538 3636 Fen-stium
557 3587 659 3648 jam
684 3587 909 3635 refutavit
930 3587 1081 3635 Drak-
1099 3586 1163 3634 ad
1189 3587 1302 3634 Liv.

276 3667 409 3733 Epit.
434 3667 707 3716 LXXXIX
720 3699 735 3724 ,
762 3665 845 3714 ubi
875 3665 1107 3726 traditur,
1134 3665 1300 3732 ponti-

274 3745 423 3795 ficum
445 3743 704 3810 collegium
731 3746 794 3794 ab
816 3747 875 3794 L.
900 3745 1034 3794 Sulla
1046 3745 1201 3794 'fuisse
1216 3761 1302 3794 au·

276 3837 436 3886 aum,
466 3835 523 3876 ut
541 3823 807 3889 pontifices
831 3835 989 3874 essem
1009 3823 1300 3888 quindecim.

280 3907 472 3954 Horum
524 3903 756 3955 tredecim
797 3903 987 3952 Tullius
1039 3905 1259 3951 nominat
1286 3923 1297 3948 :

276 3981 440 4035 aberet
460 3995 619 4033 autem
639 3983 697 4033 C.
714 3983 876 4032 Ceu·-
901 3982 1125 4045 pontifex
1148 3982 1300 4030 mexi-

1390 2950 1706 3012 Mscrobitis,
1743 2954 1941 3003 Satura.
1977 2956 2063 3013 11,
2100 2968 2171 3018 9:
2211 2973 2236 2996 ι
2260 2955 2328 3002 Δ.
2357 2954 2426 3001 D.

1392 3048 1582 3082 nonum
1623 3031 1724 3084 kal.
1762 3043 1890 3098 sept.
1925 3048 2026 3097 quo
2068 3033 2152 3100 die
2193 3032 2428 3080 Lentulus

1389 3111 1566 3160 flamen
1579 3111 1820 3160 Martialis
1835 3111 2157 3176 inauguratus
2176 3121 2268 3168 est,
2281 3121 2382 3158 etc.
2397 3133 2424 3152 1-

1391 3205 1452 3240 ex
1479 3190 1839 3240 commentariis
1865 3193 1932 3254 Q.
1957 3189 2152 3240 Metelli
2169 3189 2244 3238 Pii
2265 3191 2320 3238 Ρ.
2343 3191 2424 3239 H.

1389 3271 1588 3320 Excidit
1612 3271 1684 3320 ibi
1708 3285 1996 3337 praeuomeu
2016 3271 2069 3318 1..
2099 3271 2218 3334 quia
2245 3285 2426 3318 nomeu

1390 3349 1608 3399 eamdem
1637 3349 1783 3398 habet
1811 3349 2018 3416 primam
2051 3349 2262 3398 literam.
2297 3349 2422 3396 Nam

1388 3427 1454 3476 ad
1481 3427 1616 3477 huuc
1645 3427 1903 3478 Lentulum
1938 3443 1994 3476 ea
2027 3427 2275 3494 pertinere
2303 3427 2424 3476 vidit

1388 3507 1617 3557 Nox-isius
1631 3542 1647 3566 ,
1665 3525 1812 3573 quem
1829 3507 2032 3558 consule
2055 3507 2094 3556 l.
2123 3523 2170 3555 c.
2189 3523 2307 3572 pag.
2331 3508 2422 3557 ⁵6,

1387 3587 1475 3649 61,
1502 3589 1568 3635 62
1597 3587 1714 3635 edit.
1729 3589 1900 3636 Burm.
1919 3587 1972 3634 iu
1990 3587 2142 3635 Thes.
2165 3585 2279 3634 lul.

1460 3668 1508 3716 8.
1533 3665 1592 3728 Q.
1609 3667 1830 3716 Metellus
1857 3663 2034 3731 Scipio.
2051 3664 2326 3714 Nonnullis
2347 3665 2418 3711 vi·

1389 3744 1533 3795 detur
1568 3745 1710 3794 locus
1748 3762 1852 3794 esse
1887 3755 2188 3810 corruptus,
2214 3744 2302 3808 qui
2330 3759 2419 3808 pru

1387 3825 1578 3888 Quinto
1627 3823 1856 3874 Publium
1893 3833 2158 3890 reponunt.
2200 3823 2418 3886 Utraque

1391 3915 1550 3952 umen
1577 3903 1728 3954 lectio
1755 3919 1980 3970 germana
2003 3913 2054 3952 et
2073 3901 2300 3966 legitima
2321 3912 2414 3950 est:

1391 3981 1524 4044 quod
1543 3982 1614 4031 sic
1633 3982 1861 4032 ostendo.
1889 3983 1944 4032 Ρ.
1968 3981 2228 4030 Cornelius
2251 3980 2416 4046 Scipio
