2594 4537
253 269 392 356 468
899 253 996 337 Μ.
1047 253 1123 336 T.
1177 251 1742 338 (immotus

245 398 364 464 nia
397 385 744 464 solemnia
773 363 866 461 ac
895 391 1086 484 justa
1133 387 1467 459 ludorum
1486 383 1542 477 ⁸,
1593 387 1935 461 omnibus
1980 390 2202 463 rebus
2244 395 2379 466 ob-

245 503 576 589 servatis»,
619 515 895 571 summa
939 518 1106 569 cum
1150 500 1559 570 caerimonia
1602 523 1755 571 esse
1794 515 2087 572 servata.

342 615 459 682 XI.
497 613 699 701 Quos
729 611 952 704 igitur
988 607 1406 706 haruspices
1456 607 1669 679 ludos
1711 609 1950 711 minus
1990 611 2381 708 diligenter

243 721 466 792 factos
487 774 507 808 ‚
543 718 1012 817 pollutosque
1045 741 1199 788 esse
1235 717 1532 788 dicunt?
1562 742 1685 789 eos
1710 773 1729 806 ,
1762 741 2073 815 quorum
2108 723 2247 819 ipsi
2278 721 2379 793 dii

243 828 713 915 immortales,
748 843 967 925 atque
1005 827 1123 898 illa
1158 831 1391 898 Mater
1428 827 1611 899 Idaea
1632 836 1686 917 ¹,
1727 841 1836 917 te,
1868 841 1978 917 te,
2018 834 2146 901 Cn.
2184 837 2377 904 Len-

241 941 432 1028 mle,
477 940 685 1035 cujus
730 937 989 1009 abavi²
1044 937 1382 1008 manibus
1424 953 1611 1032 esset
1644 953 1969 1037 accepta,
2014 956 2379 1037 spectato·

238 1067 393 1122 rem
439 1067 601 1122 ‘esse
647 1049 900 1120 voluit.
955 1047 1175 1139 Quod
1223 1049 1303 1118 ni
1348 1063 1429 1119 tu
1470 1049 1847 1146 Megalesia
1891 1049 2015 1121 illo
2054 1051 2171 1122 die
2208 1079 2373 1152 spe-

239 1177 430 1233 ctare
470 1159 845 1245 voluisse5‚
880 1157 1075 1229 haud
1121 1160 1270 1230 sc'io
1315 1181 1405 1230 an
1450 1161 1688 1231 vivere
1726 1159 1939 1230 nobis
1959 1215 1980 1248 ‚
2018 1176 2235 1259 atque
2264 1162 2377 1234 his

238 1272 328 1343 de
374 1269 595 1343 rebus
642 1271 787 1364 jam
835 1269 1044 1365 queri
1092 1267 1391 1340 liceret:
1443 1269 1548 1340 vis
1596 1272 1787 1340 enim
1828 1271 2377 1346 innumerabilis

238 1385 528 1454 incitata
583 1406 669 1452 ex
723 1377 1065 1450 omnibus
1113 1379 1284 1450 vicis
1330 1378 1627 1451 collecta
1668 1385 2041 1451 Servorum
2089 1381 2182 1453 ab
2230 1381 2375 1454 hoc

235 1493 419 1564 aedili
470 1491 803 1587 religi-oso
830 1543 850 1577 ‚
905 1502 1208 1587 repente
1251 1485 1652 1559 fornicibus
1692 1485 2088 1585 ostiisque-²¹
2137 1495 2375 1563 omni-

208 1602 420 1704 ·buS,
475 1603 554 1672 in
611 1623 946 1686 scenam,
997 1600 1201 1696 signo
1255 1596 1465 1686 dato,
1519 1601 1833 1670 immissa
1886 1601 2171 1699 irrupit.
2218 1607 2375 1674 Tua

236 1729 391 1785 tum
420 1765 439 1798 ,
495 1725 662 1797 tua,
706 1711 840 1779 Cn.
889 1708 1238 1798 Lentule,
1291 1705 1540 1780 eadem
1588 1710 1819 1780 virtus
1856 1707 2031 1798 fuit,
2089 1737 2249 1809 quae
2295 1717 2371 1783 in

236 1963 388 2012 quum
413 1945 598 1996 abesset
617 1946 674 1996 C.
695 1947 856 1996 Caesar
866 1947 1093 2012 pontifex
1105 1941 1261 1994 maxi-

207 2075 212 2080 ,
237 2041 374 2085 mus,
412 2025 474 2075 ad
503 2041 648 2090 quem
677 2041 770 2091 pro
806 2026 1017 2090 collegio
1059 2039 1263 2089 respon-

237 2107 354 2156 dere
379 2105 658 2170 spectabat,
691 2117 748 2156 ut
782 2105 982 2170 quidem
1014 2103 1262 2168 colligitur

235 2201 294 2234 ex
319 2201 426 2249 cap.
450 2185 514 2232 53
536 2201 629 2250 pro
652 2187 835 2250 Domo.

311 2267 359 2315 8.
394 2264 574 2313 Omnia
601 2263 840 2313 solemnia
869 2282 932 2313 ac
947 2262 1088 2329 justa
1109 2261 1252 2312 ludo-

235 2362 359 2395 rum.
379 2346 520 2413 Iusta
539 2353 654 2391 suut
669 2359 831 2411 rerum
851 2343 902 2391 in
924 2342 1056 2390 ludis
1078 2343 1255 2391 facien-

236 2425 410 2473 darum
436 2423 691 2473 solemnia.
719 2422 846 2470 vide
873 2424 1028 2471 Grou.
1051 2422 1257 2469 Observ.

235 2505 331 2562 IV,
355 2504 406 2551 6.

304 2584 398 2630 111.
429 2596 471 2628 ι.
499 2580 626 2638 Alii,
647 2582 813 2629 Mater·
830 2583 956 2629 Dea.
980 2581 1108 2628 J.V.
1127 2580 1258 2626 1..—

235 2658 414 2711 Matris
435 2658 589 2707 Idaeoe
607 2674 741 2707 sacra
765 2661 819 2709 1³.
835 2658 1113 2721 Scipionem
1131 2673 1258 2713 eum,

234 2740 324 2805 qui
353 2749 427 2789 est
450 2738 528 2787 vir
547 2732 754 2802 optimus
775 2755 804 2786 a
840 2735 1032 2802 populo
1057 2751 1259 2783 romano

228 2818 500 2880 judicatus,
525 2816 769 2881 accepisse
787 2830 888 2863 nou
903 2813 1062 2863 solum
1081 2808 1258 2862 Cicero

234 2898 392 2957 infra,
413 2895 500 2945 sed
527 2905 579 2945 et
601 2895 768 2943 Livius
789 2893 882 2941 lib.
901 2893 1080 2940 xxlx
1103 2891 1258 2939 tradi-

233 2976 325 3027 dit.
341 2978 467 3024 Eum
486 2988 602 3022 vero
623 2974 709 3037 qui
727 2988 860 3021 sacra
880 2970 1122 3035 acceperit
1135 3003 1151 3031 ‚
1175 2985 1259 3032 pu·

231 3065 352 3103 trem
378 3054 524 3103 fuisse
550 3056 606 3102 P.
637 3051 882 3121 Scipionis
915 3049 1138 3108 Nasicae,
1167 3048 1252 3113 qui

230 3146 304 3182 est
346 3133 602 3182 Corculum
644 3130 944 3198 appellatus,
981 3130 1154 3179 Cicero
1199 3128 1252 3174 in

230 3216 386 3261 Bruto
413 3212 612 3267 scribit3
641 3208 868 3258 eumdem
903 3208 1032 3257 Fasti
1059 3208 1256 3271 capito-

229 3289 320 3339 lini
357 3292 412 3337 in
444 3288 732 3349 consulatu,
755 3305 900 3353 quem
943 3303 1054 3335 cum
1091 3284 1254 3334 Acilio

231 3368 498 3418 Glabrione
529 3383 674 3415 anno.
693 3368 820 3416 urb.
847 3367 946 3413 562
979 3352 1160 3429 gessit,
1182 3363 1252 3411 ita

226 3448 481 3498 nominant
505 3448 564 3497 P.
580 3446 893 3495 Coaunmvs.
915 3445 1011 3495 Cn.
1038 3446 1088 3491 F.
1110 3445 1163 3491 1..
1184 3442 1250 3493 N.

227 3530 427 3577 Son-10.
459 3526 689 3575 Nasica:
715 3524 800 3571 sed
819 3523 861 3570 si
881 3524 937 3569 Ρ.
955 3521 1120 3586 Scipio
1145 3522 1252 3570 Na-

225 3610 326 3656 sica
352 3606 396 3654 is
426 3606 567 3667 cujus
605 3602 784 3667 privati
807 3601 1000 3666 egregia
1021 3600 1175 3649 virtus
1196 3599 1250 3647 in

223 3686 430 3751 perditis
475 3682 733 3745 munibus
764 3682 825 3731 T.
851 3678 1058 3728 Gracchi
1087 3680 1248 3727 vindi-

225 3765 393 3813 candis
418 3762 537 3822 fuit,
571 3760 849 3809 Marcellini
880 3775 1092 3825 proavus
1119 3768 1251 3807 recte

225 3843 422 3897 dicitur,
438 3841 614 3889 Nasica
645 3840 734 3904 qui
757 3855 890 3887 sacra
915 3841 1106 3905 accepit
1123 3842 1250 3901 ejus·

225 3920 336 3967 dem
379 3916 653 3965 Marcellini
689 3928 882 3978 atavus,
928 3933 1030 3966 nou
1065 3918 1249 3969 abavus

225 3996 334 4043 fuit.
377 3991 628 4055 Siquidem
671 3994 950 4045 Paterculus
992 3996 1246 4059 Nasicam,

1352 1947 1437 2010 qui
1482 1945 1755 1997 Gracchum
1802 1945 2048 2014 interfecit
2063 1979 2081 2006 ,
2126 1927 2236 2008 ejus
2286 1946 2373 2010 qui

1350 2025 1560 2092 optimus
1605 2025 1691 2074 vir·
1720 2009 1969 2088 judicatus
2000 2035 2107 2072 erat
2140 2035 2371 2090 nepotem

1348 2117 1514 2156 vocat.
1532 2109 1804 2153 -Verum
1828 2103 1891 2152 ab
1917 2104 2014 2152 hoc
2046 2107 2226 2168 genere
2248 2123 2377 2172 ,μνη-

1349 2191 1555 2254 μονικῶν
1586 2184 1959 2253 ἁμαρτημάτων
1979 2198 2081 2234 non
2106 2183 2375 2231 immunem

1349 2282 1451 2314 esse
1470 2265 1756 2315 Ciceronem
1776 2274 1984 2313 constat.

1421 2359 1472 2394 2.
1500 2342 1646 2409 Cujus
1684 2343 1837 2391 abavi
1866 2342 2119 2402 manibus,
2146 2352 2243 2389 etc.
2271 2342 2372 2391 Alii

1349 2421 1532 2471 habent
1589 2422 1783 2491 «cujus
1819 2420 1881 2468 ab
1928 2421 2038 2467 avia
2083 2418 2371 2467 manibus».

1350 2503 1565 2556 J.v.1..
1591 2526 1661 2537 -
1678 2484 1839 2546 Multa
1857 2499 1908 2546 h.
1922 2484 1957 2545 ²1.
1976 2495 2181 2547 adnotat
2200 2498 2370 2548 Garat.

1348 2585 1409 2632 de
1430 2582 1496 2641 Q.
1524 2578 1757 2635 Claudia,
1782 2593 1929 2641 quam
1947 2576 2196 2625 Vestalem
2224 2576 2375 2641 virgi·

1346 2676 1483 2718 nem,
1514 2658 1597 2706 alii
1622 2666 1827 2721 nuptam
1853 2666 1902 2705 et
1936 2665 2137 2703 matrem
2166 2644 2372 2715 volunt,

1349 2751 1397 2789 et
1423 2754 1533 2803 quze
1568 2738 1636 2785 ita
1671 2734 1865 2784 Lentuli
1904 2734 2171 2796 majoribus
2207 2735 2371 2783 forsan

1348 2816 1668 2866 adscribatur.

1424 2899 1475 2947 3.
1524 2891 1807 2943 For-uicibus
1855 2894 2095 2961 ostiisque
2136 2891 2371 2945 omnibns.

1352 2974 1645 3024 Fornicibus
1672 2974 1758 3040 qui
1791 2972 1949 3022 additi
1986 2983 2123 3021 erant
2150 2974 2373 3031 theatris,

1352 3066 1410 3103 ut
1451 3052 1663 3117 templa,
1686 3052 1927 3112 basilice,
1966 3052 2203 3116 porticus.
2240 3050 2372 3103 Plin.

1343 3132 1433 3182 lib.
1452 3134 1531 3191 X,
1566 3131 1708 3195 epist.
1740 3134 1837 3186 48:
1876 3132 2050 3179 ofluic
2078 3126 2277 3179 theatro
2312 3150 2375 3181 ex

1343 3213 1649 3276 privatorum
1720 3208 2166 3273 pollicitationibus
2224 3211 2377 3259 multa

1347 3288 1603 3348 debentur,
1621 3297 1675 3335 ut
1702 3287 1916 3335 basilice
1942 3288 2072 3335 circa
2087 3322 2103 3347 ‚
2127 3298 2185 3335 ut
2216 3292 2379 3353 porti·

1344 3384 1430 3415 cus
1458 3382 1604 3431 supra
1643 3381 1867 3428 caveam,
1898 3382 2011 3430 quoe
2042 3383 2176 3415 nunc
2211 3369 2377 3415 omnia

1344 3446 1641 3494 differuntur
1661 3466 1708 3495 ι.
1751 3447 1957 3495 sueton.
1988 3438 2161 3495 Claud.
2189 3463 2235 3495 c.
2267 3462 2333 3495 ur
2360 3462 2375 3497 ε

1340 3547 1368 3567 ιι
1382 3524 1551 3572 Ludos
1579 3510 1901 3572 dedicationis
1923 3523 2213 3587 Pompeiani
2236 3522 2377 3574 thea-

1340 3600 1438 3663 tri,
1482 3601 1621 3667 quod
1661 3602 1939 3650 ambustum
1992 3603 2271 3651 restituerat
2290 3638 2308 3663 ,
2347 3620 2376 3650 e

1341 3676 1573 3730 tribunali
1607 3680 1774 3745 posito
1800 3681 1855 3727 in
1880 3680 2127 3728 orchestra
2165 3684 2375 3729 commi-

1338 3761 1429 3819 sit,
1454 3777 1605 3824 quum
1627 3762 1762 3826 prius
1784 3760 1918 3825 apud
1942 3762 2218 3825 superiores
2244 3762 2375 3811 oedes

1339 3840 1687 3904 supplicasset,
1714 3856 1899 3904 perque
1926 3840 2138 3888 mediam
2158 3856 2370 3894 caveam,

1338 3920 1625 3969 sedentibus
1645 3932 1694 3969 et
1719 3918 1975 3970 silentibus
2016 3923 2240 3984 cunctis,
2281 3920 2369 3969 de-

1338 3996 1603 4049 scendisset
1622 4023 1662 4049 a.
1692 3998 1829 4050 Ostia
1858 4012 2019 4049 autem
2051 4012 2167 4050 sunt
2202 4002 2367 4051 aditus
