2594 4537
351 274 450 359 64
995 272 1092 341 Μ.
1143 272 1224 340 Τ.
1277 270 1837 343 clcERoms

349 411 496 469 tate
515 408 548 455 9
591 419 635 467 a
673 417 828 484 me,
885 416 1106 491 quam
1143 396 1409 467 virtute
1458 408 1533 465 et
1579 393 1880 466 consilio
1928 406 2126 492 gesta
2150 430 2153 433 ·
2180 418 2337 466 esse
2382 397 2495 467 vi-

350 506 702 579 deantur?

448 614 644 707 Quid
681 615 898 712 ergo?
940 613 1084 686 hoc
1121 613 1256 685 tibi
1290 617 1515 687 sumis
1536 624 1637 704 ¹⁰,
1694 614 1884 687 dicet
1922 614 2223 687 fortasse
2288 617 2500 715 quis-

351 728 543 825 piam
565 779 586 814 ,
609 740 692 795 ut
713 780 734 815 ,
763 728 936 822 quia
957 740 1040 795 tu
1067 722 1505 812 defenderi5‚
1535 728 1888 798 innocens
1908 725 2317 822 judicetur?
2340 732 2502 826 Ego

351 861 560 925 vem,
601 833 916 931 judiceS,
951 859 1104 905 non
1138 835 1361 907 modo
1405 834 1589 906 nihil
1632 834 1811 905 mihi
1847 860 2174 925 assumo,
2214 839 2293 907 in
2342 862 2503 935 quo

355 948 715 1045 quispiam
751 960 1110 1043 repugnet
1143 955 1244 1035 ¹¹3
1278 944 1407 1017 sed
1434 948 1647 1017 etiam
1668 999 1688 1034 ‚
1724 949 1779 1016 si
1815 947 1995 1045 quid
2029 946 2123 1019 ab
2149 947 2503 1021 omnibus

353 1054 812 1142 conceditur,
844 1052 919 1125 id
947 1055 1174 1127 reddo
1215 1080 1299 1128 ac
1330 1058 1639 1128 remitto.
1684 1060 1850 1131 Non
1886 1058 1963 1128 in
2004 1082 2087 1129 ea
2116 1057 2505 1157 republica

353 1190 640 1254 versor,
680 1189 834 1235 non
877 1166 962 1236 iis
1015 1166 1470 1265 temporibus
1519 1182 1737 1265 caput
1776 1192 2025 1240 meum
2072 1168 2307 1241 obtuli
2360 1194 2505 1269 pro

355 1280 588 1374 patria
621 1275 958 1401 periculis
1001 1275 1387 1366 omnibus,
1421 1301 1575 1355 non
1621 1292 1745 1349 aut
1780 1281 1883 1349 ita
1918 1294 2091 1351 sunt
2131 1282 2505 1370 exstincti,

356 1410 545 1483 quos
582 1387 754 1473 vici,
803 1401 928 1458 aut
972 1387 1072 1458 ita
1105 1388 1327 1486 grati,
1377 1412 1564 1485 quos
1630 1389 1942 1479 servavi,
1990 1403 2073 1459 ut
2130 1412 2265 1487 ego
2316 1390 2511 1462 mihi

355 1496 521 1595 plus
557 1511 900 1594 appetere
932 1521 1189 1587 coner,
1237 1522 1462 1596 quam
1516 1512 1875 1596 quantum
1928 1522 2183 1571 omnes
2224 1500 2507 1573 inimici

354 1605 726 1703 invidique
762 1609 1130 1706 patiantur
1154 1618 1245 1678 ¹².
1287 1612 1527 1680 Grave
1564 1632 1717 1679 esse
1762 1607 2129 1680 videretur
2152 1606 2213 1653 ¹3
2233 1662 2253 1699 ,
2288 1634 2467 1681 eum
2488 1664 2511 1699 ‚

361 1718 490 1814 qui
530 1718 975 1815 investigarit
1029 1718 1637 1813 conjurationem,
1685 1720 1815 1815 qui
1868 1716 2285 1817 patefecerit
2303 1772 2324 1807 ,
2370 1724 2511 1818 qui

355 1830 829 1926 oppresserit,
880 1830 998 1900 cui
1057 1843 1349 1900 senatus
1400 1828 1892 1925 singularibus
1938 1827 2177 1901 verbis
2234 1831 2511 1927 gratias

355 1942 696 2036 eget-itu,
729 1940 847 2010 cui
885 1938 1013 2009 uni
1050 1952 1296 2036 togato
1336 1938 1946 2036 supplicationem
1969 1934 2028 1982 ¹⁵
2066 1936 2511 2028 decreverit,

363 2045 603 2120 dicere
646 2050 723 2118 in
769 2046 1044 2144 judicio
1088 2076 1105 2119 ε
1153 2052 1321 2122 N'on
1379 2037 1841 2121 defenderem
1860 2103 1881 2138 ,
1924 2050 1987 2120 si
2028 2050 2511 2144 conjurasset.

353 2160 524 2231 Non
566 2157 729 2229 dico
763 2157 878 2248 id,
917 2157 1118 2256 quod
1155 2182 1370 2257 grave
1405 2174 1547 2247 est3
1582 2158 1747 2229 dico
1776 2156 1999 2246 illud,
2036 2156 2236 2256 quod
2274 2159 2354 2229 in
2392 2159 2513 2231 his

353 2270 586 2343 causis
652 2268 1174 2364 conjurationis
1237 2295 1393 2341 non
1446 2268 1857 2340 auctoritati
1912 2291 2267 2339 assumam
2292 2322 2315 2358 ,
2376 2270 2516 2342 sed

352 2380 624 2480 pudori
649 2405 816 2452 *neo
838 2377 904 2424 ¹⁶
937 2407 954 2449 :
993 2384 1148 2476 Ego
1184 2378 1306 2451 ille
1342 2380 1865 2475 conjurationis
1898 2379 2369 2476 investigator
2396 2395 2513 2452 at-

359 2515 504 2588 que
521 2490 750 2578 ultor,
773 2504 966 2562 certe
991 2509 1146 2560 non
1173 2487 1641 2561 defenderem
1668 2489 1975 2577 Sullam,
2000 2491 2060 2560 si
2088 2490 2249 2585 conj
2258 2515 2513 2565 urasse

357 2599 766 2673 arbitrarer.
806 2605 986 2698 Ego,
1022 2599 1310 2696 judices
1332 2655 1351 2690 ,
1394 2600 1485 2673 de
1521 2602 1740 2673 tantis
1791 2601 2119 2672 omnium
2160 2602 2514 2697 periculis

358 2735 592 2810 quum
628 2735 1030 2809 quaererem
1066 2714 1311 2784 omnia
1330 2767 1351 2802 ,
1386 2712 1617 2784 multa
1650 2710 1977 2784 audirem
1998 2764 2019 2799 ,
2060 2735 2211 2782 non
2247 2711 2513 2786 crede-

426 2923 477 2972 9.
528 2907 654 2957 Casu
680 2907 840 2974 magis
884 2919 934 2956 et
958 2905 1224 2972 filicitaee.
1279 2908 1378 2956 Ea·
1544 2915 1627 2964 14.
1684 2907 1891 2953 Senatus
1944 2902 2277 2970 singularibus
2333 2905 2517 2955 verbis

359 2987 471 3037 dem
502 2989 740 3037 sententia
771 2989 826 3035 in
859 2987 1062 3053 epistola
1101 2987 1164 3034 ad
1199 2987 1378 3036 Metel·
1460 2983 1651 3052 gratias
1689 2983 1853 3050 egerit.
1909 2985 1970 3032 In
2021 2983 2125 3032 aede
2169 2983 2479 3034 Concordiae
2492 3021 2513 3046 ,

357 3067 463 3115 lum
499 3067 586 3116 lib.
621 3069 700 3116 V:
723 3087 750 3108 e
764 3067 923 3128 Huius
947 3082 1039 3130 ego
1065 3067 1319 3114 temeritati
1336 3067 1381 3114 εἰ
1465 3081 1617 3131 quum
1662 3063 1982 3127 ⁴Allobroges,
2023 3072 2075 3110 et
2118 3061 2402 3112 Umbrenus
2448 3065 2517 3114 nd

265 3149 270 3156 '
358 3147 540 3194 virtute
565 3155 713 3209 atque
738 3146 902 3194 animo
939 3162 1043 3194 non
1073 3145 1377 3208 restitissem,
1466 3155 1669 3209 pontem
1690 3143 1917 3191 milvium
1942 3139 2262 3208 deprehensi,
2290 3143 2515 3192 Romam

295 3209 312 3226 '
359 3226 472 3290 quie
508 3235 633 3272 esset
667 3225 754 3288 qui
787 3241 867 3273 me
902 3225 956 3273 in
990 3225 1249 3274 consulatu
1277 3239 1383 3272 non
1468 3224 1663 3272 reducti
1682 3233 1813 3272 nunt.

359 3319 472 3352 casu
493 3303 660 3370 potius
673 3304 992 3368 existimaret,
1008 3321 1152 3370 quam
1173 3303 1381 3354 consilio
1544 3297 1629 3352 15.
1652 3304 1843 3367 Togato
1866 3299 2285 3366 supplicationem.
2304 3303 2387 3350 De
2414 3303 2517 3354 hae

359 3386 538 3434 fortem
565 3384 710 3432 fuisse
727 3407 771 3433 ιι.
1470 3381 1829 3448 supplicatione
1862 3380 2083 3446 loquitur
2113 3380 2169 3428 in
2199 3380 2412 3446 epistol.
2448 3385 2517 3433 ad

437 3481 518 3514 ιο.
543 3467 652 3514 Hoc
674 3461 761 3512 eibi
779 3463 942 3513 sumis.
971 3463 1032 3512 Id
1047 3475 1140 3524 est,
1162 3477 1381 3528 atingun
1471 3463 1704 3512 catonem
1723 3459 1811 3510 lib.
1834 3462 1979 3520 XIV,
2004 3459 2221 3524 Philipp.
2252 3469 2319 3518 14
2336 3495 2353 3520 ,
2384 3473 2442 3510 et
2460 3464 2518 3512 in

359 3544 455 3594 hoe
481 3544 543 3593 de
564 3555 614 3592 te
635 3545 902 3608 praesumis.
1468 3542 1695 3591 Pisonem
1728 3541 1807 3589 his
1842 3540 2005 3602 vei-bis¹
2042 3553 2057 3587 τ
2108 3561 2135 3581 ιι
2162 3539 2283 3587 mihi
2324 3551 2517 3607 togato

435 3639 456 3671 1
469 3639 515 3670 1.
542 3625 602 3670 In
633 3639 728 3687 quo
759 3623 1006 3687 quispiam
1033 3633 1282 3688 repugnet.
1321 3620 1381 3669 ld
1470 3633 1689 3682 senatus,
1722 3637 1827 3670 non
1858 3631 1915 3669 nt
1948 3619 2143 3680 multis,
2178 3617 2305 3667 bene
2338 3633 2515 3685 gesta,

357 3711 460 3762 est,
485 3703 623 3766 quod
647 3703 1063 3768 mihinegaretnr.
1468 3701 1580 3762 sed,
1598 3712 1655 3750 ut
1681 3702 1863 3750 nemini
1878 3735 1893 3760 ,
1910 3709 2191 3748 conservata
2216 3699 2517 3764 republica,

433 3795 516 3831 12.
553 3783 714 3845 Quam
739 3793 1001 3845 quantum.
1024 3815 1038 3829 .
1059 3813 1073 3828 .
1098 3778 1379 3844 patiantur.
1468 3779 1703 3844 singulari
1732 3796 1907 3844 genere
1940 3778 2314 3845 supplicationis
2330 3813 2349 3840 ,
2386 3781 2519 3832 deo-

358 3859 420 3907 Id
439 3869 510 3906 est
529 3895 543 3918 ‚
569 3860 690 3908 mihi
713 3859 938 3909 concedi.
1468 3873 1577 3906 rum
1598 3860 1943 3909 immortalium
1971 3857 2150 3924 templa
2166 3857 2409 3921 patefecit
2429 3883 2477 3910 ιι.

435 3940 520 3987 13.
552 3937 709 3987 Grave
741 3955 841 3989 esse
871 3939 1140 3988 videretur.
1178 3938 1240 3988 Id
1273 3949 1346 3988 est
1363 3973 1379 4000 ,
1546 3939 1624 3991 ιδ.
1671 3939 1860 3990 Pudor-i
1900 3953 2026 3988 uteo.
2069 3936 2129 3986 ld
2167 3947 2269 3998 est,
2320 3937 2519 3989 leonori

359 4017 618 4068 molestum
639 4017 760 4068 aliis.
1469 4033 1589 4078 meo.
