2594 4537
512 340 910 409 ORATIO
960 342 1162 411 PRO
1211 341 1293 409 L.
1348 286 1795 409 FLACCO.
2066 334 2221 432 .139

97 462 300 579 hujus
357 462 710 559 temporis
770 462 1150 535 accusatio.
1228 467 1565 534 Praeturae
1622 457 2063 557 jurisdictio,
2104 484 2219 533 res

101 574 272 644 varia
307 586 378 644 et
417 570 800 670 multiplex
847 572 940 645 ad
983 574 1429 672 suspiciones
1473 587 1547 643 et
1584 569 2023 658 simultateS‚
2068 596 2219 643 non

100 677 541 779 attingitur¹⁵
561 709 584 770 ;
632 706 716 753 ea
769 706 982 771 vero,
1030 684 1108 755 in
1147 707 1439 755 summo
1490 696 1563 755 et
1614 680 2221 781 periculosissimo

97 792 488 891 reipublicae
521 806 887 891 tempore,
929 795 1148 865 etiam
1183 790 1276 865 ab
1312 793 1621 865 inimicis
1660 790 2017 863 laudatur.

179 908 262 975 At
297 928 340 975 a
375 903 686 975 testibus
726 901 1012 975 laeditur
1030 900 1114 975 ¹⁶.
1161 908 1573 1001 Antequam
1600 901 1800 990 dico,
1834 926 1877 973 a
1912 899 2217 999 quibu8‚

98 1038 222 1109 qua
259 1038 434 1113 spe,
477 1038 624 1112 qua
661 1015 842 1103 vi17,
893 1038 1042 1113 qua
1091 1039 1173 1087 re
1227 1015 1643 1103 concitatis,
1689 1037 1835 1112 qua
1884 1011 2169 1084 levitate
2195 1066 2217 1100 ‚

95 1150 222 1221 qua
253 1140 568 1223 egestate
585 1180 604 1217 ‚
640 1152 788 1225 qua
824 1126 1164 1225 perfidia,
1211 1151 1359 1224 qua
1393 1124 1687 1197 audacia
1717 1123 2069 1223 praeditis,
2106 1122 2211 1195 di·

97 1252 230 1307 cam
259 1238 350 1311 de
382 1263 651 1337 genere
688 1240 1028 1311 universo
1053 1236 1142 1329 ¹⁸,
1179 1253 1255 1311 et
1293 1237 1387 1311 de
1423 1235 1841 1309 conditione
1884 1235 2214 1309 omnium

95 1364 424 1421 nostrum.
483 1355 622 1422 Per
665 1348 844 1422 deos
895 1348 1379 1423 immortales!
1421 1347 1741 1445 judices,
1792 1372 1963 1433 vos,
2022 1370 2211 1444 quo·

97 1459 294 1531 modo
318 1461 418 1549 is,
454 1462 584 1557 qui
610 1485 806 1533 anno
842 1474 1012 1532 ante
1043 1466 1290 1533 Romae
1320 1459 1438 1554 jus
1466 1458 1787 1545 dixerat,
1820 1481 2015 1529 anno
2045 1469 2213 1555 post

97 1570 160 1639 in
201 1572 358 1643 Asia
402 1570 526 1667 jus
568 1570 832 1643 dixerit
853 1626 874 1661 ‚
909 1596 951 1643 a
996 1570 1305 1643 testibus
1342 1572 1677 1669 quaeretis
1720 1566 2031 1666 ignotis?
2076 1568 2209 1664 ipsi

95 1679 488 1774 conjectura
549 1680 732 1753 nihil
788 1680 1252 1778 judicabitis?
1312 1686 1399 1755 In
1468 1695 1615 1753 tam
1670 1681 1864 1753 varia
1911 1676 2206 1775 jurisdi-

97 1788 312 1863 ctione
373 1804 522 1862 tam
585 1792 814 1863 multa
871 1790 1156 1864 decreta
1181 1846 1201 1881 ,
1261 1807 1372 1863 tot
1430 1792 1811 1864 hominum
1854 1791 2206 1888 gratioso-

95 1922 236 1971 rum
265 1910 327 1958 ‘9
365 1901 546 1973 laesae
580 1903 1032 1975 voluntates:
1080 1928 1242 2001 quae
1286 1917 1787 2003 est-umquam
1822 1903 2009 1996 jacta
2053 1924 2203 1972 non

97 2012 422 2109 suspici0,
472 2038 634 2111 quae
681 2028 928 2085 tamen
973 2012 1156 2087 solet
1197 2038 1353 2087 esse
1388 2000 1567 2085 falsa
1584 2064 1603 2097 ‚
1644 2010 1771 2083 sed
1820 2008 2207 2083 iracundiae

97 2144 214 2193 vox
233 2177 254 2208 ‚
285 2138 414 2197 aut
445 2123 760 2196 doloris?
791 2128 880 2195 Et
911 2126 972 2196 is
1003 2138 1112 2196 est
1141 2150 1313 2197 reus
1343 2122 1649 2193 avaritiae
1671 2174 1691 2205 ‚
1727 2122 1863 2216 qui·
1888 2120 1960 2189 in
1992 2117 2208 2190 uber-

97 2232 250 2306 rima
293 2260 374 2308 re
428 2248 642 2336 turpe
683 2235 1238 2335 compendium,
1277 2238 1355 2306 in
1394 2229 2064 2306 maledicentissima
2108 2227 2206 2299 ci-

97 2344 284 2416 vitate
311 2355 404 2434 ²⁰,
487 2349 561 2418 in
637 2349 1238 2446 suspiciosissimo
1325 2345 1619 2443 negotio
1645 2397 1667 2430 ‚
1744 2340 2205 2412 maledictum

97 2476 324 2546 omne,
362 2480 516 2528 nou
551 2456 772 2529 modo
809 2459 1084 2529 crimen
1121 2454 1433 2554 effugit?
1466 2459 1819 2527 Praetereo
1854 2451 1973 2522 illa
1994 2505 2013 2539 ,
2049 2475 2208 2549 quae

96 2565 571 2656 praetereunda
613 2591 765 2640 non
811 2583 1030 2640 sunt:
1072 2566 1359 2638 nullum
1400 2567 1623 2660 hujus
1660 2569 1739 2636 in
1774 2562 2067 2662 privatis
2101 2587 2213 2633 re-

94 2669 210 2745 bus
236 2674 509 2747 factum
545 2701 876 2767 avarum,
908 2677 1184 2749 nullam
1220 2678 1293 2748 in
1329 2703 1411 2748 re
1449 2675 1863 2774 pecuniaria
1898 2685 2205 2744 conten-

97 2785 340 2860 tionem
361 2841 382 2874 ,
407 2787 682 2860 nullam
716 2793 792 2860 in
819 2814 899 2860 re
935 2785 1262 2860 familiari
1296 2785 1585 2860 sordem
1626 2810 1838 2885 posse
1873 2781 2205 2882 proferri.

97 2895 351 2982 Quibus
407 2898 628 2996 igitur
683 2899 990 2972 testibus
1048 2924 1186 2999 ego
1240 2899 1465 2971 hosce
1512 2923 1809 2998 possum
1848 2893 2165 2966 refutare
2187 2949 2207 2984 ,

99 3005 210 3076 nisi
247 3005 590 3082 vobisn?
627 3011 972 3083 Tmolites
1008 3011 1126 3083 ille
1157 3014 1491 3100 vicanus,
1536 3010 1755 3080 homo
1794 3032 1947 3078 non
1980 3004 2201 3076 modo

98 3195 272 3260 l‘gatnm
335 3201 710 3267 imperatoribus
772 3203 1047 3252 clarissimis
1069 3239 1086 3266 ,
1256 3221 1335 3265 17·
1359 3203 1531 3252 lamb.
1552 3203 1718 3252 Graev.
1738 3203 1854 3250 Em.
1873 3199 2019 3250 Beck.
2040 3199 2207 3250 delent

99 3283 358 3334 mitibus
418 3283 737 3333 ornatis-imi·
752 3319 769 3346 ,
826 3285 1090 3348 provinciis
1177 3284 1282 3333 hac
1300 3283 1402 3330 dno
1418 3281 1563 3330 verba
1580 3295 1593 3328 ε
1613 3297 1857 3328 servamus
1874 3296 1985 3330 cum
2000 3279 2196 3330 Lnllem.

100 3361 360 3416 mvi-simi·
414 3363 614 3429 dignum
669 3364 774 3413 suis
823 3363 1090 3424 majoribus
1177 3375 1227 3412 et
1243 3362 1409 3410 multis
1427 3362 1571 3410 Mss.
1594 3363 1627 3410 J
1632 3395 1647 3414 .
1662 3363 1728 3407 V.
1750 3361 1808 3409 1..

101 3441 310 3496 Poentitit.
1255 3445 1334 3490 18.
1356 3445 1429 3489 De
1440 3455 1624 3505 genere
1643 3439 1879 3490 universo.
1905 3441 1979 3488 Dc
1998 3439 2203 3488 testibus

160 3521 228 3570 1⁵.
253 3522 366 3574 Non
389 3521 662 3588 attingitur.
688 3525 961 3574 Accusator
979 3523 1090 3578 nul-
1175 3523 1475 3581 universum,
1493 3531 1543 3567 et
1556 3519 1617 3566 de
1626 3519 1816 3581 injuriis
1836 3517 2015 3584 quibus
2030 3533 2202 3565 omnes

99 3591 176 3642 13-
207 3598 262 3648 dc
289 3601 377 3650 hae
408 3601 750 3662 iurisdictione
788 3605 1090 3653 mentionem
1176 3601 1387 3652 obnoxii
1404 3610 1590 3648 summ.

99 3671 206 3722 facit.
225 3704 292 3714 —
313 3681 720 3732 Periculosissimo
733 3715 747 3732 .
769 3717 782 3732 .
803 3717 816 3732 .
854 3695 1084 3748 tempore.
1253 3697 1333 3744 19.
1356 3679 1707 3728 Graeiosorum.
1722 3675 1783 3726 Id
1796 3675 2205 3741 estfflotentium.

99 3751 200 3800 Tun
230 3773 372 3820 quum
417 3759 642 3810 Cutiliae
683 3763 962 3825 conjuratio
995 3761 1084 3810 fla·
1247 3777 1333 3810 20.
1377 3755 1841 3808 Maledicentissbna
1881 3755 2090 3806 civitate.
2136 3755 2198 3804 ld

99 3845 247 3890 Μελ
1171 3851 1280 3900 cst,
1316 3843 1507 3888 Roma.
1550 3839 1617 3886 Ut
1652 3853 1747 3903 pro
1780 3837 1853 3886 M.
1883 3835 2075 3886 Coelio:
2106 3849 2197 3885 -at

159 3913 232 3960 16.
291 3915 610 3979 Pantagathus
672 3919 900 3980 conjicit,
956 3941 983 3961 ιι
1017 3920 1088 3967 At
1173 3920 1268 3968 snit
1297 3919 1422 3967 fama
1456 3931 1470 3965 :
1514 3929 1790 3982 quotusqne
1818 3918 1959 3968 inum
1984 3917 2196 3981 effugere

99 3989 286 4042 uiatic-
298 4011 325 4041 ιι
342 3995 544 4044 testibus
561 3995 760 4046 laditm·
777 4019 826 4056 n,
847 3999 1086 4064 probante
1173 4009 1337 4064 potest
1352 4033 1366 4056 ,
1390 3998 1441 4044 in
1466 4007 1561 4046 tam
1586 3998 1819 4046 maledica
1846 3999 2043 4046 civitate
2056 3999 2081 4044 ?
2100 4019 2126 4038 ›-

103 4066 272 4120 ιἸἳῖιια
293 4076 341 4124 J.
361 4075 422 4122 V.
449 4077 503 4124 L.
1247 4093 1333 4126 21.
1364 4076 1475 4126 Nisa·
1500 4077 1661 4128 vobis.
1691 4077 1791 4141 Qui
1815 4078 2038 4128 Flaccum
2062 4075 2201 4138 peni-
