2594 4537
311 275 451 348 230
696 277 1330 348 MARKLANDI
1379 277 1512 346 ET
1561 277 2031 348 GESNERI

312 397 415 462 cio
434 446 454 481 ,
498 413 621 464 etc.
672 397 979 464 eumdem
1024 399 1310 462 scribere.
1345 399 1634 486 potuisse
1683 415 1816 464 tres
1865 397 2216 463 sententias
2251 399 2440 464 istius

312 503 525 567 vitiosi
556 503 805 592 generis
826 552 845 586 ,
876 504 1061 584 cujus
1088 503 1194 568 illa
1222 505 1514 593 exempla
1538 520 1694 569 sunt
1725 527 1920 593 supra
1945 503 2127 570 allata
2146 551 2165 586 ,
2193 528 2274 570 cx
2297 527 2438 570 ma-

308 631 441 698 gno
480 630 757 672 numero
788 608 1093 672 similium
1128 609 1267 673 sine
1299 609 1536 698 cupido
1571 609 1826 674 delectu
1859 627 2176 698 excerpta.
2211 610 2437 694 Quid?

303 714 360 778 si
396 714 623 779 Cicero
668 714 807 803 ipse
836 715 903 777 in
944 715 1193 805 scriptis
1230 715 1366 780 suis
1397 715 1654 780 easdem
1693 717 2044 781 sententias
2077 715 2435 799 laudasset,

310 833 377 882 et
412 839 535 906 pro
578 817 1039 905 speciminibus
1086 835 1259 884 recte
1306 819 1706 909 intelligendi
1735 820 2066 909 politeque
2107 821 2432 908 scribendi

308 921 739 1005 exhibuisset3
776 925 1203 1013 quisquamne
1238 940 1408 990 esset
1441 942 1738 990 nostrum
1755 973 1776 1010 ,
1813 926 1926 1014 qui
1963 924 2226 1014 quidem
2256 927 2433 1008 judi-

308 1051 453 1093 care
488 1045 708 1117 posset
726 1078 745 1112 ,
779 1029 939 1096 adeo
976 1031 1285 1095 serviliter
1317 1030 1612 1097 addictus
1655 1033 1728 1096 in
1769 1033 1888 1098 viri
1931 1033 2191 1096 maximi
2240 1034 2436 1098 verba

302 1135 623 1220 judicare,
656 1154 734 1203 ut
762 1161 955 1204 suum
983 1138 1300 1219 judicium
1331 1163 1470 1204 non
1501 1141 1584 1204 ab
1613 1141 1815 1228 ipsius
1845 1140 2178 1206 Ciceronis
2213 1141 2433 1221 sejun-

309 1242 594 1336 gendum
630 1245 939 1333 putaret?
970 1245 1229 1310 Etenim
1272 1246 1580 1310 omnibus
1625 1262 1692 1310 et
1720 1246 2122 1334 temporibus
2169 1263 2238 1310 et
2277 1245 2433 1311 locis

309 1347 536 1413 eadem
558 1367 711 1415 sunt
738 1367 1061 1440 proecepta
1088 1369 1277 1416 rectoe
1305 1352 1572 1417 rationis
1600 1369 1666 1417 ct
1687 1352 1983 1442 perfecte
2009 1353 2432 1439 eloquentia-3

306 1478 429 1520 nec
488 1473 723 1522 nostras
778 1459 979 1522 aetatis
1034 1459 1332 1524 homines
1388 1459 1622 1524 harum
1677 1482 1898 1524 rerum
1951 1459 2168 1523 minus
2211 1457 2430 1524 idonei

304 1561 771 1628 existimatores
804 1580 959 1628 sunt
990 1585 1185 1652 quam
1215 1581 1464 1630 veteres
1481 1613 1501 1646 ‚
1538 1566 1658 1630 etsi
1686 1564 1777 1628 illi
1809 1565 2024 1628 forsan
2057 1563 2128 1627 in
2161 1564 2294 1628 hoc
2327 1587 2432 1654 ge·

304 1688 459 1730 nere
490 1669 745 1732 acutius
776 1671 1166 1735 cernebant:
1202 1692 1432 1735 verum
1461 1687 1708 1752 tamen,
1741 1670 1796 1734 si
1831 1669 1938 1733 illa
1962 1669 2248 1759 putanda
2281 1687 2432 1734 sunt

304 1773 595 1860 exempla
626 1773 777 1837 bene
816 1773 1154 1855 scribendi,
1197 1793 1312 1840 aut
1347 1775 1620 1840 omnino
1666 1775 1966 1865 ignorare
2007 1797 2130 1838 nos
2171 1797 2430 1840 necesse

306 1893 437 1959 est,
474 1877 635 1965 quid
656 1879 740 1944 sit
760 1881 928 1945 male
957 1883 1221 1946 scribere
1240 1929 1261 1963 ,
1299 1897 1442 1963 aut,
1471 1881 1740 1945 inversis
1789 1896 1856 1944 et
1897 1879 2300 1946 conturbatis
2325 1881 2431 1962 ju·

306 1979 565 2062 dicandi
595 1985 844 2074 legibus
861 2035 879 2070 ,
912 1987 1199 2076 exempla
1233 1987 1402 2052 male
1427 1985 1734 2054 scabendi
1759 2001 1978 2075 petere
2001 1987 2337 2075 oportebit
2356 2009 2430 2051 ex

304 2088 568 2176 reliquis
608 2092 932 2157 Ciceronis
964 2093 1215 2181 scriptis
1236 2141 1257 2175 ‚
1288 2107 1519 2181 utpote
1553 2114 1836 2180 quorum
1870 2091 2064 2180 longe
2101 2089 2428 2157 diversum

304 2215 509 2283 genus
538 2215 637 2262 est
669 2199 753 2264 ab
784 2223 897 2283 eo,
935 2198 1114 2289 quod
1145 2201 1213 2262 in
1248 2199 1350 2263 his
1387 2199 1786 2264 orationibus
1823 2198 2286 2287 conspicimus.

402 2307 851 2391 Quamobrem
911 2328 1306 2396 magnopere
1353 2307 1544 2371 velim
1571 2354 1589 2389 ‚
1621 2323 1720 2393 ‘ut
1737 2354 1756 2389 ‚
1807 2306 2100 2395 quisquis
2149 2307 2430 2394 optimos

306 2416 554 2505 linguae‘
572 2414 785 2477 latinae
810 2428 1105 2476 auctores
1120 2459 1138 2494 ‚
1170 2414 1556 2478 nominatim
1581 2413 1963 2477 Ciceronem
1981 2460 2000 2489 ,
2031 2410 2290 2478 assidue
2313 2430 2430 2477 tra-

304 2520 493 2584 ctarit
532 2534 599 2581 et
633 2516 841 2604 probe
874 2517 1169 2604 cognitos
1205 2518 1473 2598 habeat,
1505 2518 1593 2581 ita
1625 2515 1972 2606 aliquando
2007 2518 2178 2583 hanc
2206 2518 2428 2584 lectio-

304 2644 458 2687 nem
492 2618 920 2711 aggrediatur,
954 2636 1033 2685 ut
1062 2644 1100 2685 a
1134 2623 1468 2685 nonnullis
1507 2620 1885 2687 indubitatis
1917 2622 2326 2688 orationibus
2353 2624 2428 2687 il·

302 2729 428 2793 lius
478 2742 756 2791 transeat
794 2727 1091 2816 protinus
1136 2726 1219 2791 ad
1257 2744 1538 2815 quatuor
1568 2728 1717 2791 istas
1733 2776 1752 2810 ,
1785 2744 1980 2816 atque
2011 2730 2429 2816 experimenti

304 2854 496 2898 causa
526 2834 815 2896 animum
848 2831 1165 2915 advertat,
1212 2855 1375 2896 num
1415 2832 1692 2898 lectione
1723 2856 1946 2897 earum
1976 2834 2160 2899 aliter
2189 2835 2428 2901 afficia-

302 2958 433 3023 tur,
466 2962 541 3004 ac
564 2940 619 3003 si
644 2962 681 3003 a
706 2939 1068 3007 Tillotsono
1090 2938 1173 3003 ad
1193 2941 1602 3028 numanum,
1630 2940 1730 3003 vel
1759 2964 1798 3003 a
1823 2939 2108 3005 carmine
2132 2941 2318 3032 Popii
2347 2942 2430 3007 de

304 3063 535 3111 natura
594 3045 879 3110 hominis
942 3045 1025 3109 ad
1079 3044 1399 3128 Quarlesii
1459 3045 1838 3109 emblemata
1891 3046 1974 3111 sit
2024 3068 2422 3136 progressus.

302 3152 587 3219 Tametsi
630 3153 805 3217 enim
848 3174 1194 3242 permagna
1240 3174 1388 3239 pars
1432 3152 1663 3216 harum
1715 3153 2084 3239 orationum
2127 3170 2426 3219 contexta

302 3276 400 3324 est
460 3258 671 3322 verbis
736 3274 802 3322 et
860 3258 1196 3323 sententiis
1260 3257 1694 3322 Ciceronianis
1717 3306 1736 3339 ‚
1801 3280 1944 3345 quae
2001 3256 2214 3323 ductae
2273 3274 2424 3323 sunt

303 3364 580 3429 maxime
624 3386 705 3427 ex
754 3363 1154 3428 orationibus
1203 3386 1324 3451 pro
1373 3364 1454 3446 Q.
1499 3364 1714 3428 Sextio
1755 3379 1822 3427 et
1864 3364 1932 3427 in
1977 3366 2047 3428 L.
2086 3364 2420 3431 Pisonem:

300 3470 497 3552 lmjus
522 3469 849 3558 scriptoris
884 3469 1223 3558 imperitia,
1250 3485 1339 3550 et,
1361 3485 1436 3533 ut
1467 3470 1555 3533 ita
1587 3468 1828 3551 dicam,
1861 3469 2235 3535 sinisteritas
2259 3472 2422 3537 hanc

298 3578 663 3666 praeclaram
702 3576 1033 3640 materiem
1066 3592 1199 3638 tam
1244 3574 1411 3638 male
1447 3575 1771 3657 tractavit,
1809 3592 2072 3664 tamque
2107 3578 2316 3641 multa
2343 3578 2420 3642 de

298 3704 419 3747 suo
450 3682 795 3747 admiscuit
814 3729 833 3763 ‚
872 3698 949 3745 ut
981 3682 1276 3747 universa
1309 3702 1584 3769 operum
1615 3682 1824 3747 forma
1853 3683 1962 3746 vix
1993 3682 2296 3747 umbram
2329 3706 2422 3747 re·

294 3789 495 3852 tinent
530 3790 682 3853 artis
730 3787 1159 3851 Ciceronianae
1180 3835 1197 3869 ,
1244 3804 1312 3851 et
1351 3787 1596 3875 ubique
1633 3788 1812 3877 pravi
1847 3788 2091 3877 ingenii
2123 3787 2417 3853 sordibus

296 3892 554 3982 oppleta
582 3894 682 3958 sit.
711 3894 1011 3964 Ceterum
1047 3914 1192 3980 quae
1226 3892 1536 3956 hactenus
1565 3893 1696 3957 dixi
1725 3891 1808 3959 de
1837 3915 1985 3957 meo
2018 3914 2214 3957 sensu
2235 3943 2252 3971 ‚
2279 3894 2417 3957 sim-

294 3998 547 4087 pliciter
580 4014 645 4063 et
676 3990 955 4085 ingenue
988 3996 1155 4081 dixi,
1191 4020 1396 4087 eaque
1427 3999 1720 4064 libertate
1746 4047 1763 4083 ,
1810 4023 1939 4089 qua
1981 4020 2414 4095 unumquem-
