2594 4537
382 295 524 367 206
668 297 764 364 M.
816 292 895 362 Τ.
948 293 1122 362 CIC.
1171 292 1443 362 ORAT.
1491 289 1676 362 PRO
1733 293 1811 361 L.
1845 293 2238 364 FLACCO.

380 416 453 488 id
491 417 713 488 astatis
733 468 754 503 ‚
793 426 878 484 ut
920 435 1211 484 sensum
1241 411 1391 507 jam
1430 414 1802 510 percipere
1831 423 1892 456 ¹²
1931 416 2156 510 possit
2195 437 2293 485 ex
2345 438 2554 486 moe-

381 551 549 598 rore
574 523 843 624 patrio,
862 521 1207 594 auxilium
1238 520 1572 592 nondum
1601 525 1786 620 patri
1818 520 2008 594 serre
2035 525 2262 621 possit
2287 579 2309 611 ,
2339 542 2552 612 orat,

379 661 474 710 ne
526 657 740 706 suum
782 628 1139 704 luctum¹³
1182 633 1408 729 patris
1445 631 1770 728 lacrymis
1789 686 1809 719 ‚
1859 635 2083 730 patris
2128 655 2544 708 moerorem

381 771 515 818 suo
546 745 725 817 fletu
757 743 1096 840 augeatis.
1144 742 1290 831 Qui
1344 741 1557 813 etiam
1607 765 1723 814 me
1755 743 2123 832 intuetur,
2161 767 2284 816 me
2312 747 2544 818 vultu

378 853 725 954 appellat,
754 876 985 924 meam
1020 851 1340 948 quodam
1379 851 1603 923 modo
1645 851 1835 936 (flens
1876 850 2095 946 fidetn
2135 855 2538 952 implorat,

378 993 461 1042 ac
492 969 759 1067 repetit
804 991 963 1038 eam
986 1021 1007 1056 ,
1060 989 1279 1063 quam
1339 991 1476 1063 ego
1520 968 1708 1065 patri
1759 992 1892 1040 suo
1958 969 2334 1068 quondam
2383 995 2536 1068 pro

381 1080 612 1151 salute
660 1079 905 1178 patriae
958 1073 1479 1176 spoponderim
1510 1127 1530 1166 ,
1584 1076 2026 1176 dignitatem.
2075 1079 2534 1150 Miseremini

378 1186 659 1261 familiae
682 1243 702 1278 ,
735 1184 1015 1284 judices
1036 1235 1056 1276 ‚
1100 1186 1540 1258 miseremini
1587 1183 1953 1258 fortissimi
1997 1191 2258 1285 patris,
2299 1193 2528 1262 mise·-

376 1300 635 1372 remini
666 1296 841 1369 filii:
877 1297 1227 1369 nomen¹⁴
1256 1296 1731 1368 clarissimum
1756 1310 1829 1368 et
1861 1295 2330 1370 fortissimum
2349 1353 2369 1388 ,
2407 1297 2523 1370 vei

375 1413 655 1510 generis
676 1463 696 1498 ,
731 1409 847 1480 vel
878 1405 1252 1480 vetustatis
1272 1457 1293 1497 ‚
1322 1405 1438 1478 vel
1465 1407 1785 1480 hominis
1815 1431 2024 1492 causa
2041 1462 2062 1498 ‚
2104 1410 2206 1480 rei
2212 1409 2520 1508 publicae

375 1533 755 1592 reservate.

455 1706 537 1739 ια.
564 1691 763 1737 Sensum
790 1683 1056 1752 μεγαίρω.
1095 1684 1308 1735 Periculi
1349 1685 1402 1733 in
1490 1699 1678 1736 mum».
1699 1687 1893 1736 Manat.
1917 1685 2113 1735 «civem
2139 1685 2512 1736 clarissimum·-

377 1747 482 1832 qu3
498 1779 550 1816 et
576 1777 715 1832 pater
734 1776 781 1813 et
804 1766 909 1831 ipse
928 1775 1162 1814 versetur.
1491 1766 1589 1816 sed
1603 1803 1620 1830 ,
1651 1773 1708 1815 nt
1731 1765 1957 1815 observat
1980 1767 2302 1826 GmtonIm,
2335 1783 2513 1816 nomen

450 1848 532 1896 13.
562 1849 642 1896 Ne
666 1861 805 1894 suum
829 1845 1033 1895 luctum.
1060 1845 1169 1894 Vos
1190 1853 1320 1908 ont,
1341 1856 1406 1893 ne
1491 1845 1646 1910 ipsiu·
1668 1855 1740 1893 est
1765 1846 1956 1906 icei3
1978 1847 2028 1894 ei
2052 1847 2254 1912 respicit
2282 1837 2512 1894 nobilita-

378 1923 473 1974 mii
490 1925 713 1974 dolorem
731 1925 883 1989 patris
904 1924 1048 1974 laetu
1070 1924 1290 1989 angentis
1307 1957 1322 1983 ,
1341 1938 1405 1971 ne
1493 1935 1591 1974 tem
1611 1923 1933 1985 Valeriorum,
1961 1925 2186 1989 factaque
2211 1935 2317 1973 tum
2343 1925 2506 1982 Flacci,

376 2015 567 2070 patrem
627 2020 767 2054 suum
812 2001 903 2052 filii
963 2001 1129 2052 dolori
1176 2003 1400 2053 indolere
1493 2016 1600 2054 tum
1630 2005 1734 2066 ejus
1757 2005 2000 2067 majorum
2023 2005 2167 2053 forti·
2197 2015 2250 2053 et
2277 2005 2403 2070 reip.
2425 2004 2508 2052 uti-

374 2085 573 2149 eogaus.
1483 2083 1571 2134 lin.
1617 2087 1692 2133 Itu
1743 2095 1856 2148 post
1907 2084 2144 2135 Reditum
2199 2084 2256 2132 in
2299 2083 2503 2140 Senatu,

454 2173 536 2222 14.
580 2163 765 2212 Nomen
808 2162 1153 2214 clarissimum.
1192 2162 1398 2212 Anium
1483 2179 1594 2230 etp.
1619 2164 1684 2212 15
1699 2177 1718 2214 t
1761 2187 1787 2207 ιι
1807 2163 2114 2216 Desidet-inm
2155 2164 2256 2213 mei
2300 2161 2506 2214 nomini·

378 2244 543 2294 Ursini
606 2243 777 2295 maluit
827 2266 853 2292 ι
879 2243 1128 2295 hominem
1186 2242 1397 2293 elarini·
1483 2242 1709 2294 renovari
1727 2261 1774 2294 a.
