2594 4537
363 297 494 345 112

987 272 1085 340 M.
1136 272 1216 339 T.
1265 270 1851 342 CICERONIS

351 402 434 469 L.
488 392 790 467 Lucullo
853 390 1277 481 dimicante,
1334 416 1501 465 cum
1562 391 1953 465 interfectis
2002 394 2308 467 ducibus
2350 396 2447 467 de·
2526 476 2528 487 Ι

351 530 598 607 pressa
633 502 950 575 hostium
992 502 1232 575 classis
1251 558 1271 593 ,
1311 518 1383 576 et
1413 504 1851 579 incredibilis
1884 504 2083 605 apud
2116 507 2449 579 Tenedum

352 641 600 718 pugna
636 614 756 685 illa
791 612 1055 685 navalis
1077 612 1144 657 ¹³
1177 641 1194 683 x
1234 629 1483 685 nostra
1514 629 1685 687 sunt
1714 628 1987 713 tropaea
2007 668 2026 699 ‚
2058 630 2301 686 nostra
2326 640 2447 686 mo-

351 740 738 813 numenta,
797 726 1027 796 nostri
1075 724 1446 823 triumphi.
1500 728 1782 813 Quare,
1824 750 2143 822 quorum
2185 728 2448 823 ingeniis
2528 754 2530 759 ·

353 839 508 911 hoec
550 837 910 923 feruntur,
946 833 1038 906 ab
1083 836 1194 906 his
1229 835 1482 934 populi
1518 837 1800 907 romani
1836 834 2024 907 fama
2058 836 2446 908 celebratur.

453 954 680 1021 Carus
712 945 852 1019 fuit
883 943 1222 1018 Africano
1259 947 1615 1044 superiori
1641 960 1888 1017 noster
1912 950 2212 1017 Ennius.
2237 951 2449 1041 Itaque
2530 942 2532 1009 ἓ

357 1059 569 1131 etiam
615 1060 692 1128 in
740 1057 1071 1154 sepulcro
1115 1056 1537 1154 Scipionum
1563 1058 1623 1107 ¹4
1668 1070 1963 1154 putatur
2008 1057 2069 1127 is
2116 1080 2271 1128 esse
2310 1081 2449 1128 con·

355 1172 649 1241 stitutus
686 1191 727 1237 e
761 1189 1120 1237 marmore
1144 1163 1231 1236 ¹⁵.
1264 1169 1355 1237 At
1390 1166 1476 1237 iis
1512 1166 1846 1238 laudibus
1870 1163 1933 1209 ¹⁶
1972 1181 2165 1238 certe
2198 1192 2342 1239 non
2368 1192 2451 1237 so-
2532 1212 2534 1261 7

355 1280 512 1351 lum
565 1280 744 1376 ipsi,
809 1278 940 1374 qui
1006 1274 1418 1364 laudantur,
1468 1276 1595 1347 sed
1648 1278 1862 1347 etiam
1908 1277 2164 1375 populi
2210 1274 2453 1350 romani

357 1412 632 1462 nomen
669 1401 990 1458 ornatur.
1029 1389 1112 1455 ln
1153 1384 1407 1456 caelum
1444 1385 1663 1481 hujus
1702 1410 2017 1483 proavus
2062 1390 2317 1457 Cato¹⁷
2353 1383 2455 1455 tol·

357 1502 579 1574 litur:
624 1521 931 1595 magnus
979 1495 1218 1565 honos
1267 1495 1520 1593 populi
1568 1496 1853 1567 romani
1893 1493 2115 1567 rebus
2156 1494 2456 1591 adjungi·

359 1630 502 1701 tur.
553 1614 824 1681 Omnes
871 1606 1188 1703 denique
1225 1605 1327 1677 illi
1371 1607 1708 1695 Maximi,
1751 1606 2103 1694 Marcelli,
2151 1606 2369 1677 Fulvii
2390 1598 2456 1685 ¹⁸,

360 1746 517 1795 non
552 1724 708 1791 sine
754 1720 1127 1790 communi
1164 1718 1496 1787 omnium
1536 1731 1863 1789 nostrum
1906 1716 2116 1788 laude
2151 1715 2461 1790 decoran-

358 1850 504 1904 tur.
560 1835 750 1927 Ergo
798 1827 1002 1899 illum
1025 1882 1046 1915 ,
1091 1829 1219 1924 qui
1268 1828 1423 1899 haec
1471 1824 1771 1913 fecerat,
1815 1826 2135 1899 Rudium
2160 1838 2222 1885 ¹9
2258 1828 2459 1900 homi-

363 1967 568 2032 nem,
605 1940 918 2035 majores
961 1939 1192 2010 nostri
1239 1939 1318 2008 in
1357 1938 1715 2010 civitatem
1750 1956 2187 2036 receperunt
2208 1952 2311 2011 ²⁰:
2352 1960 2463 2009 nos

359 2052 562 2124 hunc
615 2048 1272 2136 Heracleensem²¹,
1324 2047 1571 2119 multis
1614 2046 2019 2121 civitatibus
2056 2052 2461 2148 expetitum.

439 2285 460 2318 ι
472 2267 520 2318 3.
542 2267 718 2334 Pugna
737 2265 827 2315 illa
849 2265 1054 2315 navalis.
1071 2266 1206 2313 Duas
1221 2275 1383 2313 autem

367 2361 416 2400 et
429 2349 626 2414 triginta
639 2364 786 2396 naves
803 2347 956 2410 regias
967 2344 1198 2394 Lucullus
1209 2355 1386 2410 praeter

365 2430 608 2478 onerarias
651 2425 926 2489 complures
973 2423 1263 2472 demerserat
1302 2434 1387 2472 aut

363 2518 575 2572 ceperat.
605 2504 686 2555 Cf.
717 2503 891 2552 Manil.
920 2505 949 2550 8
968 2537 984 2561 ,
1007 2503 1057 2551 5.

442 2593 521 2642 14.
546 2583 606 2630 In
626 2579 843 2645 sepulcro
862 2578 1156 2644 Scipionum.
1177 2579 1256 2628 Ad
1275 2593 1391 2645 por·

367 2676 466 2713 tam
490 2663 764 2724 Capenam3
791 2659 842 2705 in
867 2673 968 2722 qno
991 2669 1150 2706 tamen
1172 2674 1233 2706 an
1255 2659 1388 2707 Afri-

365 2758 518 2791 canus
537 2738 617 2786 ille
631 2773 645 2797 ,
673 2739 754 2786 eui
775 2753 916 2784 carus
933 2737 1119 2785 Ennius
1145 2737 1262 2796 fuit,
1285 2737 1390 2800 ipse

367 2818 585 2886 sepultus
610 2818 700 2874 ait,
730 2814 1008 2879 ambigitur.
1036 2815 1235 2862 Periisse
1260 2815 1391 2863 enim

369 2919 400 2950 a
432 2897 598 2948 multia
633 2895 845 2944 ereditur
874 2897 928 2942 iu
964 2895 1241 2959 Campaniae
1276 2895 1389 2942 vico

367 2982 566 3030 Literno
583 3013 598 3038 ,
633 2977 797 3040 ibique
824 2975 1044 3039 sepultus
1070 2991 1190 3024 ease.
1221 2975 1300 3024 Cf.
1330 2977 1389 3024 T.

369 3060 475 3108 Liv.
516 3057 777 3115 xxxlx,
816 3055 912 3112 563
953 3054 1077 3102 Pliu.
1117 3055 1244 3114 vn,
1293 3054 1391 3110 303

375 3138 529 3188 Soliu.
569 3151 680 3199 cap.
713 3149 772 3196 73
804 3129 914 3180 Val.
950 3133 1085 3181 Max.
1111 3133 1263 3192 v111,
1297 3142 1392 3193 14,

377 3235 426 3268 1.
457 3220 604 3267 Auno
647 3215 779 3277 1780
813 3215 861 3262 J.
895 3215 952 3262 B.
983 3212 1198 3262 Viscomi
1223 3213 1390 3276 sepul-

375 3299 544 3346 chrum
558 3296 654 3343 boc
672 3294 908 3342 invenisse
922 3292 1191 3341 contendit.
1208 3294 1283 3340 De
1296 3308 1393 3356 qua

371 3395 425 3426 re
439 3413 454 3438 ,
481 3373 620 3448 plum
650 3371 786 3420 dabit
821 3371 1122 3436 Authologia
1147 3373 1391 3430 Romana,

371 3459 472 3505 vn
489 3489 508 3514 ,
533 3471 584 3519 p.
612 3453 734 3513 377.

447 3537 530 3586 15.
575 3529 865 3582 Constitutus
890 3546 918 3576 e
941 3547 1201 3579 marmore.
1242 3529 1393 3592 Quod

373 3627 697 3666 marmoreum
741 3612 794 3657 in
845 3609 1088 3675 Scipionis
1131 3609 1393 3675 sepulchro

375 3694 680 3745 simulacrum
698 3691 914 3755 positum
931 3699 1006 3738 eat
1019 3723 1034 3748 ,
1052 3689 1106 3737 id
1127 3687 1274 3736 Euuii
1291 3705 1394 3737 ease

376 3773 524 3836 vulgo
543 3765 734 3834 putant.

451 3852 531 3899 ιδ.
579 3847 651 3896 lis
689 3845 926 3895 laudibus.
974 3845 1165 3909 Quibus
1202 3847 1294 3894 viri
1334 3846 1395 3894 de

375 3947 476 3996 rep.
498 3929 622 3976 bene
647 3925 805 3973 meriti
827 3935 1080 3988 poetarum
1104 3924 1395 3974 carminibus

379 4008 700 4058 celebrantur.

1550 2281 1629 2332 17.
1664 2266 1729 2314 In
1761 2264 1931 2314 eaelum
1968 2262 2108 2332 hujus
2130 2283 2338 2330 proavus
2366 2266 2463 2316 can

1471 2345 1673 2394 tollitur.
1713 2345 2002 2408 Censorius,
2042 2347 2118 2394 M.
2147 2346 2346 2395 Catonis
2374 2345 2464 2392 Uti·
2540 2363 2542 2404 3

1474 2424 1631 2472 centia
1650 2439 1878 2488 proavus.

1550 2505 1631 2553 18.
1670 2502 1895 2551 Marcelli
1908 2536 1925 2562 ,
1956 2501 2125 2552 Fulvii.
2164 2506 2267 2568 Qui
2299 2503 2465 2554 militari

1474 2582 1617 2631 laude
1643 2580 1761 2630 clari
1784 2582 1997 2630 secundo
2020 2581 2149 2630 bello
2168 2595 2336 2632 contra
2357 2586 2467 2631 llan-

1476 2661 1607 2709 nibal
1612 2677 1687 2709 em
1701 2660 1888 2726 egregie
1896 2677 1989 2727 pro
2000 2662 2247 2726 republica
2258 2677 2469 2730 pugnave-

1460 2743 1610 2790 'ruut.
1634 2745 1761 2790 Sunt
1778 2750 1939 2788 autem
1958 2742 2020 2803 Q.
2044 2741 2221 2790 Fabius
2236 2743 2469 2796 Maximus,

1479 2821 1564 2885 qui
1624 2819 1902 2868 cunctando
1970 2837 2220 2870 romanam
2288 2822 2471 2872 restituit

1480 2915 1618 2958 rem3
1664 2902 1737 2948 M.
1791 2898 2023 2950 Claudius
2072 2902 2330 2950 Marcellus
2346 2937 2359 2960 ,
2402 2899 2471 2963 qni

1478 2978 1665 3043 primus
1700 2979 2021 3026 Hannibalem
2061 2978 2193 3028 vinci
2230 2997 2368 3045 poue
2394 2979 2469 3026 do·

1480 3058 1613 3116 cuit3
1634 3059 1699 3121 Q.
1718 3057 1917 3106 Fulviua
1936 3057 2159 3118 Flaccua,
2180 3061 2268 3124 qui
2284 3062 2471 3125 Capuam

1480 3136 1683 3199 recepit.

1558 3231 1638 3278 19.
1664 3213 1888 3264 Rudium.
1910 3216 2147 3275 Ennium,
2179 3219 2318 3280 cujus
2342 3217 2475 3284 patria

1480 3294 1675 3342 suerunt
1697 3295 1895 3354 Rudiae,
1922 3295 1973 3342 iu
1993 3295 2209 3346 Calabria
2236 3299 2384 3347 vicus.
2410 3297 2474 3346 cf.

1482 3372 1544 3421 de
1566 3374 1653 3421 Or.
1676 3376 1751 3421 111
1765 3411 1780 3437 ,
1800 3382 1849 3430 4.
1876 3373 2003 3423 eod.
2023 3376 2332 3428 Ambrosiau.
2348 3375 2475 3426 Rudi-

1482 3469 1615 3502 num.
1641 3454 1690 3501 J.
1706 3455 1771 3503 V.
1794 3455 1851 3502 1..

1553 3549 1638 3581 ao.
1668 3533 1881 3600 Μῄονες
1906 3533 2067 3581 nostri
2080 3535 2133 3583 in
2162 3536 2395 3585 civitatem
2420 3550 2479 3581 re-

1482 3623 1724 3676 ceperunt.
1767 3614 1829 3676 Q.
1867 3613 1999 3694 euim
2036 3614 2235 3663 Fulvius
2274 3615 2477 3666 Nobilior

1482 3693 1742 3754 superioris
1768 3691 1898 3740 filius
1924 3692 2119 3741 civitate
2144 3711 2255 3743 eum
2282 3693 2473 3743 donavit.

1484 3769 1621 3820 Brut.
1650 3788 1715 3819 ao
1733 3807 1747 3831 ,
1776 3774 1828 3822 S.

1554 3865 1584 3896 a
1594 3863 1615 3898 ι
1626 3883 1638 3896 .
1650 3852 2029 3899 Heracleensem.
2044 3852 2344 3903 Nobiliorem
2352 3867 2479 3916 quam

1484 3927 1723 3991 Ennium3
1756 3941 1939 3996 quanto
1972 3943 2173 3995 praestat
2208 3933 2373 3983 audii·
2396 3933 2477 3980 ue-

1484 4005 1655 4057 raclea.
