2594 4537
306 317 330 364 1
348 293 439 382 54
944 302 1041 368 Μ.
1092 301 1170 369 Τ.
1194 301 1770 370 ·G1cERONIS

292 443 439 516 que
476 424 914 492 Graecorum.
956 422 1213 494 Classis
1258 425 1553 495 nomine
1591 422 1968 522 pecuniam
2011 419 2438 492 civitatibus

292 529 711 626 imperatam
768 546 1232 628 queruntur:
1287 533 1490 630 quod
1543 557 1678 604 nos
1737 530 2003 602 factum
2033 585 2053 614 ‚
2097 530 2433 626 judices,

294 635 749 709 confitemur.
800 639 980 728 Sed,
1023 643 1081 712 si
1118 641 1259 713 hoc
1310 645 1584 714 crimen
1633 651 1811 729 θεῖ’,
1853 655 1978 712 aut
2019 641 2094 709 in
2140 665 2232 711 eo
2275 655 2434 725 est,

292 747 493 844 quod
544 773 699 820 non
741 749 1021 822 licuerit
1062 753 1461 851 imperare3
1521 767 1646 824 aut
1699 755 1778 822 in
1835 775 1924 822 eo
1945 803 1967 835 ‚
2021 749 2220 847 quod
2266 773 2432 820 non

291 881 478 954 opus
504 856 729 930 -fuerit
755 859 1098 950 navibus;
1131 879 1261 934 aut
1288 867 1364 934 in
1399 887 1526 952 ec,
1561 862 1764 961 quod
1797 861 2031 947 nulla,
2065 859 2208 932 hoc
2243 883 2434 958 prae·

292 981 489 1054 tore,
528 969 765 1042 classis
804 973 1175 1068 navigarit.

380 1080 698 1152 Licuisse
754 1095 837 1151 ut
880 1082 1276 1180 intelligas,
1337 1105 1690 1181 cognosce
1709 1080 1765 1171 ³,
1819 1080 2035 1180 quid,
2086 1104 2202 1150 me
2237 1101 2424 1149 con-

286 1187 481 1276 sule,
518 1202 807 1262 senatus
843 1190 1275 1280 decreverit,
1314 1219 1544 1292 quum
1581 1189 1874 1290 quidem
1911 1189 2092 1261 nihil
2125 1214 2168 1259 a
2203 1211 2424 1285 supe-

282 1297 595 1371 rioribus
646 1305 1163 1376 continuorum
1208 1328 1569 1374 annorum
1619 1303 1926 1374 decretis
1961 1300 2348 1371 decesserit
2363 1295 2420 1367 ⁴.

280 1411 1045 1482 SmATnscoNsuL‘ruu.
1110 1415 1526 1483 Proximum
1591 1428 1700 1483 est
1762 1434 1974 1508 erg0,
2029 1411 2153 1495 ut,
2227 1431 2438 1505 opus·

278 1514 496 1588 fuerit
552 1520 775 1591 classe
799 1575 819 1609 ‚
872 1545 1103 1592 necne
1126 1574 1145 1609 ‚
1206 1537 1638 1618 quaeramus..
1695 1524 1958 1590 Utrum
2003 1519 2222 1616 igitur
2272 1515 2422 1586 hoc

283 1629 510 1700 Graeci
550 1644 911 1717 statuent,
954 1645 1081 1702 aut
1120 1631 1285 1702 ullae
1328 1647 1588 1704 exterae
1633 1633 1994 1712 nationeS‚
2029 1655 2122 1700 an
2159 1624 2420 1699 vesu-3³

279 1751 661 1833 praetore3‚
696 1744 913 1810 vestri
948 1740 1167 1813 duces
1189 1797 1209 1830 ,
1244 1743 1464 1812 vestri
1500 1739 2015 1838 imperatores?
2055 1733 2414 1834 Equidem

274 1848 607 1917 existimo
631 1901 651 1931 ‚
696 1851 773 1919 in
810 1849 1165 1944 ejusmodi
1202 1852 1503 1948 regione
1542 1865 1762 1948 atque
1795 1849 2161 1947 provincia
2183 1901 2204 1932 ‚
2249 1869 2418 1941 quae

269 1958 449 2026 mari
502 1959 771 2046 cincta,
830 1959 1161 2057 portibus
1212 1960 1547 2032 distincta
1571 1955 1628 2048 ⁶,
1672 1960 1926 2031 insulis
1969 1957 2414 2029 circumdata

272 2079 501 2154 esset,
558 2092 711 2138 non
766 2069 1003 2142 solum
1062 2071 1416 2169 praesidii,
1479 2071 1606 2143 sed
1657 2073 1870 2142 etiam
1915 2066 2224 2140 ornandi
2277 2069 2414 2150 im·-

272 2177 451 2276 perii
504 2201 755 2265 causa,
809 2181 1295 2279 navigandum
1351 2181 1592 2254 fuisse.
1645 2187 1808 2254 Haec
1863 2183 2054 2254 enim
2099 2180 2284 2249 ratio
2327 2201 2416 2248 ac

272 2288 696 2383 magnitudo
742 2292 1151 2363 animorum
1202 2296 1277 2363 in
1321 2292 1715 2389 majoribus
1757 2293 2022 2363 nostris
2064 2288 2239 2373 fuit,
2279 2304 2409 2375 ut,

270 2421 499 2492 quum
528 2397 605 2467 in
640 2401 935 2494 privatis
962 2399 1182 2472 rebus
1206 2413 1261 2485 ⁷,
1303 2405 1598 2500 suisque
1625 2402 2038 2501 sumptibus
2058 2454 2078 2485 ,
2105 2401 2412 2470 minimo

271 2510 598 2576 contenti
620 2561 639 2594 ,
672 2512 1094 2581 tenuissimo
1121 2512 1324 2584 cultu
1355 2516 1682 2585 viverent
1701 2568 1721 2600 ‚
1747 2514 1824 2583 in
1851 2512 2158 2609 imperio
2185 2522 2412 2605 atque

268 2618 343 2685 in
381 2616 674 2713 publica
700 2618 1043 2717 dignitate
1068 2626 1311 2696 omnia
1342 2623 1430 2695 ad
1463 2624 1761 2723 gloriam
1793 2620 2410 2721 splendoremque

268 2736 713 2799 revocarent.
758 2733 1123 2821 Quaeritur
1154 2736 1348 2805 enim
1386 2736 1462 2805 in
1491 2758 1570 2805 re
1607 2734 1999 2806 domestica
2027 2734 2410 2803 continen-

270 2836 385 2905 tiae
424 2832 660 2925 laus83
702 2839 777 2909 in
815 2840 1140 2938 publica,
1174 2843 1562 2943 dignitatis.
1603 2840 1821 2934 Quod
1870 2844 1929 2914 si
1974 2842 2189 2913 etiam
2221 2865 2407 2939 prae·

333 3081 383 3115 a.
400 3065 456 3114 Si
470 3064 561 3115 Ιιοσ
574 3067 755 3117 crimen
768 3070 1279 3124 eseccrimimtiouem
1443 3075 1489 3123 5.
1499 3073 1674 3125 Vestri.
1689 3072 1896 3124 Codices
1911 3072 2140 3127 nonnulli
2155 3096 2180 3115 ι
2191 3073 2348 3121 nostri
2359 3092 2408 3131 ³,
2431 3100 2444 3113 ο

260 3144 389 3193 hane
422 3144 476 3195 in
510 3148 667 3211 capita
712 3149 803 3197 tria
848 3149 1095 3201 disti-ibuit
1112 3186 1127 3209 ‚
1170 3168 1281 3216 qun
1369 3154 1506 3217 quod
1563 3154 1766 3202 omnino
1827 3151 2181 3201 restituendum
2237 3162 2408 3201 cenet

262 3224 451 3288 singula
474 3237 545 3275 est
567 3227 915 3291 exagitatum.
1371 3232 1690 3291 Garamum,
1715 3232 1854 3296 quod
1881 3248 1984 3281 non
2007 3231 2140 3297 apud
2162 3230 2408 3297 populum

324 3304 372 3353 3.
416 3306 675 3369 Cognosce.
702 3309 771 3355 Ut
796 3308 849 3356 id
878 3309 1072 3358 licuisse
1098 3310 1279 3359 intelli‘-
1367 3314 1458 3361 ista
1499 3312 1759 3374 dicentum
1797 3312 1934 3375 quui
1983 3326 2084 3359 non
2118 3310 2308 3372 jndice·
2349 3312 2406 3358 in

252 3398 364 3447 gu,
392 3384 507 3433 Lali
526 3420 541 3443 ‚
560 3402 623 3435 en
650 3386 741 3435 tibi
763 3388 979 3437 recitabo
1007 3389 1277 3452 decretum,
1367 3402 1554 3457 partem
1579 3394 1752 3458 populi
1773 3393 2012 3441 venirent.

250 3462 389 3527 qnod
406 3480 483 3511 me
505 3466 729 3525 consule,
756 3477 947 3515 senatus
958 3469 1119 3528 jussit.
1343 3479 1352 3485 ‘
1435 3472 1486 3519 6.
1504 3470 1719 3520 Portibus
1747 3471 1996 3521 discincta.
2025 3470 2230 3519 Vax-iant
2243 3471 2406 3527 MSS,

314 3552 366 3600 4.
392 3544 674 3593 Decesserie.
704 3547 867 3608 Quum
892 3548 1095 3595 omnino
1122 3559 1276 3597 trans-
1365 3568 1497 3599 nunc
1524 3572 1546 3595 ιι
1565 3552 1796 3616 portibus
1813 3574 1840 3593 ι·
1855 3588 1872 3613 ,
1899 3566 2032 3599 nunc
2047 3571 2074 3591 ο
2089 3548 2336 3613 portubus
2355 3572 2404 3599 a.

246 3620 458 3670 Initium
474 3624 825 3688 superioribus,
837 3638 887 3675 et
900 3627 1277 3690 praecedentium
1441 3648 1484 3692 7.
1507 3633 1563 3677 In
1575 3630 1844 3694 primibus
1861 3630 2015 3677 rebus.
2041 3631 2115 3677 De
2130 3627 2406 3677 domestica

244 3716 483 3749 annorum
499 3702 707 3752 decretis
723 3704 869 3753 suerit
883 3706 1053 3756 simile.
1064 3734 1132 3745 -
1145 3711 1279 3757 Iam·
1363 3708 1459 3757 hac
1477 3711 1812 3759 Romanorum
1833 3720 2046 3757 veterum
2065 3707 2406 3770 simplicitate,

244 3781 389 3828 binus
406 3782 553 3831 habet
576 3806 599 3829 ι
623 3785 895 3835 discesserit
911 3809 964 3847 a,
986 3789 1120 3852 qnod
1148 3803 1269 3853 pro-
1359 3786 1556 3850 publiea
1593 3802 1710 3837 vem
1737 3784 2118 3851 magnificentia,
2143 3784 2255 3839 *side
2285 3800 2406 3847 qun·

247 3860 333 3909 bat
366 3864 689 3923 Gai-atomum
738 3883 1030 3931 quamquam
1066 3870 1271 3919 omnino
1359 3878 1594 3917 notantur
1615 3866 1680 3913 ad
1701 3877 1825 3915 orat.
1859 3882 1952 3930 pro
1971 3866 2102 3913 Mur.
2126 3880 2235 3927 cap.
2257 3865 2348 3911 36.

250 3956 393 3990 sensu
416 3942 587 3993 eodem
614 3968 639 3987 ι
659 3945 893 3995 decedere
909 3968 934 3989 ιο
952 3952 1179 4015 mnrpnri
1200 3948 1273 3997 fu-
1433 3948 1485 3995 8.
1543 3945 1887 3996 concinenter.
1947 3943 2290 4009 Simplicium
2339 3960 2408 3993 ae

258 4030 427 4071 tentur.
1363 4026 1637 4077 modestia.
