<?xml version="1.0" encoding="UTF-8"?>
<!DOCTYPE html PUBLIC "-//W3C//DTD XHTML 1.0 Transitional//EN"
    "http://www.w3.org/TR/xhtml1/DTD/xhtml1-transitional.dtd">
<html xmlns="http://www.w3.org/1999/xhtml" xml:lang="en" lang="en">
 <head>
  <title>
</title>
<meta http-equiv="Content-Type" content="text/html;charset=utf-8" />
  <meta name='ocr-system' content='tesseract 3.04.00' />
  <meta name='ocr-capabilities' content='ocr_page ocr_carea ocr_par ocr_line ocrx_word'/>
</head>
<body>
  <div class='ocr_page' id='page_1' title='image "./mtciceronisquae05lemagoog_0452.png"; bbox 0 0 2594 4537; ppageno 0'>
   <div class='ocr_carea' id='block_1_1' title="bbox 315 289 1753 384">
    <p class='ocr_par' dir='ltr' id='par_1_1' title="bbox 315 289 1753 384">
     <span class='ocr_line' id='line_1_1' title="bbox 315 289 1753 384; baseline -0.003 -17"><span class='ocrx_word' id='word_1_1' title='bbox 315 295 458 384; x_wconf 72' lang='lat'>2548</span> <span class='ocrx_word' id='word_1_2' title='bbox 1001 289 1753 365; x_wconf 79' lang='lat' dir='ltr'><strong>ARGUMENTUM.</strong></span> 
     </span>
    </p>
   </div>
   <div class='ocr_carea' id='block_1_2' title="bbox 371 407 2459 2224">
    <p class='ocr_par' dir='ltr' id='par_1_2' title="bbox 371 407 2459 1564">
     <span class='ocr_line' id='line_1_2' title="bbox 393 407 2456 494; baseline -0.001 -17"><span class='ocrx_word' id='word_1_3' title='bbox 393 421 452 477; x_wconf 87' lang='lat' dir='ltr'>in</span> <span class='ocrx_word' id='word_1_4' title='bbox 482 436 718 478; x_wconf 78' lang='lat' dir='ltr'>caveam</span> <span class='ocrx_word' id='word_1_5' title='bbox 739 416 994 474; x_wconf 78' lang='lat' dir='ltr'>immissa</span> <span class='ocrx_word' id='word_1_6' title='bbox 1019 435 1325 474; x_wconf 81' lang='lat' dir='ltr'>servorum</span> <span class='ocrx_word' id='word_1_7' title='bbox 1350 416 1749 490; x_wconf 86' lang='lat' dir='ltr'>multitudine,</span> <span class='ocrx_word' id='word_1_8' title='bbox 1776 435 1959 494; x_wconf 87' lang='lat' dir='ltr'>quum</span> <span class='ocrx_word' id='word_1_9' title='bbox 1987 415 2059 474; x_wconf 79' lang='lat' dir='ltr'>ad</span> <span class='ocrx_word' id='word_1_10' title='bbox 2076 415 2250 474; x_wconf 86' lang='lat' dir='ltr'>ludos</span> <span class='ocrx_word' id='word_1_11' title='bbox 2276 407 2456 475; x_wconf 82' lang='lat' dir='ltr'>liberi</span> 
     </span>
     <span class='ocr_line' id='line_1_3' title="bbox 391 512 2459 592; baseline -0.001 -18"><span class='ocrx_word' id='word_1_12' title='bbox 391 528 614 576; x_wconf 81' lang='lat' dir='ltr'>tantum</span> <span class='ocrx_word' id='word_1_13' title='bbox 627 512 900 572; x_wconf 77' lang='lat' dir='ltr'><strong>accedere</strong></span> <span class='ocrx_word' id='word_1_14' title='bbox 914 513 1184 573; x_wconf 79' lang='lat' dir='ltr'>solerent.</span> <span class='ocrx_word' id='word_1_15' title='bbox 1213 512 1276 569; x_wconf 79' lang='lat'>2⁰</span> <span class='ocrx_word' id='word_1_16' title='bbox 1295 519 1385 572; x_wconf 87' lang='lat' dir='ltr'>De</span> <span class='ocrx_word' id='word_1_17' title='bbox 1404 513 1549 572; x_wconf 87' lang='lat' dir='ltr'>locis</span> <span class='ocrx_word' id='word_1_18' title='bbox 1568 513 1744 571; x_wconf 83' lang='lat' dir='ltr'>sacris</span> <span class='ocrx_word' id='word_1_19' title='bbox 1766 531 2105 590; x_wconf 83' lang='lat' dir='ltr'>responsum</span> <span class='ocrx_word' id='word_1_20' title='bbox 2127 533 2249 570; x_wconf 83' lang='lat' dir='ltr'>non</span> <span class='ocrx_word' id='word_1_21' title='bbox 2273 516 2459 592; x_wconf 80' lang='lat' dir='ltr'>perti-</span> 
     </span>
     <span class='ocr_line' id='line_1_4' title="bbox 389 607 2457 688; baseline -0 -18"><span class='ocrx_word' id='word_1_22' title='bbox 389 631 528 670; x_wconf 87' lang='lat' dir='ltr'>nere</span> <span class='ocrx_word' id='word_1_23' title='bbox 549 609 622 667; x_wconf 85' lang='lat' dir='ltr'>ad</span> <span class='ocrx_word' id='word_1_24' title='bbox 645 608 882 666; x_wconf 88' lang='lat' dir='ltr'>domum</span> <span class='ocrx_word' id='word_1_25' title='bbox 901 628 1084 681; x_wconf 84' lang='lat' dir='ltr'>suam,</span> <span class='ocrx_word' id='word_1_26' title='bbox 1108 623 1315 688; x_wconf 85' lang='lat' dir='ltr'><strong>utpote</strong></span> <span class='ocrx_word' id='word_1_27' title='bbox 1342 607 1416 668; x_wconf 80' lang='lat' dir='ltr'>ab</span> <span class='ocrx_word' id='word_1_28' title='bbox 1440 610 1601 668; x_wconf 89' lang='lat' dir='ltr'>omni</span> <span class='ocrx_word' id='word_1_29' title='bbox 1626 607 1909 688; x_wconf 78' lang='lat' dir='ltr'><strong>religione</strong></span> <span class='ocrx_word' id='word_1_30' title='bbox 1930 607 2197 668; x_wconf 81' lang='lat' dir='ltr'>omnihus</span> <span class='ocrx_word' id='word_1_31' title='bbox 2214 610 2457 686; x_wconf 83' lang='lat' dir='ltr'>judiciis</span> 
     </span>
     <span class='ocr_line' id='line_1_5' title="bbox 394 705 2457 787; baseline -0.002 -19"><span class='ocrx_word' id='word_1_32' title='bbox 394 708 690 768; x_wconf 79' lang='lat' dir='ltr'><strong>liberatam</strong></span> <span class='ocrx_word' id='word_1_33' title='bbox 711 749 729 776; x_wconf 87' lang='lat'>‚</span> <span class='ocrx_word' id='word_1_34' title='bbox 758 705 859 764; x_wconf 88' lang='lat' dir='ltr'>sed</span> <span class='ocrx_word' id='word_1_35' title='bbox 891 705 963 764; x_wconf 83' lang='lat' dir='ltr'>ad</span> <span class='ocrx_word' id='word_1_36' title='bbox 993 725 1122 766; x_wconf 79' lang='lat' dir='ltr'>eam</span> <span class='ocrx_word' id='word_1_37' title='bbox 1154 727 1329 786; x_wconf 80' lang='lat' dir='ltr'>quam</span> <span class='ocrx_word' id='word_1_38' title='bbox 1356 706 1595 766; x_wconf 82' lang='lat' dir='ltr'>Clodius</span> <span class='ocrx_word' id='word_1_39' title='bbox 1621 705 1948 787; x_wconf 82' lang='lat' dir='ltr'>possideat,</span> <span class='ocrx_word' id='word_1_40' title='bbox 1976 719 2171 766; x_wconf 84' lang='lat' dir='ltr'>vetere</span> <span class='ocrx_word' id='word_1_41' title='bbox 2210 707 2457 766; x_wconf 85' lang='lat' dir='ltr'>domino</span> 
     </span>
     <span class='ocr_line' id='line_1_6' title="bbox 391 799 2459 884; baseline 0 -22"><span class='ocrx_word' id='word_1_42' title='bbox 391 799 470 879; x_wconf 90' lang='lat' dir='ltr'>Q.</span> <span class='ocrx_word' id='word_1_43' title='bbox 498 804 634 866; x_wconf 87' lang='lat' dir='ltr'>Seio</span> <span class='ocrx_word' id='word_1_44' title='bbox 659 803 996 875; x_wconf 81' lang='lat' dir='ltr'>interfecto,</span> <span class='ocrx_word' id='word_1_45' title='bbox 1015 804 1236 884; x_wconf 80' lang='lat' dir='ltr'>quippe</span> <span class='ocrx_word' id='word_1_46' title='bbox 1261 805 1325 863; x_wconf 85' lang='lat' dir='ltr'>in</span> <span class='ocrx_word' id='word_1_47' title='bbox 1353 825 1423 864; x_wconf 83' lang='lat' dir='ltr'>ea</span> <span class='ocrx_word' id='word_1_48' title='bbox 1453 804 1727 862; x_wconf 79' lang='lat' dir='ltr'>sacellum</span> <span class='ocrx_word' id='word_1_49' title='bbox 1751 818 1925 883; x_wconf 81' lang='lat' dir='ltr'>atque</span> <span class='ocrx_word' id='word_1_50' title='bbox 1954 823 2081 863; x_wconf 77' lang='lat' dir='ltr'>aras</span> <span class='ocrx_word' id='word_1_51' title='bbox 2108 804 2305 877; x_wconf 82' lang='lat' dir='ltr'>fuisse,</span> <span class='ocrx_word' id='word_1_52' title='bbox 2324 825 2459 882; x_wconf 77' lang='lat' dir='ltr'><strong>quae</strong></span> 
     </span>
     <span class='ocr_line' id='line_1_7' title="bbox 371 891 2459 980; baseline -0.001 -20"><span class='ocrx_word' id='word_1_53' title='bbox 371 922 546 974; x_wconf 49' lang='lat' dir='ltr'>,nunc</span> <span class='ocrx_word' id='word_1_54' title='bbox 570 901 820 980; x_wconf 84' lang='lat' dir='ltr'>profano</span> <span class='ocrx_word' id='word_1_55' title='bbox 849 921 960 960; x_wconf 84' lang='lat' dir='ltr'>usu</span> <span class='ocrx_word' id='word_1_56' title='bbox 984 899 1331 960; x_wconf 78' lang='lat' dir='ltr'><strong>habeantur.</strong></span> <span class='ocrx_word' id='word_1_57' title='bbox 1373 897 1438 959; x_wconf 84' lang='lat'>3⁰</span> <span class='ocrx_word' id='word_1_58' title='bbox 1460 905 1742 961; x_wconf 84' lang='lat' dir='ltr'>Oratores</span> <span class='ocrx_word' id='word_1_59' title='bbox 1768 891 2116 980; x_wconf 82' lang='lat' dir='ltr'>significatos</span> <span class='ocrx_word' id='word_1_60' title='bbox 2144 901 2339 960; x_wconf 83' lang='lat' dir='ltr'>videri</span> <span class='ocrx_word' id='word_1_61' title='bbox 2370 902 2459 958; x_wconf 89' lang='lat' dir='ltr'>le-</span> 
     </span>
     <span class='ocr_line' id='line_1_8' title="bbox 393 996 2458 1078; baseline -0 -22"><span class='ocrx_word' id='word_1_62' title='bbox 393 1011 558 1077; x_wconf 84' lang='lat' dir='ltr'>gatos</span> <span class='ocrx_word' id='word_1_63' title='bbox 599 996 992 1056; x_wconf 82' lang='lat' dir='ltr'>Theodosium</span> <span class='ocrx_word' id='word_1_64' title='bbox 1021 1010 1082 1055; x_wconf 88' lang='lat' dir='ltr'>et</span> <span class='ocrx_word' id='word_1_65' title='bbox 1105 999 1430 1070; x_wconf 79' lang='lat' dir='ltr'>Platorem,</span> <span class='ocrx_word' id='word_1_66' title='bbox 1477 1017 1730 1078; x_wconf 85' lang='lat' dir='ltr'>quorum</span> <span class='ocrx_word' id='word_1_67' title='bbox 1758 999 1855 1058; x_wconf 90' lang='lat' dir='ltr'>ille</span> <span class='ocrx_word' id='word_1_68' title='bbox 1882 1019 1991 1077; x_wconf 86' lang='lat' dir='ltr'>per</span> <span class='ocrx_word' id='word_1_69' title='bbox 2022 997 2294 1058; x_wconf 89' lang='lat' dir='ltr'>Clodium</span> <span class='ocrx_word' id='word_1_70' title='bbox 2312 1043 2329 1072; x_wconf 89' lang='lat'><strong>,</strong></span> <span class='ocrx_word' id='word_1_71' title='bbox 2362 999 2458 1055; x_wconf 87' lang='lat' dir='ltr'>hic</span> 
     </span>
     <span class='ocr_line' id='line_1_9' title="bbox 399 1093 2459 1175; baseline 0 -21"><span class='ocrx_word' id='word_1_72' title='bbox 399 1095 625 1156; x_wconf 81' lang='lat' dir='ltr'>Pisonis</span> <span class='ocrx_word' id='word_1_73' title='bbox 654 1095 860 1155; x_wconf 80' lang='lat' dir='ltr'>fraude</span> <span class='ocrx_word' id='word_1_74' title='bbox 887 1095 1112 1155; x_wconf 86' lang='lat' dir='ltr'>occisus</span> <span class='ocrx_word' id='word_1_75' title='bbox 1141 1096 1229 1154; x_wconf 87' lang='lat' dir='ltr'>sit.</span> <span class='ocrx_word' id='word_1_76' title='bbox 1261 1094 1331 1166; x_wconf 75' lang='lat'>4⁰</span> <span class='ocrx_word' id='word_1_77' title='bbox 1356 1093 1565 1155; x_wconf 87' lang='lat' dir='ltr'>-Fidem</span> <span class='ocrx_word' id='word_1_78' title='bbox 1582 1095 1963 1175; x_wconf 76' lang='lat' dir='ltr'>jurisjurandi</span> <span class='ocrx_word' id='word_1_79' title='bbox 1985 1097 2177 1154; x_wconf 81' lang='lat' dir='ltr'>notari</span> <span class='ocrx_word' id='word_1_80' title='bbox 2198 1110 2459 1174; x_wconf 73' lang='lat' dir='ltr'>spretam</span> 
     </span>
     <span class='ocr_line' id='line_1_10' title="bbox 398 1189 2459 1272; baseline -0.001 -20"><span class='ocrx_word' id='word_1_81' title='bbox 398 1193 540 1252; x_wconf 89' lang='lat' dir='ltr'>olim</span> <span class='ocrx_word' id='word_1_82' title='bbox 569 1214 602 1253; x_wconf 78' lang='lat' dir='ltr'>a</span> <span class='ocrx_word' id='word_1_83' title='bbox 624 1192 954 1272; x_wconf 83' lang='lat' dir='ltr'>judicibus,</span> <span class='ocrx_word' id='word_1_84' title='bbox 982 1194 1084 1272; x_wconf 87' lang='lat' dir='ltr'>qui</span> <span class='ocrx_word' id='word_1_85' title='bbox 1125 1193 1399 1253; x_wconf 88' lang='lat' dir='ltr'>Clodium</span> <span class='ocrx_word' id='word_1_86' title='bbox 1429 1195 1734 1253; x_wconf 81' lang='lat' dir='ltr'>manifesto</span> <span class='ocrx_word' id='word_1_87' title='bbox 1770 1194 2025 1253; x_wconf 85' lang='lat' dir='ltr'>incestus</span> <span class='ocrx_word' id='word_1_88' title='bbox 2060 1190 2304 1252; x_wconf 84' lang='lat' dir='ltr'>crimine</span> <span class='ocrx_word' id='word_1_89' title='bbox 2346 1189 2459 1250; x_wconf 77' lang='lat' dir='ltr'>ab·</span> 
     </span>
     <span class='ocr_line' id='line_1_11' title="bbox 397 1281 2455 1369; baseline -0.001 -19"><span class='ocrx_word' id='word_1_90' title='bbox 397 1291 692 1350; x_wconf 85' lang='lat' dir='ltr'>solverint.</span> <span class='ocrx_word' id='word_1_91' title='bbox 721 1288 790 1348; x_wconf 82' lang='lat'>5⁰</span> <span class='ocrx_word' id='word_1_92' title='bbox 813 1291 1084 1369; x_wconf 86' lang='lat' dir='ltr'>Denique</span> <span class='ocrx_word' id='word_1_93' title='bbox 1108 1291 1294 1351; x_wconf 81' lang='lat' dir='ltr'>scelus</span> <span class='ocrx_word' id='word_1_94' title='bbox 1323 1291 1515 1351; x_wconf 89' lang='lat' dir='ltr'>Clodii</span> <span class='ocrx_word' id='word_1_95' title='bbox 1544 1291 1816 1350; x_wconf 81' lang='lat' dir='ltr'><strong>facillime</strong></span> <span class='ocrx_word' id='word_1_96' title='bbox 1842 1288 2105 1368; x_wconf 81' lang='lat' dir='ltr'>agnosci,</span> <span class='ocrx_word' id='word_1_97' title='bbox 2132 1281 2239 1368; x_wconf 85' lang='lat' dir='ltr'>qui</span> <span class='ocrx_word' id='word_1_98' title='bbox 2266 1291 2455 1348; x_wconf 77' lang='lat' dir='ltr'>sacri-</span> 
     </span>
     <span class='ocr_line' id='line_1_12' title="bbox 397 1388 2457 1466; baseline -0.001 -20"><span class='ocrx_word' id='word_1_99' title='bbox 397 1389 528 1448; x_wconf 83' lang='lat' dir='ltr'>ficia</span> <span class='ocrx_word' id='word_1_100' title='bbox 562 1393 738 1448; x_wconf 81' lang='lat' dir='ltr'>Bonae</span> <span class='ocrx_word' id='word_1_101' title='bbox 777 1392 951 1462; x_wconf 62' lang='lat' dir='ltr'>Deae,</span> <span class='ocrx_word' id='word_1_102' title='bbox 992 1388 1252 1447; x_wconf 88' lang='lat' dir='ltr'>omnium</span> <span class='ocrx_word' id='word_1_103' title='bbox 1289 1389 1676 1450; x_wconf 77' lang='lat' dir='ltr'>vetustissima</span> <span class='ocrx_word' id='word_1_104' title='bbox 1716 1401 1777 1448; x_wconf 90' lang='lat' dir='ltr'>et</span> <span class='ocrx_word' id='word_1_105' title='bbox 1813 1388 2201 1447; x_wconf 81' lang='lat' dir='ltr'>occultissima</span> <span class='ocrx_word' id='word_1_106' title='bbox 2248 1399 2457 1466; x_wconf 83' lang='lat' dir='ltr'>stupro</span> 
     </span>
     <span class='ocr_line' id='line_1_13' title="bbox 397 1486 950 1564; baseline 0 -22"><span class='ocrx_word' id='word_1_107' title='bbox 397 1487 622 1546; x_wconf 80' lang='lat' dir='ltr'>nefario</span> <span class='ocrx_word' id='word_1_108' title='bbox 653 1486 950 1564; x_wconf 86' lang='lat' dir='ltr'>polluerit.</span> 
     </span>
    </p>

    <p class='ocr_par' dir='ltr' id='par_1_3' title="bbox 397 1581 2457 2224">
     <span class='ocr_line' id='line_1_14' title="bbox 481 1581 2457 1662; baseline -0.001 -19"><span class='ocrx_word' id='word_1_109' title='bbox 481 1583 668 1643; x_wconf 88' lang='lat' dir='ltr'>Simili</span> <span class='ocrx_word' id='word_1_110' title='bbox 709 1582 884 1646; x_wconf 89' lang='lat' dir='ltr'>modo</span> <span class='ocrx_word' id='word_1_111' title='bbox 924 1582 1170 1641; x_wconf 78' lang='lat' dir='ltr'>deorum</span> <span class='ocrx_word' id='word_1_112' title='bbox 1212 1585 1466 1657; x_wconf 81' lang='lat' dir='ltr'>monita,</span> <span class='ocrx_word' id='word_1_113' title='bbox 1510 1603 1641 1662; x_wconf 78' lang='lat' dir='ltr'>quae</span> <span class='ocrx_word' id='word_1_114' title='bbox 1680 1581 1987 1661; x_wconf 78' lang='lat' dir='ltr'>subjuncta</span> <span class='ocrx_word' id='word_1_115' title='bbox 2034 1583 2336 1657; x_wconf 83' lang='lat' dir='ltr'>feruntur,</span> <span class='ocrx_word' id='word_1_116' title='bbox 2376 1583 2457 1642; x_wconf 76' lang='lat' dir='ltr'>sic</span> 
     </span>
     <span class='ocr_line' id='line_1_15' title="bbox 397 1680 2457 1762; baseline -0 -23"><span class='ocrx_word' id='word_1_117' title='bbox 397 1681 648 1760; x_wconf 84' lang='lat' dir='ltr'>explicat</span> <span class='ocrx_word' id='word_1_118' title='bbox 683 1693 912 1755; x_wconf 80' lang='lat' dir='ltr'>orator,</span> <span class='ocrx_word' id='word_1_119' title='bbox 950 1694 1014 1739; x_wconf 89' lang='lat' dir='ltr'>ut</span> <span class='ocrx_word' id='word_1_120' title='bbox 1043 1701 1112 1740; x_wconf 83' lang='lat' dir='ltr'>ea</span> <span class='ocrx_word' id='word_1_121' title='bbox 1143 1682 1453 1741; x_wconf 77' lang='lat' dir='ltr'>maximam</span> <span class='ocrx_word' id='word_1_122' title='bbox 1500 1695 1727 1762; x_wconf 84' lang='lat' dir='ltr'>partem</span> <span class='ocrx_word' id='word_1_123' title='bbox 1755 1682 1829 1741; x_wconf 81' lang='lat' dir='ltr'>ad</span> <span class='ocrx_word' id='word_1_124' title='bbox 1871 1681 2141 1742; x_wconf 87' lang='lat' dir='ltr'>Clodium</span> <span class='ocrx_word' id='word_1_125' title='bbox 2167 1693 2229 1738; x_wconf 89' lang='lat' dir='ltr'>et</span> <span class='ocrx_word' id='word_1_126' title='bbox 2266 1680 2457 1740; x_wconf 85' lang='lat' dir='ltr'>Clodii</span> 
     </span>
     <span class='ocr_line' id='line_1_16' title="bbox 397 1771 2457 1859; baseline 0 -24"><span class='ocrx_word' id='word_1_127' title='bbox 397 1777 612 1836; x_wconf 80' lang='lat' dir='ltr'>similes</span> <span class='ocrx_word' id='word_1_128' title='bbox 637 1776 901 1837; x_wconf 87' lang='lat' dir='ltr'>homines</span> <span class='ocrx_word' id='word_1_129' title='bbox 929 1779 1223 1857; x_wconf 86' lang='lat' dir='ltr'>pertinere</span> <span class='ocrx_word' id='word_1_130' title='bbox 1241 1822 1259 1850; x_wconf 89' lang='lat'>,</span> <span class='ocrx_word' id='word_1_131' title='bbox 1293 1793 1353 1850; x_wconf 82' lang='lat' dir='ltr'>et</span> <span class='ocrx_word' id='word_1_132' title='bbox 1384 1799 1765 1859; x_wconf 83' lang='lat' dir='ltr'>quaecumque</span> <span class='ocrx_word' id='word_1_133' title='bbox 1805 1781 1952 1838; x_wconf 79' lang='lat' dir='ltr'>mala</span> <span class='ocrx_word' id='word_1_134' title='bbox 1981 1771 2457 1856; x_wconf 66' lang='lat' dir='ltr'>civitatiimpen-</span> 
     </span>
     <span class='ocr_line' id='line_1_17' title="bbox 399 1859 2457 1948; baseline 0.001 -18"><span class='ocrx_word' id='word_1_135' title='bbox 399 1873 608 1945; x_wconf 80' lang='lat' dir='ltr'>deant,</span> <span class='ocrx_word' id='word_1_136' title='bbox 635 1873 708 1931; x_wconf 82' lang='lat' dir='ltr'>ad</span> <span class='ocrx_word' id='word_1_137' title='bbox 741 1875 905 1948; x_wconf 87' lang='lat' dir='ltr'>istius</span> <span class='ocrx_word' id='word_1_138' title='bbox 931 1876 1116 1934; x_wconf 87' lang='lat' dir='ltr'>scelus</span> <span class='ocrx_word' id='word_1_139' title='bbox 1145 1889 1204 1934; x_wconf 91' lang='lat' dir='ltr'>et</span> <span class='ocrx_word' id='word_1_140' title='bbox 1231 1877 1492 1936; x_wconf 82' lang='lat' dir='ltr'>furorem</span> <span class='ocrx_word' id='word_1_141' title='bbox 1518 1875 1823 1935; x_wconf 82' lang='lat' dir='ltr'>referenda</span> <span class='ocrx_word' id='word_1_142' title='bbox 1849 1859 1973 1936; x_wconf 80' lang='lat' dir='ltr'>esse</span> <span class='ocrx_word' id='word_1_143' title='bbox 2003 1875 2333 1934; x_wconf 84' lang='lat' dir='ltr'>videantur.</span> <span class='ocrx_word' id='word_1_144' title='bbox 2361 1875 2457 1934; x_wconf 78' lang='lat' dir='ltr'>Ad</span> 
     </span>
     <span class='ocr_line' id='line_1_18' title="bbox 401 1965 2457 2052; baseline 0 -22"><span class='ocrx_word' id='word_1_145' title='bbox 401 1983 728 2030; x_wconf 84' lang='lat' dir='ltr'>extremum</span> <span class='ocrx_word' id='word_1_146' title='bbox 752 1972 814 2030; x_wconf 84' lang='lat' dir='ltr'>in</span> <span class='ocrx_word' id='word_1_147' title='bbox 840 1973 1214 2051; x_wconf 82' lang='lat' dir='ltr'>peroratione</span> <span class='ocrx_word' id='word_1_148' title='bbox 1233 1987 1472 2032; x_wconf 80' lang='lat' dir='ltr'>excusat</span> <span class='ocrx_word' id='word_1_149' title='bbox 1488 2017 1505 2045; x_wconf 91' lang='lat'>,</span> <span class='ocrx_word' id='word_1_150' title='bbox 1538 1971 1695 2052; x_wconf 87' lang='lat' dir='ltr'>quod</span> <span class='ocrx_word' id='word_1_151' title='bbox 1731 1987 1849 2033; x_wconf 85' lang='lat' dir='ltr'>tam</span> <span class='ocrx_word' id='word_1_152' title='bbox 1879 1965 2042 2052; x_wconf 79' lang='lat' dir='ltr'>gravi</span> <span class='ocrx_word' id='word_1_153' title='bbox 2066 1987 2127 2032; x_wconf 88' lang='lat' dir='ltr'>et</span> <span class='ocrx_word' id='word_1_154' title='bbox 2158 1967 2305 2032; x_wconf 82' lang='lat' dir='ltr'>tristi</span> <span class='ocrx_word' id='word_1_155' title='bbox 2330 1991 2457 2030; x_wconf 75' lang='lat' dir='ltr'>ora·</span> 
     </span>
     <span class='ocr_line' id='line_1_19' title="bbox 407 2069 2455 2152; baseline 0 -25"><span class='ocrx_word' id='word_1_156' title='bbox 407 2069 562 2127; x_wconf 86' lang='lat' dir='ltr'>tione</span> <span class='ocrx_word' id='word_1_157' title='bbox 589 2069 664 2130; x_wconf 82' lang='lat' dir='ltr'>sit</span> <span class='ocrx_word' id='word_1_158' title='bbox 689 2090 826 2130; x_wconf 84' lang='lat' dir='ltr'>usus</span> <span class='ocrx_word' id='word_1_159' title='bbox 845 2114 864 2145; x_wconf 89' lang='lat'>,</span> <span class='ocrx_word' id='word_1_160' title='bbox 902 2084 1079 2150; x_wconf 80' lang='lat' dir='ltr'>atque</span> <span class='ocrx_word' id='word_1_161' title='bbox 1107 2071 1182 2132; x_wconf 78' lang='lat' dir='ltr'>ad</span> <span class='ocrx_word' id='word_1_162' title='bbox 1214 2071 1524 2151; x_wconf 83' lang='lat' dir='ltr'>religiones</span> <span class='ocrx_word' id='word_1_163' title='bbox 1557 2070 1865 2152; x_wconf 83' lang='lat' dir='ltr'>diligenter</span> <span class='ocrx_word' id='word_1_164' title='bbox 1887 2069 2287 2151; x_wconf 73' lang='lat' dir='ltr'>procurandas</span> <span class='ocrx_word' id='word_1_165' title='bbox 2312 2069 2455 2128; x_wconf 83' lang='lat' dir='ltr'>bor-</span> 
     </span>
     <span class='ocr_line' id='line_1_20' title="bbox 412 2178 584 2224; baseline -0.006 0"><span class='ocrx_word' id='word_1_166' title='bbox 412 2178 584 2224; x_wconf 62' lang='lat' dir='ltr'>tatur»</span> 
     </span>
    </p>
   </div>
  </div>
 </body>
</html>
