2594 4537
357 223 472 342 40'
983 256 1080 326 M.
1127 257 1203 323 T.
1255 257 1837 334 clcssnoms

355 377 658 476 insignia
693 377 991 451 honoris
1035 373 1126 448 ad
1165 390 1235 446 te
1279 374 1511 458 delata
1558 392 1745 452 sunt.
1798 382 1908 450 Tu
1958 395 2261 454 ornatus
2302 407 2477 456 exu-

355 491 483 562 viis
503 485 562 532 ¹⁸
595 486 854 581 huju8‚
889 489 1088 556 venis
1115 483 1208 556 ad
1239 510 1407 562 eum
1443 486 1935 578 lacerandum,
1962 516 2183 586 quem
2211 493 2475 566 intere·
2534 505 2536 518 '

356 600 664 676 misti19;
703 620 838 694 ego
877 595 1236 690 jacentem
1282 611 1357 672 et
1402 597 1788 694 spoliatum
1840 597 2151 672 defendo
2196 616 2271 676 et
2308 629 2477 700 pro·
2536 683 2538 694 ¹

351 725 539 805 tego.
571 711 808 804 Atque
836 705 954 786 hic
981 719 1064 776 tu
1089 719 1162 776 et
1189 705 1665 804 reprehendis
1692 731 1844 795 me,
1871 713 2041 805 quia
2068 709 2475 800 defendam,

352 834 424 892 et
469 818 812 898 irasceris.
862 820 1017 914 Ego
1065 831 1307 888 autem
1360 843 1511 890 non
1558 819 1779 891 modo
1828 819 1959 892 tibi
1998 847 2147 893 non
2184 826 2477 911 irascor,
2538 854 2540 858 ·

348 927 475 1004 sed
526 955 618 1000 ne
670 927 1128 1025 reprehendo
1185 928 1479 1029 quidem
1530 928 1795 1006 factum
1848 946 2077 1004 tuum.
2130 939 2230 1007 Te
2278 937 2473 1007 enim

349 1043 676 1116 existimo
734 1037 862 1110 tibi
919 1039 1292 1125 statuisse,
1336 1037 1517 1139 quid
1560 1037 1971 1115 faciendum
2024 1059 2353 1143 putareS‚
2409 1061 2478 1122 et

349 1156 516 1234 satis
561 1150 902 1223 idoneum
942 1146 1161 1225 officii
1188 1147 1509 1242 judicem
1550 1154 1869 1247 potuisse
1891 1161 1980 1222 ²0.

445 1265 837 1336 xvl11.At
873 1273 1160 1336 accusat
1204 1263 1282 1330 C.
1319 1259 1637 1331 Cornelii
1672 1257 1933 1347 filius¹‚
1976 1259 2317 1359 idemque
2354 1287 2475 1333 va-

346 1377 494 1452 lere
536 1369 797 1457 debet,
832 1393 914 1440 ac
952 1372 1011 1440 si
1052 1382 1255 1466 pater
1279 1365 1646 1448 indicaret.
1668 1373 1733 1438 Ο
1756 1384 2030 1467 patrem
2059 1372 2475 1444 Cornelium

343 1477 778 1582 sapientem!
822 1481 988 1576 qui,
1029 1476 1230 1574 quod
1273 1479 1547 1575 praemii
1594 1478 1778 1550 solet
1814 1489 2018 1552 esse²
2058 1481 2135 1550 in
2172 1480 2477 1566 indicio,

283 1685 292 1690 ι
343 1592 756 1690 reliquerit3
799 1586 1000 1686 quod
1051 1587 1519 1685 turpitudinis
1561 1590 1635 1668 in
1680 1588 2133 1664 confessione
2158 1645 2179 1678 ‚
2221 1591 2297 1662 id
2348 1618 2480 1689 per

343 1701 870 1778 accusationem
928 1696 1052 1768 filii
1111 1701 1532 1795 susceperit.
1583 1695 1723 1770 Sed
1770 1697 1947 1794 quid
1996 1711 2104 1768 est
2139 1695 2477 1784 tandem,

345 1809 548 1911 quod
602 1807 870 1880 indicat
932 1829 1064 1904 per
1099 1807 1342 1888 ‚istum
1402 1831 1713 1903 puerum
1772 1806 2194 1878 Cornelius?
2248 1809 2323 1879 Si
2372 1824 2477 1880 est

345 1946 560 2006 causa
595 1914 774 1990 mihi
814 1918 1099 2014 ignota,
1135 1940 1301 1987 cum
1345 1918 1733 1988 Hortensio
1768 1922 2331 2006 communicata3
2372 1944 2479 1990 re·-

344 2030 698 2130 spondeat
751 2029 1198 2100 Hortensius.
1265 2029 1390 2098 Sin
1443 2042 1526 2098 tu
1584 2024 1738 2100 ais³
1788 2029 1991 2104 illum
2054 2031 2477 2100 comitatum

342 2139 674 2222 Autronii,
721 2153 794 2220 et
839 2137 1196 2223 Catilinae,
1237 2161 1472 2234 quum
1510 2139 1585 2208 in
1630 2163 1927 2235 campo,
1972 2137 2477 2210 consularibus

421 2386 502 2435 18.
541 2384 610 2431 Tu
635 2391 836 2429 omaus
865 2378 1066 2428 exuviis.
1089 2378 1363 2427 Tiunslstio

343 2482 373 2517 s
398 2463 611 2512 romanis
636 2460 898 2508 militibus:
937 2458 979 2505 si
1005 2474 1150 2521 quem
1172 2457 1365 2505 hostem

345 2540 492 2590 ermis
510 2540 749 2604 insignem
774 2547 821 2585 et
843 2536 1138 2585 ornamentis
1159 2534 1365 2583 occidis·

343 2632 478 2680 seut,
499 2618 687 2669 exuviis
708 2632 812 2666 sese
833 2614 1151 2663 adornabant.

423 2716 502 2763 ³9⁹
546 2695 851 2747 Intemms'sti.
883 2692 1028 2745 Civili
1061 2702 1216 2741 morte
1247 2693 1368 2746 ceei-

345 2758 482 2829 derst
509 2777 670 2835 Sulla,
705 2788 879 2845 nempe
904 2769 1036 2819 nulls
1067 2769 1258 2835 publica
1287 2772 1364 2819 of·

342 2856 452 2907 ficis
473 2859 573 2919 ism
601 2862 794 2919 potent
818 2852 1026 2913 assequi.

415 2953 498 2987 πο.
536 2932 796 2983 Lambinus
841 2929 1064 2985 emendet
1100 2927 1247 2993 posui
1280 2940 1329 2977 te
1342 2946 1362 2986 ,-

343 3015 630 3065 Gulielmius
638 3008 842 3075 ,suisa
861 3008 1023 3057 Habet
1039 3008 1218 3065 Erfurt.
1237 3006 1363 3055 liber

339 3094 498 3165 officii
515 3092 602 3141 εηί.
623 3094 670 3140 J.
691 3093 756 3139 V.
775 3090 828 3139 L·

411 3174 601 3229 xvm.
648 3184 693 3219 1.
734 3168 787 3215 C.
826 3166 1039 3221 Cornelii
1058 3162 1221 3234 filius.
1261 3164 1363 3227 Qui

339 3252 642 3314 subscriptor
669 3249 762 3295 fuit
785 3246 1054 3294 accusatori
1085 3246 1357 3307 Torquato.

337 3337 453 3385 Duo
473 3328 728 3381 Cornelii
713 3344 765 3378 m
785 3326 1119 3389 conjuratione
1145 3324 1359 3383 fuerunt,

339 3426 468 3461 nnus
509 3406 559 3462 Ρ.
581 3403 836 3461 Cornelius
875 3403 1103 3457 Lentulus
1137 3413 1354 3459 senator,

339 3491 424 3553 qui
459 3498 563 3541 tum
605 3495 788 3553 prator
827 3494 957 3542 eret,
996 3482 1059 3530 de
1087 3498 1188 3546 quo
1223 3497 1353 3529 sum·

338 3576 478 3631 ptum
498 3562 792 3629 supplicium
813 3572 886 3609 est
904 3574 919 3621 ;
946 3560 1068 3609 alter
1089 3560 1146 3609 C.
1165 3560 1353 3609 Corne-

337 3648 456 3703 lius,
481 3661 626 3710 eques
653 3641 989 3701 romanus,de
1015 3654 1142 3704 quo,
1175 3639 1350 3700 hujus-

335 3742 434 3791 que
457 3724 561 3783 filio
589 3723 685 3771 hoe
709 3722 826 3769 loco
851 3720 1040 3769 Cicero.
1077 3745 1146 3755 —
1187 3719 1232 3765 Ο
1255 3732 1357 3783 pa-

335 3815 532 3853 mm...
559 3801 866 3867 sapientem!
899 3797 1114 3847 Ironiee.

408 3902 458 3935 α.
489 3882 637 3950 Quod
646 3880 841 3948 pra-mii
857 3880 982 3927 solet
1013 3892 1116 3926 esse
1150 3876 1201 3924 in
1234 3874 1363 3923 indi-

336 3964 431 4015 ee'o.
464 3966 665 4014 Senstus
697 3958 946 4009 iudicibus
966 3956 1236 4023 ‘prumiam
1275 3953 1361 4004 de-

1450 2390 1689 2442 creverat,
1715 2378 1875 2429 libero
1904 2379 2243 2445 inpunitatem
2276 2382 2386 2442 ejus
2412 2384 2479 2431 rei

1450 2468 1502 2515 et
1544 2459 1816 2507 sestertium
1859 2458 2069 2509 ducents
2100 2452 2269 2515 millia.
2291 2461 2479 2510 Corne-

1451 2538 1545 2586 lius
1568 2537 1925 2585 damnationem
1952 2539 2167 2602 effugere
2192 2555 2338 2602 qnam
2361 2556 2479 2587 eon·

1448 2615 1709 2677 jurationis
1736 2616 1950 2664 nomine·
1961 2616 2193 2675 subierat,
2216 2628 2273 2665 ut
2290 2618 2477 2666 dietum

1452 2706 1527 2743 est
1556 2710 1698 2757 suprs
1715 2728 1729 2749 .
1757 2710 1868 2760 esp.
1893 2710 1923 2743 α
1946 2732 1959 2755 ,
1994 2712 2051 2745 ae
2067 2708 2299 2760 praeterea
2324 2713 2477 2761 pecu-

1452 2772 1582 2819 niam
1634 2773 1848 2836 recipere
1892 2776 2159 2839 potuisset,
2204 2777 2246 2822 si
2293 2774 2478 2823 Sullam

1450 2852 1555 2915 ipse
1576 2851 1849 2900 indicasset.
1889 2852 1985 2900 Sed
2014 2863 2207 2900 senstus
2228 2852 2476 2901 beneficio

1450 2944 1553 2978 non
1574 2928 1765 2993 potitus
1782 2941 1880 2988 est,
1914 2940 1967 2978 et
2001 2947 2089 2994 per
2114 2931 2477 2981 accusationem

1449 3025 1476 3056 a
1512 3008 1616 3055 filio
1652 3023 1742 3055 suo
1771 3008 2027 3065 conflstsm
2045 3044 2060 3067 ,
2113 3010 2479 3073 turpitudinem

1452 3086 1758 3136 confessione
1781 3086 1987 3137 inustam
2014 3085 2109 3134 sibi
2132 3089 2370 3152 suscepit.

1520 3167 1570 3214 3.
1597 3164 1682 3213 Sin
1702 3176 1753 3218 tu
1772 3164 1865 3216 at‘s.
1895 3164 2091 3214 sehiitz.
2126 3166 2329 3218 mallet:
2359 3192 2386 3211 ‹-
2404 3170 2479 3218 sin

1450 3244 1572 3291 dicis
1616 3244 1754 3299 illum
1806 3245 2087 3293 comitatum
2135 3247 2373 3295 Autronii
2434 3260 2481 3296 et

1447 3322 1669 3371 Catilinae
1692 3346 1735 3373 a.
1783 3326 1838 3371 P.
1882 3323 2034 3393 Fjsber
2081 3324 2362 3374 'solos-nus
2408 3328 2481 3374 sie

1442 3402 1764 3453 emendabat:
1796 3424 1818 3446 ι
1842 3402 1883 3449 si
1912 3413 1964 3450 tu
1991 3403 2063 3449 sis
2100 3403 2290 3451 Sullam
2320 3406 2479 3453 comi·

1442 3490 1595 3531 tatum
1604 3480 1899 3537 Autronium
1920 3492 1968 3528 et
1982 3480 2243 3529 Catilinam
2256 3504 2304 3532 n.
2333 3486 2477 3533 Lam-

1439 3559 1617 3609 binus:
1646 3584 1669 3603 ·-
1686 3561 1762 3608 sin
1792 3570 1845 3608 tn
1872 3561 1943 3607 sis
1970 3560 2151 3609 Sullam
2180 3562 2233 3612 in
2262 3561 2356 3609 illo
2392 3580 2479 3611 eo—

1439 3639 1611 3691 mitstu
1638 3640 1786 3688 Autr.
1814 3650 1860 3686 et
1887 3638 2033 3687 catil.
2054 3640 2201 3697 fuisse
2218 3662 2259 3689 n.
2280 3644 2479 3701 Manum,

1446 3731 1565 3763 vero
1602 3717 1705 3765 sic:
1752 3738 1777 3758 α
1797 3718 1875 3765 sin
1916 3728 1969 3765 tn
2012 3720 2083 3765 ais
2129 3716 2217 3777 illo
2251 3722 2479 3770 comitati

1446 3794 1717 3844 Autronius
1744 3806 1792 3844 et
1818 3796 2087 3845 Catilina--
2121 3796 2273 3860 Quod
2308 3800 2477 3847 evenit
2532 3852 2541 3859 ,

1448 3874 1738 3934 discrimen,
1777 3875 1891 3938 quis
1933 3876 2105 3924 uolunt
2144 3876 2227 3924 alii
2264 3878 2475 3927 verbum

1447 3954 1525 4001 ais
1560 3970 1673 4003 eum
1715 3955 1993 4005 accusativo
2031 3956 2264 4013 construi.
2286 3958 2476 4007 Temen
