2594 4537
884 241 1648 315 PRAEFATIONES.
1963 269 1976 280 ·
2183 246 2320 344 257

276 363 463 432 vm.
498 367 577 430 In
614 361 844 430 ultima
870 365 1165 430 oratione
1184 413 1203 450 ,
1237 364 1321 429 de
1352 364 1784 454 Haruspicum
1813 365 2172 456 responsis,
2201 367 2328 434 du-

186 467 326 534 rior
359 483 459 532 est
492 487 685 530 causa
720 467 1109 531 accusatoris
1154 483 1422 555 propter
1452 481 1742 530 veterum
1782 467 2168 534 testimonia.
2201 471 2330 536 Sed

189 574 287 638 nil
316 571 689 660 volentibus
724 567 1025 636 arduum.
1059 567 1448 652 Videamus,
1495 585 1570 634 ut
1616 593 1811 658 quam
1857 571 2229 652 brevissime
2262 591 2330 640 et

189 678 587 766 lucidissime
634 699 770 741 rem
822 698 1304 765 proponamus,
1355 675 1514 763 quid
1561 676 1644 740 de
1691 675 2092 743 dissensione
2128 677 2327 768 ipsius

191 785 565 864 Ciceronis,
614 803 811 872 quam
866 784 1185 848 Asconius
1234 783 1523 864 notavit,
1554 781 1974 863 judicandum
2017 785 2119 848 sit.
2161 785 2330 851 Nam

191 891 264 955 in
312 891 462 954 loco
496 886 845 980 deperditae
880 889 1282 953 Corneliana}
1328 887 1827 980 reprehenditur
1875 893 2115 955 factum
2161 892 2335 956 Afri-

193 975 339 1062 cani
386 995 691 1076 majoris,
739 994 807 1056 in
857 1010 1077 1058 nostra
1128 994 1423 1058 oratione
1473 993 1789 1058 laudatur.
1833 996 2155 1059 Asconius
2188 1019 2332 1060 eam

133 1121 141 1126 ·
192 1123 335 1166 rem
377 1100 659 1189 assignat
692 1099 1046 1192 culltditati
1074 1099 1332 1163 cuidam
1379 1101 1674 1164 oratoriae
1692 1147 1712 1178 ,
1763 1098 1942 1186 quod
1979 1101 2046 1164 in
2085 1104 2332 1166 Corne·

190 1207 363 1270 liana
398 1205 645 1292 populo
680 1205 931 1291 placere
958 1207 1185 1298 contra
1211 1220 1508 1268 senatum
1528 1253 1546 1285 ,
1575 1205 1640 1268 in
1679 1203 1798 1267 hac
1831 1221 2052 1268 nostra
2081 1207 2335 1270 senatui

192 1289 435 1392 Blande
464 1308 676 1373 dicere
709 1311 928 1372 orator
955 1310 1253 1404 voluerit.
1289 1291 1706 1374 Marklandus
1734 1309 1864 1374 hoc
1891 1333 2024 1374 non
2057 1313 2334 1399 patiturt

192 1423 524 1481 oratorem
568 1414 707 1476 vult
760 1415 901 1477 'esse
951 1413 1163 1477 virum
1204 1413 1466 1508 ⁸bonum
1509 1437 1524 1478 ε
1579 1414 1708 1477 hoc
1741 1413 1954 1502 ipsum
1989 1437 2125 1478 esse
2161 1416 2336 1480 indi·

191 1505 407 1602 cium,
440 1513 611 1584 hanc
632 1535 921 1583 nostram
950 1517 1033 1582 de
1062 1519 1143 1582 H.
1179 1520 1259 1583 R.
1301 1541 1433 1614 non
1465 1541 1604 1583 esse
1629 1503 1994 1618 Ciceronis,
2021 1522 2171 1609 quia
2197 1545 2336 1586 non

193 1625 431 1718 eodem
474 1649 585 1690 ore
626 1622 938 1712 frigidum
974 1617 1039 1687 et
1071 1620 1352 1686 calidum
1390 1623 1495 1688 ille
1533 1621 1682 1688 flare
1711 1626 2016 1714 potuerit.
2046 1627 2337 1692 Honesta

190 1732 442 1812 orati03
477 1728 591 1794 se'd
620 1729 729 1794 cui
766 1727 919 1791 totis
958 1726 1201 1818 viribus
1231 1743 1551 1816 repugnat
1581 1727 1752 1815 ipse,
1794 1731 1908 1817 qni
1943 1728 2336 1796 defenditur.

192 1870 221 1896 ι
246 1825 437 1904 Errat
471 1827 891 1901 vehementer
916 1829 1179 1920 (inquit
1216 1855 1340 1920 pro
1378 1817 1634 1916 Cluent.
1675 1855 1732 1897 c.
1774 1831 1900 1922 50)
1924 1881 1944 1916 ‚
1981 1835 2034 1900 si
2077 1839 2222 1924 quis
2265 1839 2336 1902 in

195 1921 606 2012 orationibus
641 1939 914 2032 uostris,
947 1961 1105 2027 quas
1142 1937 1209 2000 in
1227 1924 1488 2024 judiciis
1514 1937 2335 2024 habuimus,auetoritates

196 2051 454 2130 'nostras
489 2040 894 2132 consignatas
930 2062 998 2104 se
1034 2025 1273 2102 habere
1315 2031 1682 2102 arbitratur.
1728 2037 1971 2105 Omnes
2013 2047 2186 2106 enim
2218 2044 2342 2110 illae

195 2152 525 2218 orationes
589 2168 930 2213 causarum
987 2147 1053 2208 e't
1106 2158 1477 2232 temporum
1539 2157 1692 2238 sunt
1717 2191 1735 2226 ,
1790 2159 1926 2209 non
1987 2141 2336 2240 hominum

194 2244 499 2349 ipsorum
530 2278 605 2321 ac
639 2268 1090 2344 patronorum.
1138 2249 1308 2315 Nam
1345 2248 1400 2313 si
1445 2271 1648 2313 causae
1683 2249 1836 2338 ipsae
1880 2274 2000 2340 pro
2047 2276 2116 2317 se
2154 2253 2340 2343 loqui

192 2378 501 2455 possent,
545 2360 742 2425 nemo
782 2346 1124 2424 adhiberet
1164 2358 1490 2421 oratorem
1517 2387 1562 2419 ι».
1601 2342 2070 2421 Venustissime
2103 2358 2340 2426 deinde

192 2487 465 2551 narrat,
518 2464 855 2556 quomodo
898 2465 967 2529 L.
1014 2466 1279 2529 Crassus
1310 2459 1488 2526 'ultus
1531 2444 1612 2525 sit
1651 2461 1744 2527 M.
1779 2450 2092 2548 Brutum,
2131 2489 2170 2529 a
2204 2491 2340 2555 quo

192 2558 636 2643 inconstantia
665 2571 755 2635 illi
788 2550 1039 2649 objecta
1078 2584 1246 2650 erat,
1280 2564 1461 2657 quod
1493 2566 1562 2631 in
1597 2590 1727 2633 una
1763 2562 2089 2653 oratione,
2128 2596 2340 2661 quan-

194 2701 349 2749 tum
400 2692 693 2769 poterat,
747 2674 831 2741 de
882 2676 1261 2740 auctoritate
1313 2690 1576 2738 senatus
1632 2672 2007 2741 detraxisset
2031 2724 2050 2758 ‚
2099 2677 2166 2740 in
2218 2680 2340 2743 alia

194 2785 477 2854 summis
508 2774 815 2849 eumdem
846 2793 1134 2845 ornasset
1162 2762 1482 2843 laudibus.
1518 2776 1706 2844 Conf.
1754 2779 1835 2844 de
1877 2782 2057 2847 Orat.
2086 2780 2182 2865 ΙΙ,
2215 2783 2338 2867 55;

198 2910 271 2960 et
308 2889 587 2976 Quintil.
619 2889 745 2966 VI,
788 2884 865 2971 3,
901 2886 1023 2970 43,
1052 2908 1229 2974 seqq.
1258 2886 1482 2968 Quum
1510 2880 1711 2974 igitur
1739 2882 1902 2950 nolit
1939 2888 2031 2951 sic
2072 2888 2338 2953 defendi

200 3000 475 3079 Cicer0,
511 3018 716 3085 quum
762 3016 898 3058 non
937 2992 1225 3081 defugiat
1268 2986 1549 3071 crimen,
1598 2988 1778 3078 quod
1811 3013 1892 3054 ex
1932 2990 2035 3055 illa
2077 3010 2343 3058 senten-

204 3108 449 3171 tiarum
498 3099 949 3167 contrarietate
992 3096 1199 3187 possit
1241 3095 1568 3183 exsculpi3
1618 3118 1752 3159 nou
1797 3112 1931 3179 est,
1983 3098 2162 3186 quod
2195 3122 2341 3165 mo·

200 3232 477 3277 veamur
506 3208 610 3271 illa
644 3207 815 3271 bene
847 3206 1041 3293 longa
1082 3219 1147 3267 et
1179 3219 1275 3269 sat
1317 3202 1686 3266 vehementi
1727 3202 2019 3267 oratione
2055 3207 2341 3271 censoris

204 3314 453 3397 nostri,
490 3336 617 3401 qua
650 3327 841 3401 negat
862 3360 879 3393 ,
916 3308 1205 3392 ejusdem
1243 3307 1530 3372 hominis
1557 3328 1694 3371 esse
1726 3323 2070 3396 utramque
2105 3313 2344 3377 oratio-

207 3444 385 3488 nem.
419 3423 516 3486 Ac
546 3417 845 3483 nondum
881 3414 1045 3498 dixi,
1080 3412 1262 3503 quod
1300 3415 1400 3479 vel
1435 3414 1713 3478 maxime
1741 3410 1822 3477 ad
1857 3436 1992 3479 rem
2039 3418 2222 3499 facit,
2260 3442 2346 3484 ne

206 3526 394 3592 valde
438 3523 703 3613 quidem
748 3540 1105 3608 utrumque
1158 3520 1376 3584 locum
1427 3541 1735 3609 pugnare.
1783 3518 2006 3584 Potuit
2050 3525 2346 3610 profecto

210 3634 381 3699 salva
416 3628 782 3696 constantia
826 3644 893 3691 et
936 3626 1241 3716 gravitate
1284 3624 1510 3688 Cicero
1563 3625 1630 3687 in
1679 3624 2063 3690 Corneliana
2099 3627 2310 3695 dicere
2328 3677 2349 3713 ‚

212 3737 589 3827 poenituisse
632 3732 1042 3812 Africanum,
1091 3727 1271 3819 quod
1316 3750 1542 3817 passus
1596 3743 1764 3793 esset
1803 3744 2054 3793 tantum
2095 3736 2348 3799 senatui

212 3843 457 3925 tribui,
498 3855 568 3905 et
600 3840 671 3903 in
708 3839 832 3903 hac
876 3834 1334 3903 commendare
1386 3834 1792 3899 senatoribus
1843 3856 1954 3899 eos
2006 3837 2198 3903 ludos
2220 3890 2238 3923 ,
2283 3841 2353 3905 in

410 3952 533 4021 IV.
589 3962 685 4008 Οἱς.
704 3976 814 4024 μη
841 3932 1058 4007 beanda.
2032 3968 2054 4012 1
2074 3968 2113 4041 7
