2594 4537
287 273 434 360 418
866 271 883 276 ”
923 273 1042 340 M..
1079 272 1155 339 Τ.
1211 271 1805 342 CICERONIS

385 397 604 466 XLII.
651 396 818 484 Quo
857 393 1080 489 magis
1117 407 1226 464 est
1259 390 1465 464 furor
1492 393 1701 465 istius
1731 391 1825 464 ab
1857 392 2158 466 auribus
2186 399 2459 470 vestris

287 501 783 606 repellendus,
839 506 1014 600 qui,
1077 527 1240 601 quae
1308 504 1615 599 majores
1676 508 1907 575 nostri
1965 504 2457 602 religionibus

286 633 442 690 tuta
489 609 706 687 nobis
755 627 828 690 et
874 627 1118 684 sancta
1160 639 1317 686 esse
1362 615 1793 704 voluerunt,
1836 639 1917 686 ea
1959 617 2096 688 iste
2136 642 2284 688 non
2324 643 2457 691 so-

285 730 438 802 lum
486 741 740 799 contra
769 723 1196 824 religionem
1233 724 1685 798 labefactavit
1706 781 1725 814 ‚
1778 725 1905 798 sed
1953 729 2167 799 etiam
2205 729 2451 827 ipsius

279 839 648 937 religionis
687 839 988 907 nomine
1027 838 1305 907 evertit.

379 953 470 1020 At
511 973 674 1046 quae
714 946 847 1018 dea
883 947 1041 1018 est?
1079 951 1355 1018 Bonam
1379 957 1399 992 ¹
1436 971 1593 1019 esse
1620 961 1942 1046 oportet,
1972 948 2447 1048 quandoqui-

277 1061 446 1132 dem
479 1074 586 1132 est
615 1059 744 1130 abs
774 1071 846 1130 te
872 1057 1219 1129 dedicata.
1264 1055 1631 1145 Libertas,
1670 1059 1951 1155 inquit,
1986 1061 2113 1130 est.
2140 1062 2317 1130 Eam
2352 1075 2451 1133 tu

279 1173 498 1271 igitur
532 1169 732 1242 domi
773 1193 948 1240 meae
985 1168 1390 1254 collocasti,
1425 1191 1645 1265 quam
1678 1193 1765 1266 ei}
1794 1166 1981 1240 urbe
2006 1183 2159 1240 tota
2180 1185 2451 1243 sustu-

273 1282 464 1354 listi?
489 1287 637 1369 Tu,
673 1305 906 1378 quum
949 1279 1258 1377 collegas
1305 1294 1507 1366 tuOS,
1554 1303 1837 1350 summa
1864 1293 2213 1377 potestate
2242 1304 2450 1377 prae-

273 1393 462 1478 ditos
480 1449 500 1480 ‚
533 1416 832 1490 negares
859 1387 1128 1461 liberos
1157 1413 1312 1460 esse
1334 1399 1394 1474 ²3
1423 1414 1651 1486 quum
1676 1391 1753 1459 in
1783 1389 2133 1488 templum
2161 1393 2445 1464 Casto-

270 1506 367 1574 ris
409 1502 647 1574 aditus
695 1514 880 1572 esset
919 1513 1212 1597 apertus
1257 1501 1569 1589 nemini3
1613 1525 1843 1596 quum
1876 1499 2087 1571 hunc
2124 1501 2451 1574 clarissi-

265 1639 469 1684 mum
513 1617 793 1697 virum,
841 1632 1130 1681 summo
1179 1632 1443 1705 genere
1484 1623 1772 1696 natum,
1818 1613 2119 1680 summis
2162 1613 2447 1706 populi

263 1722 638 1796 beneficiis
672 1745 884 1792 usum
910 1775 929 1806 ‚
971 1718 1397 1818 pontificem
1425 1775 1443 1808 ‚
1483 1734 1557 1790 et
1600 1717 2052 1792 consularem
2074 1716 2129 1806 ³,
2166 1734 2238 1790 et
2262 1723 2443 1793 sin-

265 1834 499 1933 gulari
562 1831 893 1902 bonitate
956 1845 1030 1902 et
1089 1828 1443 1902 modestia
1500 1829 1879 1928 praeditum
1925 1829 2201 1926 (quem
2244 1833 2447 1904 satis

261 1945 544 2032 mirari,
583 1940 857 2042 quibus
899 1941 1130 2013 oculis
1171 1940 1543 2039 adspicere
1579 1941 1881 2028 audeaS,
1924 1965 2073 2010 non
2126 1942 2385 2038 queo)
2416 1999 2441 2030 ,

262 2053 602 2128 audiente
648 2052 925 2151 populo
970 2067 1278 2124 romano
1326 2077 1367 2122 a
1404 2051 1821 2150 pedisequis
1860 2051 2261 2124 conculcari
2302 2053 2441 2147 ju-

258 2167 520 2254 beres;
583 2189 816 2263 quum
869 2163 1373 2235 indemnatum
1404 2166 1437 2216 4
1492 2162 1917 2235 exturbares
1943 2218 1963 2249 ‚
2019 2161 2438 2260 privilegiis

261 2278 649 2375 tyrannicis
693 2280 1061 2375 irrogatis;
1108 2300 1342 2373 quum
1389 2276 1794 2375 principem
1838 2272 2036 2345 orbis
2078 2288 2275 2344 terrae
2326 2280 2437 2346 vi-

257 2412 422 2459 rum
457 2386 819 2457 inclusum
850 2386 1050 2457 domi
1080 2386 1535 2473 continerem
1584 2410 1817 2483 quum
1846 2382 2087 2456 forum
2120 2388 2433 2458 armatis

255 2500 559 2570 catervis
599 2495 1056 2593 perditorum
1097 2496 1480 2567 hominum
1511 2494 1915 2593 possideres
1940 2492 2006 2565 ⁵:
2031 2493 2431 2569 Libertatis

255 2605 724 2677 simulacrum
767 2604 844 2674 in
885 2630 968 2676 ea
999 2602 1224 2677 domo
1263 2604 1709 2691 collocabas,
1749 2631 1913 2702 quae
1956 2605 2210 2676 domus
2250 2624 2433 2680 erat

253 2720 408 2813 Ipsa
437 2714 708 2785 indicio
738 2716 848 2784 tui
875 2712 1355 2786 crudelissimi
1392 2716 1841 2805 dominatus,
1876 2728 1951 2786 et
1990 2714 2430 2790 miserrimae

254 2824 511 2925 populi
537 2824 819 2894 romani
846 2825 1256 2896 servitutis?
1284 2830 1569 2897 Eumne
1595 2827 2051 2924 potissimum
2079 2823 2429 2901 Libertas

253 2937 475 3009 domo
504 2960 634 3006 sua
660 2934 914 3007 debuit
948 2936 1218 3033 pellere
1241 2990 1260 3024 ,
1287 2938 1417 3034 qui
1446 2938 1583 3007 nisi
1610 2934 1893 3024 fuisset,
1920 2936 1999 3007 in
2028 2959 2425 3011 servorum

251 3060 685 3146 potestatem
716 3045 964 3116 civitas
991 3060 1146 3117 tota
1171 3046 1540 3119 venisset?

346 3161 596 3228 XLIII.
644 3159 736 3226 At
777 3155 976 3227 unde
1019 3158 1315 3228 inventa
1366 3172 1477 3229 est
1523 3159 1659 3229 ista
1697 3155 2072 3229 Libertas?
2108 3158 2426 3254 quaesivi

247 3268 445 3338 enim
498 3266 902 3363 diligenter.
965 3270 1349 3363 Tanagraea
1398 3266 1733 3365 quaedam
1790 3267 2132 3339 meretrix
2179 3264 2425 3343 fuisse

249 3378 517 3450 dicitur
554 3404 569 3446 ε
633 3377 786 3473 ejus
839 3402 992 3447 non
1042 3376 1256 3474 longe
1312 3402 1353 3448 a
1401 3379 1739 3476 Tanagris
1770 3388 1789 3421 ¹
1851 3376 2323 3448 simulacrum
2374 3407 2421 3453 e

311 3638 470 3687 nn.
509 3650 532 3682 1
545 3669 558 3682 .
587 3636 782 3680 Bonam
811 3648 908 3680 esse
941 3642 1143 3697 oportet.
1170 3634 1274 3680 Bo·
1438 3634 1491 3683 3.
1542 3632 1882 3681 Consularem.
1912 3632 1989 3680 De
2016 3630 2229 3680 lentulo
2260 3630 2417 3698 loqui

239 3736 318 3767 ηε
341 3720 461 3767 Deoe
501 3714 784 3763 memoriam
824 3728 888 3760 ex
925 3710 1155 3760 consulto
1191 3728 1270 3760 re·
1364 3712 1576 3761 videtur.

236 3810 404 3847 novat.
423 3796 584 3861 Fingit
602 3810 654 3842 se
675 3808 782 3842 non
809 3792 1078 3856 intelligere
1105 3792 1270 3841 locum
1437 3800 1488 3848 4.
1510 3790 1871 3839 Indemnaeum.
1896 3790 2067 3853 Ipsum
2084 3788 2413 3842 Cicerone-1.

235 3880 369 3926 hunc
391 3873 554 3923 Wolf.
1434 3871 1487 3919 5.
1516 3868 1689 3919 Mallet
1720 3870 1944 3918 Gravius
1970 3866 2233 3917 obsideres.

309 3972 355 4004 α.
401 3954 618 4017 Negat-es
657 3951 827 3999 liberos
871 3966 988 3999 esse.
1023 3950 1264 4009 Elatorie,
1428 3951 1607 3999 me.
1648 3964 1692 3995 ι.
1718 3947 1974 4013 Tanagn's.
2002 3948 2229 4012 Tanagra
2252 3948 2413 3999 nmo.

235 4052 326 4101 pro
349 4047 546 4096 negares
567 4028 901 4079 intercedendi
924 4030 1005 4089 jus
1032 4028 1226 4077 habere.
1356 4030 1435 4076 tiae
1456 4028 1629 4075 civim
1652 4024 1745 4075 fnit
1769 4043 1873 4089 non
1892 4026 2150 4089 ignobilis.
