2594 4537
371 298 460 367 82
815 298 914 367 IN
963 296 1509 367 ORATIONEM
1559 296 2059 368 SULLANAM

463 444 528 489 α.
604 419 679 489 Si
730 416 1220 514 respondisset
1275 416 1467 489 idem
1521 422 1789 490 sentire
1838 432 1913 490 et
1968 442 2216 491 secum
2279 416 2492 490 facere

365 532 655 603 Sullam.

445 686 540 747 Ad
569 687 813 745 sormam
841 686 1228 745 concessivam
1253 705 1537 745 revocans
1562 685 2122 764 argumentationem
2140 726 2160 757 ‚
2187 685 2421 744 etiamsi
2429 688 2493 763 (1)

363 781 758 865 qua-‚rentibus
787 783 970 843 Gallis
995 783 1391 863 respondisset
1411 789 1479 843 L.
1500 784 1727 845 cassinis
1746 790 1811 847 P.
1832 784 2051 845 Sullam
2074 782 2252 861 hujus
2284 784 2495 867 initip)

365 896 566 941 contra
623 900 806 960 remp.
837 880 1067 941 sceleris
1107 900 1230 939 esse
1265 881 1637 961 participem,
1684 882 1877 943 valere
1916 902 2037 940 non
2078 879 2355 941 debuisse
2406 900 2497 959 pro
2552 910 2554 935 :

364 978 606 1037 crimine
623 1020 640 1049 ,
680 976 916 1055 quando
953 978 1119 1036 facile
1155 977 1493 1037 crederetur
1531 979 1726 1052 illum,
1770 997 1890 1057 quo
1929 996 2091 1057 spem
2122 976 2495 1037 robustiorem

364 1075 548 1138 Gallis
569 1075 760 1143 daret,
789 1075 864 1134 de
892 1073 1254 1135 nobilissimo
1281 1075 1411 1134 viro
1436 1095 1554 1134 non
1582 1074 1877 1135 dubitasse
1906 1075 2159 1133 mentiri.
2198 1080 2348 1148 Quae
2380 1095 2495 1131 con-

359 1173 630 1252 cesama)
657 1174 904 1231 multum
927 1173 1192 1251 proficiet
1217 1173 1294 1231 ad
1316 1172 1461 1232 illud
1489 1172 1649 1252 quod
1678 1186 1990 1252 negaverat
2015 1173 2247 1232 Cassius
2268 1192 2331 1231 se
2365 1192 2497 1231 com-
2554 1204 2556 1243 ς

363 1270 582 1349 perisse
605 1270 746 1348 quid
777 1269 953 1329 animi
978 1270 1140 1331 Sulla
1169 1269 1441 1343 haberet,
1464 1285 1533 1330 ut
1564 1272 1679 1330 tale
1708 1288 1888 1351 genus
1916 1270 2312 1349 responsionis
2344 1268 2498 1327 abso-
2554 1256 2556 1287 ³

361 1367 485 1425 lute
519 1370 850 1445 purgaverit
875 1366 1282 1426 innocentiam.

396 1620 400 1625 .
469 1564 536 1636 3.
581 1567 733 1637 Nisi
779 1562 964 1635 forte
1001 1565 1382 1636 verisimile
1420 1579 1526 1637 est
1564 1568 1637 1636 P.
1682 1564 1890 1637 Sullae
1934 1589 2205 1636 nomen
2251 1564 2325 1635 in
2364 1588 2504 1636 me-
2556 1568 2558 1629 ἓ

371 1676 598 1747 moria
633 1677 877 1748 Cassio
913 1700 1066 1745 non
1102 1672 1340 1747 fuisse.

449 1826 800 1885 verisimilia
825 1824 1117 1884 contrabit
1143 1837 1481 1901 argumenta
1508 1844 1615 1902 per
1647 1800 1984 1903 qualitatem
2013 1844 2308 1903 personae,
2347 1844 2507 1905 quam
2558 1837 2560 1891 ε

372 1922 604 2001 generis
629 1920 903 1983 nobilitas
935 1919 1290 1993 illustrabat,
1322 1934 1385 1979 ut
1420 1940 1483 1979 se
1514 1920 1687 1981 etiam
1720 1940 1841 1980 non
1868 1924 2147 2001 querenti
2174 1923 2377 1983 Cassio
2404 1942 2506 2001 po-
2558 1930 2560 1933 ‘

379 2022 555 2080 tuerit
582 2019 830 2091 efferre,
861 2038 972 2079 nec
999 2032 1190 2079 tamen
1219 2016 1443 2097 aliquid
1466 2018 1567 2077 ille
1596 2036 1660 2079 se
1688 2018 1901 2079 dixerit
1922 2022 2293 2099 comperisse.

273 2297 279 2306 ἱ
473 2206 544 2289 4.
598 2198 734 2274 Sed
768 2224 903 2300 ego
945 2198 1021 2272 in
1063 2195 1585 2296 quaestionibus
1630 2212 1703 2270 et
1739 2196 2023 2270 indiciis
2054 2204 2141 2286 (4)
2184 2222 2339 2270 non
2384 2198 2512 2270 hoc
2560 2277 2563 2284 ,

378 2314 854 2415 quaerendum
895 2311 1207 2386 arbitror
1243 2335 1420 2382 num
1468 2326 1824 2410 purgetur
1866 2311 2128 2410 aliqui,
2176 2313 2303 2386 sed
2346 2337 2511 2386 num

381 2445 743 2527 arguatur.

465 2559 540 2642 Εἰ
559 2599 844 2661 perquam
877 2579 1190 2638 exercitata
1220 2577 1613 2657 respondendi
1638 2577 1908 2639 facultate
1934 2579 2327 2662 propositioni
2354 2601 2515 2640 accu-

385 2679 592 2740 satoris
617 2677 905 2746 occurrit,
930 2695 1050 2734 non
1075 2673 1218 2734 in‘ud
1244 2675 1693 2755 exspectandum
1719 2675 1778 2736 in
1806 2676 2035 2736 indiciis
2059 2698 2131 2736 an
2158 2678 2427 2738 defensus
2451 2680 2519 2737 sit

387 2775 568 2854 aliqui
589 2773 689 2854 (5),
711 2773 810 2832 sed
839 2793 913 2833 an
938 2773 1262 2832 nominatus
1279 2817 1299 2848 ,
1320 2773 1595 2852 quoniam
1620 2769 1807 2833 videri
1830 2777 2012 2854 possit
2036 2776 2213 2836 etiam
2234 2776 2408 2836 stulta
2428 2774 2521 2835 de-

389 2873 573 2933 fensio
599 2871 659 2931 id
687 2871 846 2952 quod
873 2893 993 2931 non
1019 2886 1323 2930 accusetur
1345 2870 1496 2932 velle
1525 2891 1794 2952 purgare.

489 3079 678 3151 XIV.
735 3100 760 3144 1
779 3129 794 3146 .
849 3073 1202 3146 Exclusus
1235 3072 1371 3144 hac
1400 3073 1901 3143 criminatione
1920 3077 2334 3170 Torquatus
2372 3097 2521 3144 rur-

393 3212 516 3258 sus
552 3189 626 3256 in
667 3209 782 3257 me
811 3186 1049 3272 irruit,
1089 3207 1208 3255 me
1243 3197 1563 3270 accusat,
1610 3184 1707 3253 ait
1744 3205 1861 3254 me
1895 3181 2101 3254 aliter
2135 3209 2220 3258 ac
2254 3185 2521 3258 dictum

461 3419 542 3486 (ι)
577 3417 750 3470 Codex
775 3417 942 3468 eciam
969 3421 1036 3467 A.
1054 3417 1130 3466 Μ.

463 3507 542 3574 (a)
579 3506 750 3559 Codex
771 3504 921 3555 initii.
940 3504 1091 3556 conr.
1109 3519 1204 3570 pro
1221 3501 1425 3554 Plancio
1440 3537 1455 3562 ,
1474 3518 1507 3570 9
1523 3535 1539 3561 ,
1562 3515 1609 3552 1.

465 3591 542 3666 (3)
577 3603 638 3648 In
656 3595 832 3645 codice
851 3591 930 3642 vel
953 3593 1166 3658 spatium
1189 3601 1290 3649 ent,
1312 3588 1391 3640 vel
1407 3589 1705 3640 obliteratio.
1722 3589 1957 3655 supplevi
1976 3589 2225 3642 concess&
2248 3607 2315 3642 ox
2340 3607 2525 3657 proee-

396 3691 646 3741 dentibnn.
671 3688 736 3735 A.
755 3683 832 3732 M.

469 3777 552 3847 (4)
587 3777 668 3824 Sic
687 3768 877 3821 indiciis
888 3769 976 3817 bic
991 3779 1042 3818 et
1059 3767 1184 3816 infr·
1199 3799 1218 3826 ,
1241 3781 1347 3814 non
1370 3781 1489 3814 vero
1496 3765 1727 3834 judiciis,
1760 3783 1905 3832 quam
1928 3776 2145 3816 noctram
2164 3768 2423 3820 lection-n
2444 3769 2529 3815 alii

390 3870 532 3918 ctiam
559 3863 713 3913 codd.
731 3857 1038 3909 confirmant.
1055 3857 1120 3905 A.
1141 3855 1218 3904 M.

453 3953 532 4021 (5)
565 3952 693 4002 cod.
716 3945 939 4012 aliquid,
983 3943 1072 3994 aed
1099 3939 1257 3992 delen
1286 3941 1351 3990 ab
1384 3942 1495 4010 ipso
1521 3957 1812 3992 amunte
1844 3943 1983 3994 liter·
2020 3945 2073 3996 d.
2111 3947 2277 4008 Quare
2322 3957 2531 3994 remanet

376 4042 533 4110 “liqui
559 4055 652 4107 pro
679 4034 862 4102 aliquis
878 4067 894 4094 ,
915 4043 970 4081 nt
996 4029 1166 4098 paullo
1191 4041 1324 4080 ante.
1350 4037 1413 4082 A.
1440 4027 1521 4082 Μ.
