2594 4537
210 246 217 251 “
319 256 459 343 384
966 259 1063 325 M.
1114 256 1191 324 T.
1244 211 1815 327 Clcssnoms

322 382 850 482 provinciarum
884 375 1165 450 fructus
1186 432 1207 465 ‚
1236 377 1758 449 tetrarcharum
1795 402 1880 449 ac
1915 403 2166 475 regum
2193 378 2432 453 bona
2459 439 2481 466 ,

318 522 447 595 spe
480 508 551 565 et
574 490 864 565 avaritia
890 485 1304 559 devorasses
1327 542 1347 575 ‚
1377 491 1657 584 argenti
1687 503 1761 559 et
1793 488 2249 585 supellectilis
2279 516 2488 562 mea·

320 602 715 704 cupiditate
762 622 916 671 esse
962 612 1345 685 caecatum3
1387 622 1536 667 non
1587 599 1914 669 existimo
1935 653 1956 688 ‚
2003 602 2482 699 Campanum

324 718 528 787 illum
568 708 938 783 consulem
962 705 993 751 ³
1035 732 1203 780 cum
1232 708 1570 781 saltatore
1599 708 1871 808 collega
1891 764 1912 797 ,
1944 734 2170 808 quum
2199 712 2420 783 alteri
2441 718 2476 764 ⁴

320 842 549 897 totam
606 821 937 893 Achaiam
966 875 986 908 ‚
1042 819 1520 908 Thessaliam,
1583 823 1930 891 Boeotiam
1957 872 1979 907 ,
2037 822 2392 891 Groeciam
2411 817 2474 907 ⁵,

320 934 816 1008 Macedoniam
848 986 869 1019 ,
921 954 1366 1027 omnemque
1421 928 1826 1001 Barbariam
1845 983 1866 1017 ‚
1937 930 2134 1002 bona
2185 932 2478 1003 civium

322 1060 795 1119 romanorum
852 1042 1338 1115 condonasses
1365 1088 1388 1129 ,
1447 1040 1655 1112 alteri
1679 1038 1713 1085 ⁶
1772 1042 2042 1138 Syriam
2065 1096 2086 1130 ‚
2147 1038 2478 1137 Babylo-

324 1176 495 1229 nem
521 1210 541 1243 ‚
592 1158 838 1225 Persas
860 1207 879 1241 ‚
936 1154 1434 1248 integerrimas
1483 1152 2112 1249 pacatissimasque
2159 1166 2436 1248 gentes
2453 1210 2474 1238 ‚

318 1267 409 1339 ad
436 1263 923 1364 diripiendum
952 1261 1398 1347 tradidisses,
1419 1262 1580 1333 illos
1605 1277 1750 1333 tam
1785 1262 2092 1362 cupidos
2119 1262 2474 1335 liminum

322 1394 691 1463 meorum,
736 1390 809 1445 et
838 1373 1376 1461 columnarum,
1411 1388 1486 1445 et
1515 1372 1886 1444 valvarum
1919 1372 2156 1445 fuisse.
2193 1376 2478 1471 Neque

318 1513 541 1589 porro
566 1486 687 1557 illa
714 1508 978 1556 manus
1004 1486 1378 1582 copiaeque
1408 1483 1728 1555 Catilinae
1759 1486 2120 1557 caementis
2145 1508 2225 1554 ac
2249 1486 2477 1555 testis

316 1613 677 1670 tectorum
728 1618 1061 1667 meorum
1112 1620 1189 1665 se
1232 1592 1499 1667 famem
1543 1618 1750 1666 suam
1791 1595 2200 1693 expleturas
2241 1610 2474 1691 puta-

314 1721 615 1795 verunt3
640 1704 765 1777 sed
785 1759 805 1794 ‚
830 1719 912 1775 ut
937 1703 1259 1776 hostium
1286 1702 1506 1777 urbes
1525 1760 1544 1793 ,
1571 1729 1710 1805 nec
1739 1706 2068 1775 omnium
2097 1704 2470 1793 hostium,

314 1832 567 1887 verum
616 1838 913 1901 eorum,
968 1811 1408 1910 quibuscum
1455 1811 1802 1885 acerbum
1850 1812 2125 1886 bellum
2175 1815 2473 1887 intesti-

316 1949 644 2023 numque
694 1924 1176 2022 suscepimus,
1231 1947 1384 1996 non
1435 1922 1681 2021 praeda
1739 1921 2073 2014 adducti,
2117 1922 2239 1995 sed
2267 1925 2470 1998 odio

313 2037 659 2109 solemus·
690 2034 1021 2107 excidere
1040 2046 1102 2123 ⁷2,
1157 2033 1396 2132 quod,
1439 2038 1516 2105 in
1578 2058 1768 2132 quos
1832 2049 2134 2133 propter
2187 2059 2466 2108 eorum

314 2146 811 2220 crudelitatem
840 2144 1295 2217 inflammatae
1322 2158 1600 2217 mentes
1625 2160 1890 2218 nostrae
1924 2144 2246 2231 fuerunt,
2273 2170 2464 2219 cum

314 2258 578 2331 horum
638 2260 854 2330 etiam
914 2259 1123 2328 tectis
1186 2281 1271 2328 ac
1341 2253 1634 2328 sedibus
1689 2253 2008 2328 residere
2055 2255 2466 2353 aliquando

310 2369 585 2441 bellum
630 2389 917 2465 semper
957 2366 1244 2440 videtur
1260 2365 1315 2438 ⁸.

406 2483 661 2550 XXIV.
706 2475 905 2550 Nihil
936 2491 1095 2548 erat
1128 2476 1356 2549 latum
1392 2477 1484 2549 de
1519 2501 1638 2550 me
1661 2489 1720 2567 ¹3
1773 2502 1924 2550 non
1971 2477 2212 2550 adesse
2245 2502 2464 2550 eram

303 2591 587 2684 jussus;
638 2607 789 2659 non
840 2589 1141 2661 citatus:
1188 2587 1562 2661 abfueram
1597 2617 1614 2659 ε
1655 2613 1854 2661 eram
1899 2591 2118 2661 etiam
2155 2603 2284 2660 tuo
2321 2590 2462 2684 ju-

378 2759 429 2808 3.
460 2760 765 2826 Campanum
801 2758 937 2808 IIIum
965 2759 1227 2808 consulem.
1256 2751 1336 2808 Pl·
1495 2761 1544 2810 6.
1569 2760 1743 2810 Alteri.
1771 2760 1965 2810 Scilicet
1990 2760 2217 2811 Gabinio.

305 2847 474 2886 sonem
488 2873 505 2900 ‚
521 2827 607 2904 qni
619 2874 634 2897 ‚
662 2855 763 2903 qno
788 2853 919 2887 anno
942 2839 1116 2887 consul
1128 2842 1301 2889 Rome
1316 2866 1332 2892 2
1496 2845 1546 2900 ⁸7.
1567 2839 1668 2887 Sed
1682 2837 1796 2888 odio
1817 2839 2026 2888 solemus
2047 2839 2288 2888 excidere.
2311 2841 2431 2890 Alii
2447 2879 2464 2902 ,

300 2917 475 2966 eodem
503 2918 684 2984 capua
703 2952 720 2979 ‚
757 2933 903 2982 qnam
928 2919 1177 2983 superiore
1196 2935 1329 2968 anno
1413 2917 1506 2966 sed
1527 2917 1641 2969 odio
1669 2918 1880 2966 solemus
1904 2915 2140 2983 οτοῲοη.

300 2997 544 3046 coloniam
597 2997 653 3046 C.
702 2998 863 3046 Caesar
901 2997 1072 3051 consul
1120 2999 1326 3058 fecerat,
1487 2999 1536 3046 8.
1560 2997 1713 3046 Tectis
1738 3013 1800 3045 ae
1825 2997 2018 3047 sedibus
2043 2996 2312 3054 residere...
2343 3001 2462 3049 bel-

298 3071 531 3124 duumvir
560 3092 671 3124 cum
697 3077 933 3142 Pompeio
962 3071 1074 3126 ruit.
1085 3078 1328 3127 —Salea-
1413 3075 1515 3124 lum
1533 3087 1723 3143 semper
1732 3077 1946 3125 videtur.
1964 3079 2128 3140 Quum
2143 3077 2292 3142 priori
2307 3094 2464 3129 oon-

297 3163 402 3201 aore
452 3155 662 3221 collega.
708 3155 927 3204 'Gabinio
945 3189 961 3214 ,
1008 3171 1156 3220 quein
1204 3157 1326 3206 alibi
1411 3155 1680 3221 pai-ationis
1715 3157 1936 3207 membro
1977 3158 2182 3207 alterum
2223 3173 2330 3206 non
2369 3175 2462 3208 n-

294 3251 321 3272 ·-
340 3231 718 3281 calamiamtnm
743 3232 1021 3282 saltatorem
1038 3253 1063 3278 ιι
1091 3235 1322 3299 appellat.
1409 3235 1624 3303 apondet
1639 3271 1658 3297 ,
1698 3249 1838 3302 putat
1865 3238 2128 3288 Lambinus
2148 3237 2342 3300 aliquid
2365 3256 2464 3290 ex·

366 3320 417 3368 4.
439 3311 615 3361 Alteri.
634 3311 819 3361 Pisoni.
1407 3315 1606 3376 cidisse,
1635 3317 1774 3367 istius
1791 3316 1926 3366 modi
1937 3333 1952 3367 :
1967 3339 1993 3360 α
2007 3317 2090 3365 Sic
2115 3333 2208 3366 vos
2227 3329 2460 3368 vesu-nn

366 3389 415 3436 5.
452 3389 714 3440 Graece'am.
754 3392 943 3440 Iocum
984 3392 1117 3441 hunc
1162 3396 1321 3460 carpit
1403 3389 1462 3442 in
1503 3405 1584 3443 me
1624 3395 1822 3445 crudele
1861 3407 1912 3444 et
1947 3397 2161 3444 immane
2185 3395 2372 3445 odium
2397 3399 2460 3448 in

290 3465 529 3529 Wolfina,
568 3479 810 3534 tamquam
850 3471 975 3520 male
1008 3473 1285 3522 ordinatum
1300 3509 1317 3534 ‚
1405 3472 1606 3522 domum
1623 3489 1776 3523 ineam
1793 3473 2132 3540 profudistis».
2158 3475 2456 3538 Quod-nna

274 3550 453 3613 ,aitque
494 3549 735 3598 Gracina
774 3563 891 3614 post
924 3551 1166 3601 Boeotiam
1212 3569 1318 3603 non
1397 3551 1616 3614 jejunius
1641 3552 1910 3612 videbitur,
1948 3569 2096 3619 qnam
2119 3565 2176 3602 nt
2199 3553 2268 3602 ita
2295 3553 2458 3606 ‹1310-

287 3629 437 3676 suiaae
486 3625 833 3679 nominandam
856 3665 874 3692 ,
941 3647 1095 3696 quum
1146 3631 1316 3681 eadem
1402 3628 1469 3678 rit
1501 3641 1704 3682 orator:
1743 3649 1902 3697 neque
1929 3634 2036 3681 seio
2079 3649 2140 3681 an
2169 3633 2456 3700 quidquam

281 3717 407 3756 eaaet
454 3708 744 3774 provincia3
795 3711 935 3775 qnasi
984 3729 1087 3761 non
1136 3710 1315 3777 sapius
1403 3709 1530 3758 desit
1547 3745 1563 3770 ,
1602 3726 1755 3775 quum
1800 3713 2104 3778 comparatio
2137 3711 2222 3762 in·
2253 3717 2456 3780 optime

279 3785 414 3850 apud
430 3788 716 3837 Ciceronem
736 3788 930 3837 Gracia
952 3785 1123 3840 eodem
1148 3790 1311 3840 omni·
1400 3790 1688 3840 sententiam
1709 3792 1906 3841 claudat
1926 3827 1942 3852 ,
1983 3804 2030 3841 et
2062 3793 2216 3842 veluti
2247 3806 2455 3845 antece·

280 3879 348 3910 no
371 3881 515 3913 semu
534 3878 802 3930 poneretur
815 3882 915 3933 qno
932 3867 1119 3917 Graeci·
1134 3852 1311 3932 Ἑλλὰς,
1399 3867 1618 3917 dentium
1647 3872 1776 3919 ratio
1803 3872 2142 3936 subjungatur.

281 3941 333 3990 h.
359 3958 547 4006 e..pars
577 3961 633 3992 ea
656 3943 861 3996 Graeciae
891 3963 1001 4012 quae
1036 3947 1099 3996 ab
1136 3944 1310 3999 Isthmi
1468 3949 1662 3998 XXIV.
1697 3965 1743 3998 ι.
1767 3949 1910 3999 Nihil
1929 3963 2042 3998 erat
2069 3951 2227 4002 Iamna
2255 3953 2318 4001 de
2339 3971 2447 4005 ne.

270 4021 507 4083 augustii·
528 4023 579 4070 in
588 4021 724 4086 cipit.
1399 4025 1544 4077 Nulla
1563 4027 1642 4078 lex
1667 4029 1719 4079 in
1742 4045 1821 4080 me
1837 4029 1932 4080 lata
1952 4041 2074 4080 erat.
