2594 4537
270 235 415 324 466
911 225 1009 296 Μ.
1059 217 1138 292 Τ.
1191 215 1757 292 CICERONIS

268 362 490 456 hujus
527 351 760 454 gentis
813 370 894 420 ac
952 361 1159 418 terrae
1221 340 1620 413 domestico
1674 337 2109 433 nativoque⁷
2148 359 2383 408 sensu
2404 387 2426 420 ‚

266 471 484 544 Italos
507 468 703 566 ipsos
731 482 814 530 ac
843 458 1173 542 Latinos,
1213 449 1341 522 sed
1370 453 1632 549 pietate
1660 471 1742 520 ac
1770 446 2119 544 religione
2136 498 2158 531 ‚
2186 462 2428 543 atque

267 583 405 654 hac
446 599 594 656 una
635 569 984 668 sapientia
1001 557 1056 650 ⁸,
1111 559 1317 660 quod
1357 558 1660 631 deorum
1700 555 2223 632 immortalium
2270 582 2423 628 nu-

271 694 464 762 mine
508 683 754 756 omnia
793 681 946 776 regi
993 671 1531 774 gubernarique
1554 729 1557 732 .
1582 668 2109 767 perspeximus,
2154 691 2425 738 omues

266 814 516 902 gentes
554 792 1028 886 nationesque
1066 784 1587 882 superavimus.

363 915 454 981 X.
495 908 778 996 Quare,
831 922 925 969 ne
974 893 1188 993 plura
1235 889 1329 962 de
1371 913 1451 960 re
1490 890 1788 960 minime
1840 884 2099 981 loquar
2142 881 2423 968 dubia,

267 1017 607 1096 adhibete
629 1015 912 1084 animos
931 1061 950 1094 ,
984 1021 1057 1078 et
1085 1015 1366 1076 mentes
1387 1012 1691 1086 vestras,
1726 1021 1877 1066 non
1906 995 2147 1068 solum
2172 1017 2425 1080 aim,

268 1131 360 1204 ad
383 1125 847 1222 haruspicum
878 1140 1131 1190 vocem
1156 1111 1567 1184 admovete:
1604 1109 1821 1196 Quon
1847 1131 1924 1178 nt
1954 1127 2149 1176 Aeno
2186 1107 2425 1174 LAri-

267 1264 496 1314 mensi
521 1249 540 1282 ¹
601 1253 908 1306 Aunrrns
971 1250 1092 1296 nsr
1153 1243 1525 1294 suemus
1580 1241 1731 1290 cmii
1792 1239 2131 1288 rnnmrru.
2195 1217 2423 1286 Mitto

268 1347 687 1446 haruspices
709 1397 728 1430 ,
767 1341 978 1413 mitto
1020 1334 1216 1406 illam
1247 1346 1562 1402 veterem
1596 1325 1689 1400 ab
1724 1327 1897 1425 ipsis
1941 1324 2075 1396 diis
2112 1325 2419 1394 immor-

269 1459 566 1543 talibuS,
601 1467 687 1524 ut
733 1449 1112 1520 hominum
1148 1441 1338 1514 fama
1380 1453 1525 1526 est,
1569 1439 1871 1511 Etruriae
1914 1434 2155 1509 datam
2196 1433 2419 1506 disci-

269 1571 582 1672 plinam:
619 1585 753 1632 nos
793 1578 1042 1628 nonne
1080 1551 1497 1650 haruspices
1522 1571 1674 1620 esse
1702 1545 2140 1645 possumus?
2168 1549 2419 1616 Exsu-

270 1703 481 1753 mrus
515 1699 590 1747 in
628 1694 825 1744 Aeno
862 1687 1276 1748 raoninono
1313 1685 1401 1732 ΕΤ
1440 1679 1856 1732 sunuanmo
1893 1681 2012 1728 EST
2038 1679 2423 1728 sunm-rus

270 1811 558 1878 omnm
607 1801 1094 1864 nnconm'rus,
1153 1800 1240 1845 m·
1295 1792 1707 1844 nonmmms
1758 1790 2124 1839 fni-:uirus
2173 1789 2421 1837 Anno·

273 1925 454 1974 ium.
497 1895 678 1986 Quis
721 1905 828 1964 est
873 1914 960 1962 ex
1001 1881 1411 1984 gigantibus
1444 1879 1621 1964 illis,
1657 1893 1845 1976 quos
1887 1891 2119 1975 poetae
2170 1872 2423 1948 ferunt

270 2011 550 2086 bellum
598 2003 733 2076 diis
767 1993 1303 2074 immortalibus
1344 1990 1708 2075 intulisse,
1746 2002 1895 2059 tam
1933 1987 2250 2084 impius,
2292 1985 2423 2082 qui

273 2124 417 2194 hoc
467 2134 612 2190 tam
659 2137 852 2186 novo
905 2122 1256 2202 tantoque
1296 2115 1507 2172 motu
1562 2125 1715 2172 non
1762 2121 2104 2195 magnum
2142 2093 2420 2192 aliquid

274 2233 452 2306 deos
493 2224 772 2330 populo
814 2243 1118 2294 romano
1161 2225 1709 2315 praemonstrare
1763 2224 1837 2283 et
1881 2211 2281 2307 praecinere
2320 2203 2421 2277 fa-

274 2340 562 2417 teatur?
608 2342 718 2409 De
763 2358 847 2405 ea
892 2357 970 2403 re
1025 2332 1375 2425 scriptum
1427 2336 1535 2393 est
1554 2374 1576 2408 ,
1634 2319 2159 2419 postulationes
2179 2327 2209 2366 ²
2268 2340 2421 2389 esse

275 2453 467 2535 Jovi,
500 2452 852 2539 Saturno,
891 2445 1282 2538 Neptune,
1320 2431 1625 2520 Telluri,
1665 2428 1801 2525 diis
1833 2426 2263 2502 caelestibus.

275 2642 386 2677 rum
424 2634 550 2674 artes
595 2618 830 2669 describit
869 2634 981 2682 qne
1021 2624 1307 2678 sequnntur.
1464 2608 1532 2657 X.
1554 2624 1599 2658 ι.
1624 2606 1680 2655 In
1707 2600 1828 2673 'agro
1856 2602 2141 2655 Latiniensi.
2162 2606 2284 2653 Erat
2310 2620 2419 2668 ager

276 2709 366 2756 Est
391 2704 520 2753 enim
548 2700 831 2751 notissimus
861 2698 1020 2747 loeus.
1055 2697 1309 2745 Romano·
1396 2688 1593 2750 antique
1616 2703 1679 2735 ex
1700 2686 1977 2751 urbemn„
2004 2685 2255 2736 inm-{mg
2280 2685 2423 2735 pm

278 2786 456 2834 artium
477 2778 601 2843 fines
619 2795 724 2827 non
745 2776 1038 2842 protulisse,
1058 2772 1142 2823 sed
1165 2770 1309 2835 quid-

278 2864 401 2929 quid
423 2861 620 2919 norint,
635 2857 879 2922 accepisse
898 2871 924 2902 a
945 2853 1150 2912 Grecis,
1177 2854 1311 2901 Stra·

278 2944 346 2992 bo
365 2976 384 3003 ,
418 2936 701 3004 Geogrsph.
723 2936 817 2984 lib.
842 2938 868 2982 Ι
886 2969 905 2996 ,
934 2932 1101 2981 tradit.

351 3040 402 3085 7.
424 3021 529 3068 Hoc
561 3014 666 3083 ipso
697 3013 842 3085 liujus
871 3010 1034 3078 gentis
1068 3015 1129 3059 tie
1163 3022 1306 3059 teme

281 3098 544 3149 domestico
565 3094 826 3158 nativoque
849 3108 1006 3141 sensu.
1033 3092 1139 3138 Hae
1159 3088 1307 3137 Italo·

281 3196 391 3229 rum
418 3172 590 3227 indole
617 3186 669 3224 et
697 3172 894 3237 ingenio
933 3170 994 3218 de
1034 3168 1180 3217 rebus
1212 3168 1305 3215 hn-

283 3260 436 3307 manis
456 3256 700 3304 subtiliter
717 3250 960 3301 sentiendi
977 3259 1027 3297 et
1035 3246 1305 3309 judicandi.

287 3335 461 3385 Gentis
503 3350 568 3381 ae
609 3344 754 3383 terroe
799 3341 873 3381 est
917 3330 965 3381 iv
1009 3321 1099 3379 διὰ
1138 3321 1300 3382 dimi-o,

282 3414 440 3481 gentis
464 3410 612 3473 hujus
638 3421 793 3459 terrae.

355 3496 405 3542 8.
446 3492 556 3539 Hac
594 3504 694 3535 una
735 3483 996 3553 sapientia.
1033 3481 1306 3531 Pulcherri-

283 3590 416 3621 mum
428 3572 562 3619 hune
574 3568 757 3625 locum,
781 3582 836 3613 ac
853 3564 1111 3614 sententiis
1131 3573 1179 3611 et
1197 3578 1305 3609 ver-

282 3652 360 3699 bis
375 3666 486 3699 vere
505 3645 899 3704 Ciceronianam,
917 3642 1098 3706 frigore
1121 3652 1307 3689 tactum

284 3725 607 3791 deprehendit
651 3720 868 3773 Wolflns
889 3756 904 3781 ,
957 3736 1131 3768 aurens
1176 3730 1309 3769 certe

283 3807 434 3852 homo
447 3839 462 3863 ‚
497 3804 636 3863 eujus
656 3800 826 3849 subtili
844 3799 1037 3864 judicio
1062 3808 1112 3846 et
1130 3797 1311 3847 delica-

285 3882 482 3929 tissimis
515 3882 714 3929 auribus
751 3880 920 3929 nescio
957 3895 1021 3926 an
1043 3878 1307 3942 quisquam

283 3960 494 4021 scriptor
514 3970 655 4005 vetus
681 3960 837 4021 possit
865 3956 1157 4008 satisfacere.

1398 2777 1537 2815 oetste
1553 2800 1569 2825 ,
1594 2765 1904 2823 nominatus,
1936 2765 2105 2813 nescio
2130 2774 2329 2825 antem,
2361 2781 2421 2813 an

1399 2844 1553 2894 Tullii
1578 2860 1685 2893 oevo
1706 2855 2009 2909 superesset,
2032 2860 2189 2907 quum
2216 2860 2325 2909 etp.
2354 2844 2418 2892 28

1399 2924 1617 2989 legemus
1632 2960 1647 2984 ,
1681 2946 1709 2966 ιι
1726 2939 1881 2988 genus
1906 2922 2096 2971 sonitus
2116 2922 2254 2983 eins,
2280 2938 2419 2987 quem

1392 3006 1693 3055 Latinienses
1724 3004 2021 3053 nuntiarum
2038 3025 2065 3047 a
2082 3038 2099 3064 ,
2126 3002 2267 3069 qnod
2291 3002 2423 3052 vide·

1393 3096 1475 3154 tur
1516 3084 1860 3136 verisimilius:
1908 3100 1973 3131 an
2011 3098 2133 3131 vero
2172 3084 2275 3147 agri
2289 3118 2305 3143 ,
2341 3082 2423 3147 qui

1392 3150 1682 3211 Latiniensis
1714 3162 2054 3227 appellabatur
2071 3196 2087 3221 ,
2124 3160 2305 3209 incola
2328 3163 2423 3209 sint

1391 3242 1737 3306 intelligendi?
1779 3241 1879 3290 Sed
1914 3240 2040 3289 nihil
2078 3240 2422 3301 commodius,

1393 3336 1539 3387 quam
1586 3342 1609 3364 ι
1630 3320 1793 3368 vicum
1828 3318 2201 3369 Latiniensem·
2248 3320 2423 3369 intelli-

1394 3416 1505 3465 gere
1528 3414 1541 3448 :
1570 3414 1724 3447 nuum
1744 3398 1887 3447 exiis
1908 3398 2101 3449 scilieet
2118 3432 2134 3458 ,
2172 3414 2303 3463 qnos
2320 3400 2425 3451 rtu-

1394 3478 1547 3529 tarch.
1576 3478 1631 3526 in
1660 3478 1857 3527 Lucull.
1894 3494 2006 3543 esp.
2032 3478 2122 3539 37,
2153 3476 2271 3526 urbi
2304 3478 2424 3527 dixit

1392 3558 1649 3625 proximos
1672 3557 2033 3619 circumjacere.

1388 3658 1406 3681 ο
1468 3654 1517 3687 2.
1546 3635 1901 3687 Postulau‘ones
1927 3651 2028 3685 esse
2044 3634 2173 3695 Iovi,
2194 3636 2419 3693 Sammo,

1396 3728 1470 3766 est
1496 3718 1673 3765 Jovem
1690 3754 1706 3778 ‚
1744 3717 2007 3763 Saturnum
2032 3714 2225 3779 aliquid
2254 3724 2418 3779 postu·

1395 3798 1519 3857 lare,
1539 3805 1596 3843 nt
1622 3811 1793 3843 eornm
1814 3811 1912 3859 pax
1933 3794 2234 3843 obtinentur.
2261 3796 2318 3842 P.
2332 3794 2425 3843 n·-

1399 3876 1565 3925 nutius
1592 3875 1660 3923 ait
1676 3873 2033 3940 postulationes
2057 3864 2165 3923 esse
2188 3874 2420 3937 expiatio-

1398 3972 1504 4006 nes.
1529 3956 1873 4019 Nequaquam.
1907 3953 2297 4002 Postnlstionem
2324 3952 2422 4017 qni·
