2594 4537
312 263 405 333 92
975 239 1748 310 ARGUMENTUM.

386 362 653 428 laudibus
676 361 778 420 illis
812 361 1023 440 quibus
1049 382 1181 421 eum
1227 361 1500 422 defensor
1526 361 1788 420 extollit?
1827 363 2150 422 Fatendum
2190 378 2279 424 est
2317 369 2447 445 pri·

388 479 547 518 mum
594 457 750 518 nok-is
789 458 1077 520 difficilius
1117 477 1240 517 esse
1286 458 1361 517 de
1401 477 1468 517 ea
1503 478 1568 517 re
1602 457 1888 535 judicium
1935 473 2220 534 statuere,
2245 482 2440 540 quum

390 555 552 635 nulla
579 556 855 636 supersint
878 555 1107 626 Archiae
1128 576 1336 634 opera,
1361 575 1490 634 quae
1509 574 1779 634 magnum
1799 555 2018 642 aliquid
2043 559 2268 636 spirare
2293 579 2441 637 pos-

393 652 540 726 sint.;
592 671 782 710 verim
817 652 983 710 facile
1023 652 1223 711 credas
1264 671 1581 730 numquam
1626 652 1708 710 ita
1743 649 1978 711 sublimi
2014 667 2214 733 raptos
2251 655 2438 715 fuisse

390 749 613 808 aninios
634 748 839 828 impetu
853 791 871 822 ,
897 768 1077 827 quum
1100 733 1269 808 simul
1294 748 1528 807 libertas
1549 749 1784 807 Graeciae
1799 751 1986 808 omnis
2009 749 2263 809 evanuit.
2290 756 2436 810 Non

384 843 505 922 jam
531 843 605 905 ad
634 847 861 923 pariam
878 858 1037 904 vates
1059 843 1445 924 pertinebant,
1466 846 1572 903 toti
1593 843 1826 904 victoris
1857 858 2042 905 erant.
2059 847 2436 924 Mitylenaeus

392 941 761 1021 Theophanes
790 962 1029 1002 romana
1066 943 1295 1002 civitate
1338 963 1372 1001 a
1425 943 1705 1022 Pompeio
1737 943 1984 1002 donatus
2004 985 2021 1011 ,
2071 944 2433 1003 acclamante

390 1039 550 1097 omni
574 1039 814 1097 exenitu
832 1083 849 1112 ,
883 1053 1039 1100 certe
1066 1040 1237 1118 longe
1265 1037 1541 1099 absimilis
1572 1038 1646 1096 ab
1677 1031 1986 1117 Herodoto
2016 1041 2117 1099 illo
2142 1055 2301 1110 erat,
2331 1043 2432 1100 cui

390 1135 573 1195 libera
596 1155 719 1214 gens
742 1135 889 1196 ludis
902 1138 1218 1216 olympicis
1240 1134 1574 1217 plaudebat,
1583 1149 1641 1195 et
1659 1134 1733 1195 ab
1751 1137 1972 1211 Alcaeo,
1989 1136 2153 1216 cujus
2171 1127 2433 1197 minaces

384 1237 653 1293 Camenae
682 1245 943 1308 tyrannos
976 1231 1346 1311 dejiciebant.
1368 1239 1449 1292 Ea
1479 1246 1567 1292 est
1588 1234 1844 1313 gentium
1863 1253 2019 1308 sor-S,
2059 1253 2242 1313 quum
2272 1247 2432 1294 artes

385 1327 641 1388 libertati
672 1331 989 1408 stperstites
1012 1342 1254 1389 exstant.
1282 1329 1506 1408 Saepius
1532 1330 1698 1388 Italia
1719 1331 1934 1390 nostris
1954 1329 2218 1390 aetatibus
2239 1330 2430 1390 histo-

380 1425 533 1486 ricos
556 1437 853 1506 poetaque
886 1427 1234 1505 progenuit3
1264 1426 1365 1485 sed
1393 1427 1624 1505 ingenia
1651 1427 1770 1495 illa,
1799 1428 1912 1486 alio
1948 1428 2070 1486 sole
2100 1441 2268 1499 nata,
2299 1428 2430 1486 fru-

382 1536 513 1582 ctus
538 1533 660 1581 non
676 1542 807 1603 sape
831 1523 1025 1582 serunt
1046 1510 1395 1587 uberrimos.
1419 1529 1494 1583 Et
1515 1525 1670 1582 inter
1696 1525 2057 1584 innumeram
2079 1530 2428 1584 Graecorum

384 1617 647 1692 turbam,
672 1620 773 1698 qni,
808 1617 883 1678 ab
918 1633 1246 1698 expugnata
1270 1620 1556 1680 Corintho
1574 1665 1590 1692 ‚
1621 1640 1828 1698 magna
1860 1635 1982 1680 tum
2006 1622 2218 1700 palatia
2245 1622 2429 1681 inun-

381 1716 623 1789 davere,
650 1716 727 1774 vi:
768 1737 918 1774 unus
956 1729 1057 1774 aut
1088 1716 1233 1775 alter
1260 1717 1334 1776 ad
1371 1737 1478 1776 nos
1525 1737 1710 1796 usque
1749 1719 2034 1796 pervenit.
2066 1724 2262 1778 Poetae
2287 1719 2419 1790 illi,

374 1814 572 1892 quiex
594 1814 1074 1892 AsiaGraeciaque
1104 1816 1349 1874 Romam
1376 1815 1718 1889 veniebant,
1775 1817 2044 1895 plerique
2073 1817 2240 1875 lucro
2275 1835 2424 1900 poe·

376 1910 483 1969 sim
514 1925 863 1989 apponoant
882 1955 899 1984 ,
927 1911 1165 1990 dempta
1191 1913 1351 1972 omni
1383 1913 1728 1973 auctoritate
1745 1956 1762 1986 ,
1795 1914 2070 1991 omnique
2093 1907 2420 1991 majestate.

377 2014 673 2083 Quantum
716 2009 767 2068 a)
810 2009 913 2067 illo
952 2008 1255 2070 dissimiles
1291 2014 1577 2083 Homero,
1625 2011 1729 2089 qui
1754 2011 2036 2089 religione
2062 2011 2164 2069 illa
2203 2011 2418 2088 plenus

374 2127 503 2186 quae
546 2117 854 2166 nascentem
902 2107 1181 2167 mundum
1236 2109 1468 2168 clariori
1519 2109 1648 2168 luce
1695 2108 2023 2168 illustrabat
2050 2151 2068 2180 ,
2119 2107 2414 2186 quidquid

376 2202 653 2284 pingebat
694 2203 872 2264 dvino
922 2204 1277 2265 accendebat
1317 2205 1476 2285 igne,
1522 2219 1581 2264 et
1629 2206 1688 2263 in
1739 2204 2075 2265 hominibus
2127 2205 2420 2284 factisque

380 2303 589 2361 mentis
627 2303 847 2380 vesigia
892 2301 1103 2361 divinae
1154 2302 1668 2381 deprehendebat,
1705 2317 1766 2361 et
1810 2302 2157 2362 commercia
2197 2315 2418 2362 terram

382 2399 543 2457 inter
562 2399 863 2477 caelunque
886 2398 1179 2472 sociabat3
1210 2413 1310 2458 aut
1340 2399 1414 2458 ab
1445 2400 1549 2459 illo
1569 2400 1866 2477 AEschylo,
1881 2402 2004 2478 qui,
2035 2411 2170 2478 post
2192 2418 2420 2477 pugna-

384 2508 503 2554 tam
528 2494 602 2553 ad
630 2494 959 2555 Manthoua
985 2516 1239 2575 pugnam
1260 2540 1277 2569 ,
1317 2494 1542 2556 civibus
1576 2499 1694 2557 suis
1732 2498 1991 2557 victoriae
2017 2498 2416 2575 spectaculum

383 2590 747 2677 explicabatf
784 2604 845 2650 et
888 2590 1226 2671 triumphali
1264 2607 1441 2653 cantu
1486 2594 1659 2653 simul
1702 2606 1761 2652 et
1805 2612 2058 2653 amorem
2108 2593 2318 2673 patriae
2355 2608 2424 2653 et

358 2687 575 2747 'odium
594 2701 955 2766 tyrainorum
976 2688 1301 2766 injiciebat!
1320 2690 1560 2759 Graecia,
1576 2710 1828 2750 romanae
1854 2691 2128 2769 potestati
2153 2690 2413 2763 subdita,

377 2799 435 2846 et
464 2786 606 2845 deos
620 2829 641 2857 ,
668 2786 973 2867 etpatriam
994 2806 1128 2847 cum
1149 2785 1419 2847 libertate
1441 2781 1728 2847 amiserat.

450 2884 723 2959 Quamvis
746 2897 939 2943 autem
970 2904 1079 2944 nec
1122 2883 1326 2965 digne,
1353 2905 1462 2944 nec
1505 2886 1655 2945 'elate
1699 2906 1770 2945 ea
1808 2899 2193 2946 tractarentur
2234 2906 2407 2966 argu-

370 2994 565 3041 menta
582 3023 599 3051 ,
638 3003 746 3062 que
793 2983 934 3041 olim
972 2996 1200 3042 veteres
1244 2998 1449 3063 poetas
1493 2982 1888 3043 accendissent
1905 3026 1923 3056 ,
1983 2985 2047 3042 in
2095 2984 2402 3044 nonnullis

368 3093 559 3139 tamen
580 3079 907 3151 occu-rebat
934 3081 1147 3159 ingenii
1186 3079 1360 3141 beata
1383 3081 1650 3161 quaedam
1681 3081 1942 3141 facilitas.
1965 3082 2190 3161 Saepius
2229 3082 2410 3141 etiam

356 3176 443 3236 illi
472 3196 545 3235 ex
570 3175 873 3257 impmviso
892 3178 1147 3237 carmina
1178 3179 1425 3257 pulchra
1455 3179 1592 3238 satis
1615 3177 1999 3238 effundebant
2018 3220 2034 3247 ,
2065 3192 2132 3237 ut
2147 3178 2403 3239 Archias

354 3274 376 3353 (
402 3294 530 3353 cap.
554 3274 590 3332 8
615 3280 637 3346 )
658 3316 675 3344 ,
706 3275 964 3337 §idonius
986 3276 1299 3354 Antipater
1339 3276 1436 3349 (de
1463 3280 1628 3337 Orat.
1658 3281 1749 3338 111
1770 3318 1786 3345 ,
1831 3275 1930 3354 50)
1965 3300 1978 3335 z
2023 3296 2131 3336 nec
2165 3276 2400 3337 inficeta

356 3390 559 3433 eorum
605 3375 843 3431 camina
875 3372 938 3431 in
984 3373 1340 3453 Anthologia
1383 3374 1625 3434 collecta
1655 3374 1870 3453 jacent.
1902 3378 2066 3448 Quos
2097 3374 2252 3433 inter
2283 3379 2394 3433 Ar-

356 3468 514 3529 chias
552 3469 615 3529 in
648 3490 777 3530 nvi
802 3470 1315 3551 epigrammatibus
1337 3491 1456 3530 non
1482 3469 1718 3550 indigne
1749 3470 2070 3531 Leonidam
2093 3514 2112 3544 ,
2145 3471 2402 3550 Antipa—

348 3580 503 3625 trum
554 3587 621 3625 ac
664 3568 1011 3648 Meleagrum
1054 3580 1450 3646 repraesentat.
1479 3572 1602 3627 Nec
1636 3566 1800 3626 illum
1834 3566 2070 3646 quidem
2102 3567 2364 3627 inventio
2385 3612 2403 3640 ,

350 3662 570 3742 quippe
602 3682 797 3742 saepus
840 3678 1231 3725 antecessores
1274 3664 1622 3735 imitantem;
1651 3664 1752 3725 sed
1781 3664 2011 3744 lepores
2051 3664 2290 3743 quidam
2335 3686 2405 3723 ac

356 3770 550 3817 certus
580 3761 861 3840 elegantiae
888 3778 1059 3821 tenor
1088 3760 1516 3822 commendant.
1553 3768 1822 3836 Quorum
1853 3763 2134 3822 nonnulla
2174 3762 2276 3821 hic
2301 3782 2406 3823 ex-

356 3854 608 3915 scribere
632 3848 759 3919 libet
778 3880 851 3919 ex
872 3860 1143 3920 Brunckii
1162 3860 1456 3921 Analectis
1475 3904 1492 3935 ,
1525 3874 1663 3920 tom.
1687 3864 1774 3931 11,
1805 3880 1935 3940 pag.
1955 3860 2032 3937 95
2057 3874 2116 3919 et
2142 3859 2277 3918 528.
