2594 4537
371 288 456 359 16
731 321 734 324 ⁴
991 291 1091 356 Μ.
1146 292 1224 358 Τ.
1277 291 1851 359 CICERONIS
1954 315 1957 326 ·

360 437 498 509 pus
525 421 612 499 ¹¹,
659 424 734 480 et
773 411 1051 485 crimen
1091 411 1417 480 maximae
1464 412 1983 506 conjurationis
2019 438 2061 483 a
2096 436 2213 484 me
2248 413 2493 488 defen·

359 523 594 595 detur.
653 527 894 618 Atque
949 523 1136 592 inter
1189 531 1406 593 nos¹²
1466 523 1755 619 partitio
1798 547 1949 594 non
2000 539 2110 596 est
2154 521 2453 596 fortuito
2476 581 2495 610 ‚

353 632 633 729 judices
659 687 679 718 ,
735 656 873 704 nec
933 647 1201 703 temere
1253 630 1439 704 facta
1474 660 1489 700 :
1540 631 1669 704 sed
1690 687 1711 720 ,
1760 657 1995 731 quum
2042 633 2449 707 videremus
2475 691 2495 723 ‚

359 768 613 815 eorum
665 744 1062 814 criminum
1131 767 1266 814 nos
1326 757 1672 840 patronos
1740 741 2123 831 adhiberi,
2182 769 2495 841 quorum

361 869 576 926 testes
619 878 774 925 esse
816 876 1190 951 possemus
1207 907 1227 940 ‚
1261 867 1573 948 uterque
1617 868 1951 924 nostrum
1984 853 2062 924 id
2096 851 2237 924 sibi
2273 855 2495 926 susci-

363 963 716 1063 piendum
754 964 1073 1061 putavit,
1116 962 1208 1034 de
1247 987 1401 1060 quo
1448 963 1721 1059 aliquid
1770 964 1950 1035 scire
2002 967 2159 1062 ipse
2179 960 2238 1006 ¹3
2279 980 2499 1061 atque

365 1076 772 1146 existimare
811 1069 1198 1172 potuisset.⁴

459 1187 546 1255 V.
584 1188 675 1256 Et
696 1238 716 1273 ‚
756 1184 1106 1281 quoniam
1143 1181 1236 1254 de
1271 1182 1695 1254 criminibus
1730 1187 2125 1280 superioris
2162 1186 2499 1278 conjura-

366 1295 582 1368 tionis
625 1295 1094 1366 Hortensium
1133 1291 1518 1389 diligenter
1562 1292 1860 1366 audistis
1881 1347 1901 1381 ,
1939 1291 2030 1364 de
2070 1293 2206 1366 hac
2246 1295 2499 1389 conju-

362 1406 642 1476 ratione
663 1459 684 1493 ,
748 1428 908 1501 quae
931 1459 950 1493 ‚
999 1428 1116 1474 me
1168 1403 1469 1476 consule
1494 1459 1513 1492 ‚
1568 1401 1753 1476 facta
1802 1419 1911 1476 est
1925 1459 1946 1492 ,
1996 1405 2139 1476 hoc
2182 1406 2501 1502 primum

359 1512 734 1586 attendite.

459 1623 724 1711 Multa,
766 1648 998 1720 quum
1037 1647 1269 1695 essem
1306 1625 1599 1714 consul,
1637 1625 1731 1696 de
1758 1631 2059 1698 summis
2088 1625 2505 1723 reipublicae

362 1733 702 1832 periculis
742 1730 984 1804 audivi
1004 1787 1024 1822 ,
1061 1732 1290 1804 multa
1328 1735 1660 1830 quaesivi,
1700 1737 1929 1807 multa
1964 1736 2295 1833 cognovi.
2330 1733 2506 1808 Nul-

249 1843 276 1897 ·'
364 1842 480 1914 lus
519 1867 872 1939 umquam
916 1841 1008 1912 de
1053 1841 1250 1912 Sulla
1304 1847 1605 1914 nuntius
1648 1843 1739 1916 ad
1784 1868 1902 1916 me
1924 1899 1943 1932 ‚
1992 1845 2273 1916 nullum
2316 1844 2508 1915 indi-

364 1957 598 2040 cium,
640 1951 860 2024 nullae
891 1950 1118 2020 literae
1148 1965 1672 2047 pervenerunt,
1706 1953 1909 2024 nulla
1946 1956 2277 2052 suspicio.
2314 1955 2506 2026 Mul-

363 2079 523 2135 tum
568 2061 722 2134 haec
775 2085 920 2132 vox
974 2057 1275 2132 fortasse
1320 2059 1622 2134 deberet
1656 2062 1892 2134 valere
1942 2063 2100 2158 ejus
2140 2064 2463 2136 hominis
2484 2119 2503 2150 ‚

366 2176 498 2271 qui
534 2171 790 2244 consul
827 2169 1120 2242 insidias
1163 2169 1582 2267 reipublicae
1626 2173 1928 2245 consilio
1972 2175 2502 2273 investigasset,

364 2286 662 2357 veritate
721 2286 1118 2381 aperuisset
1137 2338 1158 2370 ‚
1209 2284 1709 2379 magnitudine
1764 2286 1983 2356 animi
2034 2286 2467 2360 vindicasset
2486 2342 2505 2375 ‚

366 2418 594 2491 quum
635 2397 793 2491 ipse
825 2391 1005 2462 nihil
1044 2392 1328 2463 audisse
1362 2391 1453 2464 de
1484 2395 1557 2463 P.
1588 2394 1821 2483 Sulla,
1852 2395 2029 2467 nihil
2060 2401 2507 2495 suspicatum

363 2528 520 2577 esse
555 2502 849 2574 diceret.
897 2499 1034 2571 Sed
1069 2526 1204 2598 ego
1238 2500 1569 2573 nondum
1600 2518 1772 2575 utor
1804 2505 1939 2577 hac
1972 2530 2149 2579 voce
2187 2506 2277 2578 ad
2309 2506 2507 2579 hunc

367 2612 909 2687 defendendum
947 2640 961 2683 ε
1015 2610 1106 2683 ad
1165 2612 1627 2710 purgandum
1683 2640 1801 2687 me
1859 2620 2104 2716 potius
2162 2632 2377 2705 utor3
2428 2632 2509 2689 ut

369 2725 612 2797 mirari
653 2728 1061 2820 Torquatus
1101 2720 1385 2793 desinat
1410 2778 1429 2811 ‚
1472 2748 1627 2813 me,
1685 2727 1816 2821 qui
1862 2727 2217 2797 Autronio
2260 2724 2509 2798 abfue-

365 2837 500 2907 rim
525 2890 546 2923 ‚
607 2834 876 2906 Sullam
946 2831 1357 2907 defendere.
1431 2836 1607 2925 Quae
1674 2837 1870 2907 enim
1920 2837 2257 2908 Autronii
2280 2848 2295 2879 ¹
2371 2834 2511 2908 fuit

369 2946 623 3019 causa?
665 2968 827 3043 quae
885 2943 1098 3016 Sullae
1137 2945 1292 3015 est?
1334 2944 1461 3016 Ille
1506 2943 1821 3017 ambitus
1858 2944 2209 3043 judicium
2250 2945 2507 3018 tollere

367 3082 449 3128 ac
498 3053 903 3129 disturbare
922 3064 950 3095 ²
1010 3058 1329 3151 primum
1384 3051 1699 3127 conflato
1748 3055 1978 3126 voluit
2023 3054 2508 3151 gladiatorum

447 3325 468 3355 1
485 3325 530 3357 ι.
561 3307 663 3355 Mei
695 3308 974 3356 consulatus
1007 3320 1170 3357 autem
1189 3320 1391 3373 tempus.
1484 3324 1707 3373 cauum,
1742 3326 1829 3359 cur
1850 3310 1997 3359 Sulla
2024 3309 2173 3367 adsit,
2205 3326 2292 3357 cur
2316 3314 2509 3358 Autro-

369 3386 428 3436 ld
445 3398 543 3450 est,
567 3385 705 3452 quod
721 3388 826 3452 egit
853 3387 984 3436 Sulla
1025 3398 1244 3453 tempore
1271 3402 1389 3437 oon·
1480 3387 1566 3434 nio
1588 3387 1812 3439 defuerit.

371 3467 556 3515 tulatus
573 3466 689 3514 mei.
1556 3474 1603 3506 a.
1632 3459 1877 3508 Iudicium
1910 3458 2081 3507 tollere
2116 3476 2179 3507 ac
2214 3458 2508 3507 disturbare.

447 3546 713 3595 12.1nter
747 3546 1026 3595 1105.th
1065 3562 1142 3593 me
1176 3557 1228 3594 et
1265 3548 1393 3595 1:101·-
1482 3537 1703 3599 Tollere,
1732 3536 2033 3596 disturbato,
2053 3537 2349 3599 rescindere,
2366 3538 2509 3587 infir-

369 3624 597 3673 teminm.
1482 3630 1613 3665 mre
1647 3616 1922 3680 judicium,
1936 3629 2041 3667 aut
2076 3633 2179 3666 m
2214 3618 2511 3680 judicatam,

445 3706 525 3753 13.
564 3702 777 3768 Aliquid
791 3702 914 3752 seire
933 3704 1052 3769 ipse.
1075 3702 1260 3751 Aberat
1291 3702 1393 3766 ipse
1480 3695 1549 3743 in
1574 3694 1743 3744 eudem
1781 3712 1834 3744 re
1873 3694 2108 3758 dicimus,
2142 3712 2237 3762 pro
2274 3714 2337 3747 eo
2372 3697 2512 3761 quod

369 3782 433 3833 ab
473 3782 588 3833 edd.
622 3784 849 3833 Lambin.
882 3784 1077 3832 Gruter.
1118 3782 1185 3830 al.
1231 3784 1395 3831 Resti-
1485 3772 1635 3836 vulgo
1663 3772 1869 3835 dicunt,
1894 3790 2119 3839 quassare
2162 3786 2211 3823 et
2242 3776 2512 3824 annihilare

371 3863 468 3911 tuit
509 3880 537 3910 e
588 3862 740 3913 codd.
776 3866 951 3911 Frano.
989 3872 1038 3908 et
1078 3860 1254 3925 priscis
1283 3859 1395 3909 edd.
1486 3852 1773 3901 mamutium
1798 3852 1999 3916 judicis·
2022 3854 2295 3903 Autronius
2320 3855 2382 3903 <le
2409 3871 2511 3903 am-

371 3942 611 3991 vaiu..
640 3944 689 3991 J,
705 3946 767 3991 V.
795 3945 849 3991 L,
1485 3931 1595 3979 bitu
1641 3932 1919 3993 damnatus,
1970 3932 2227 3981 consulatu
2281 3934 2466 3984 excidit
2495 3951 2508 3983 :

443 4024 506 4069 V.
543 4037 585 4069 1.
613 4023 732 4086 Quoe
755 4021 880 4069 em'm
902 4016 1146 4066 Autronii.
1170 4018 1397 4065 Ostendit
1487 4010 1598 4059 ideo
1625 4028 1737 4061 oum
1770 4012 1979 4063 Catilina
2005 4011 2297 4071 conjuravit.
