2594 4537
296 284 435 359 362
952 292 1050 357 M.
1100 292 1179 358 T.
1240 290 1801 361 CICERONIS

306 415 623 510 pertinet
649 411 743 482 ad
771 413 999 509 ipsam
1042 414 1528 509 cognitionem
1575 414 1969 484 vestram⁴z
2013 434 2175 508 quae
2217 434 2448 509 quum

306 524 398 593 sit
440 524 515 591 in
547 522 668 617 jus
710 521 1110 618 religioniS‚
1161 537 1233 593 et
1282 528 1356 594 in
1404 525 1520 620 jus
1565 523 1984 623 reipublicae
2027 521 2450 608 distributa,

304 631 675 729 religionis
708 646 991 730 partem
1010 686 1029 716 ,
1067 658 1231 731 quae
1268 636 1506 706 multo
1547 648 1658 707 est
1709 634 2084 706 verbosior
2104 689 2123 722 ,
2154 649 2448 732 praeter-

307 743 631 827 mittem,
656 741 749 813 de
774 745 939 838 jure
967 742 1380 843 reipublicae
1425 746 1682 817 dicam.
1719 742 1918 836 Quid
1949 759 2057 815 est
2089 745 2288 815 enim
2327 758 2452 815 aut

304 870 453 926 tam
497 880 842 952 arrogans
866 912 885 946 ,
937 883 1157 955 quam
1197 857 1289 929 de
1330 858 1720 956 religione,
1769 858 1862 929 de
1901 856 2122 930 rebus
2155 857 2448 941 divinis,

306 968 773 1057 caerimoniis,
810 971 1063 1054 sacriS,
1102 968 1538 1067 pontificum
1579 969 1964 1066 collegium
2009 968 2274 1041 docere
2327 993 2450 1041 co-

304 1079 505 1147 nari?
536 1093 665 1149 aut
710 1093 851 1150 tam
887 1080 1232 1169 stultum,
1270 1104 1528 1177 quam,
1575 1084 1636 1152 si
1666 1082 1830 1178 quis
1872 1078 2050 1178 quid
2089 1081 2166 1149 in
2201 1081 2448 1151 vestris

303 1187 509 1259 libris
540 1192 899 1261 invenerit
910 1228 939 1278 ,·
961 1190 1033 1261 id
1066 1216 1360 1263 narrare
1393 1190 1650 1281 vobis;
1693 1206 1820 1262 aut
1857 1206 2006 1262 tam
2046 1190 2449 1277 curiosum,

306 1324 525 1396 quam
554 1327 635 1372 ea
656 1306 837 1374 scire
864 1303 1045 1375 velle
1063 1359 1082 1388 ,
1114 1302 1205 1375 de
1220 1302 1492 1401 quibus
1516 1302 1826 1398 majores
1853 1304 2084 1373 nostri
2106 1326 2240 1373 vos
2261 1302 2450 1373 solos

305 1425 378 1481 et
418 1413 737 1501 consuli,
772 1428 847 1485 et
872 1416 1055 1487 scire
1082 1415 1478 1486 voluerunt
1507 1416 1537 1484 ἐ’

400 1526 589 1592 XIII.
630 1527 837 1620 Nego
863 1529 1187 1620 potuisse
1208 1524 1376 1618 jure
1403 1522 1705 1623 publico
1721 1534 1744 1567 ¹
1765 1576 1785 1608 ,
1829 1520 2110 1619 legibus
2143 1524 2266 1609 iis»,
2293 1524 2448 1620 qui-

302 1628 443 1701 bus
477 1631 628 1703 haec
670 1624 915 1704 civitas
958 1637 1191 1706 utitur
1212 1690 1233 1723 ,
1284 1657 1735 1731 quemquam
1789 1634 2018 1703 civem
2071 1630 2220 1702 ulla
2263 1634 2447 1728 ejus·

303 1742 507 1813 modi
544 1742 943 1817 calamitate
980 1744 1206 1831 affici,
1240 1748 1400 1816 sine
1422 1742 1700 1839 judicio
1735 1770 1752 1812 :
1783 1741 1927 1813 hoc
1946 1742 2175 1837 juris²
2211 1743 2292 1811 in
2321 1740 2450 1813 hac

304 1853 626 1939 civitate,
668 1856 886 1925 etiam
928 1871 1083 1927 tum
1103 1910 1123 1942 ,
1166 1880 1404 1953 quum
1435 1879 1642 1952 reges
1681 1868 1960 1939 essent,
2004 1850 2173 1924 dico
2201 1850 2450 1939 fuisse3

302 1960 449 2033 hoc
488 1962 701 2036 nobis
738 1990 890 2037 esse
930 1990 971 2037 a
1010 1966 1408 2062 majoribus
1452 1965 1794 2037 traditum
1827 1990 1850 2053 ;
1899 1964 2040 2035 hoc
2069 1987 2226 2035 esse
2255 1963 2448 2035 deni·

302 2097 449 2169 que
484 2078 861 2173 proprium
896 2076 1137 2150 liberae
1174 2078 1518 2163 civitatis,
1549 2091 1632 2147 ut
1651 2076 1832 2148 nihil
1849 2074 1949 2149 de
1975 2077 2212 2173 capite
2243 2076 2449 2160 civis,

308 2198 434 2254 aut
473 2183 566 2257 de
601 2185 851 2278 bonis,
882 2192 1037 2260 sine
1068 2188 1344 2285 judicio
1383 2183 1753 2278 senatus3,
1789 2200 1916 2258 aut
1944 2184 2292 2285 popum,
2337 2200 2452 2256 aut

304 2319 558 2367 eorum
579 2353 599 2385 ,
632 2304 760 2396 qui
790 2299 881 2372 de
911 2327 1205 2399 quaque
1234 2298 1355 2372 re⁵
1397 2300 1771 2372 constituti
1799 2297 2081 2394 judices
2109 2300 2290 2388 sint,
2329 2295 2450 2368 de-

305 2408 496 2478 trahi
524 2412 773 2508 possit.
818 2410 1168 2499 Videsne,
1194 2406 1370 2483 me6
1405 2436 1558 2482 non
1594 2409 1934 2482 radicitus
1961 2407 2270 2482 evellere
2295 2431 2450 2480 om·-

379 2629 431 2678 4.
448 2622 540 2668 Aa
562 2619 718 2686 ipsam
748 2623 1073 2690 cognitionem
1094 2636 1332 2674 vestram.

304 2700 472 2750 lamb.
494 2717 555 2748 ex
578 2703 729 2761 MSS,
750 2704 849 2751 «ad
870 2721 1061 2752 censam
1089 2707 1336 2770 cognitio-

302 2797 514 2844 nemque
532 2792 739 2830 vestram
754 2807 795 2831 a.
825 2785 1037 2848 Optime
1057 2785 1295 2834 lectiones
1311 2821 1328 2843 ,

306 2875 417 2924 qua
460 2859 515 2908 in
555 2862 799 2926 aliquibus
838 2865 983 2914 etiem
1024 2867 1169 2914 Grut.
1192 2865 1335 2916 libris

304 2941 425 3004 quin
453 2941 650 3006 pouint
678 2945 878 3007 reperiri
908 2960 1012 2992 uon
1042 2945 1217 2994 dubito
1238 2979 1255 3004 ,
1290 2945 1336 2992 ni

305 3019 416 3084 quis
443 3038 527 3070 eos
558 3021 838 3085 diligentius
875 3024 1159 3072 excusserit.
1200 3023 1332 3072 Infra

306 3099 435 3148 idem
462 3099 633 3149 anb.
664 3117 725 3149 ex
752 3101 852 3150 auis
886 3101 1055 3150 itidem
1082 3101 1208 3150 MSS
1238 3117 1334 3167 pro

306 3196 429 3228 voce
440 3180 819 3244 pretermittens
836 3215 851 3242 ,
885 3199 1033 3246 quam
1060 3198 1231 3232 omnes
1256 3193 1333 3231 ta-

307 3276 419 3308 men
447 3259 529 3307 alii
551 3259 667 3308 libri
692 3273 916 3322 servent,
941 3264 1163 3328 reposuit
1184 3273 1333 3324 recte,

298 3349 694 3402 proetermmam.

375 3417 526 3467 xnl.
560 3433 603 3466 ι.
638 3421 758 3464 Iure
788 3417 1007 3482 publico.
1047 3421 1138 3468 Jus
1166 3414 1333 3484 nubli-

306 3512 417 3543 cum
448 3495 529 3544 hic
558 3512 662 3544 non
686 3507 759 3544 est
780 3498 863 3558 jue
883 3533 897 3558 ,
940 3499 1075 3564 quod
1118 3499 1334 3562 pertinet

302 3575 365 3624 ad
393 3577 603 3625 civitatis
629 3587 835 3640 statum,
864 3579 949 3626 sed
977 3579 1038 3626 ad
1068 3593 1235 3625 omnes
1259 3577 1333 3625 ci-

302 3671 415 3713 ves,
446 3657 528 3717 jus
556 3673 813 3706 commune
837 3672 851 3706 :
874 3669 929 3705 ut
956 3657 1089 3722 apud
1126 3659 1330 3705 Sueton-

306 3733 360 3781 in
385 3737 684 3797 Octaviano,
722 3755 767 3787 c.
802 3753 896 3786 ro:
925 3761 949 3779 α
967 3733 1044 3786 Ne
1074 3737 1332 3802 publicum

304 3813 500 3876 quidem
527 3828 576 3864 et
604 3818 943 3866 translatitium
966 3818 1045 3878 jus
1072 3817 1170 3864 ulla
1198 3817 1249 3864 in
1280 3831 1333 3863 re

307 3891 401 3940 eibi
419 3929 433 3951 ,
459 3897 560 3942 sine
588 3899 817 3960 pactione
834 3897 1129 3961 gravissimae
1148 3913 1333 3944 merce-

310 3969 386 4017 dis
408 3971 460 4017 in
481 3973 787 4036 impertiente
805 3997 827 4018 ι
852 3993 865 4025 :
897 3975 1061 4023 nimir.
1085 3977 1338 4037 Antoni03

305 4051 353 4098 et
379 4049 565 4099 infrib.
586 4053 649 4100 50
672 4067 686 4101 :
716 4055 815 4101 «Et
838 4055 1031 4117 peculio
1053 4071 1287 4104 concesso
1309 4070 1336 4101 e

1421 2637 1588 2692 pau-e,
1623 2625 1942 2692 prebitisque
1975 2626 2152 2674 annuis
2177 2623 2449 2682 fraudavit,

1421 2721 1511 2772 per
1530 2705 1740 2769 speciem
1770 2704 1959 2770 publici
1980 2704 2136 2764 juris,
2169 2703 2310 2767 quod
2335 2703 2450 2750 nihil

1424 2786 1484 2833 de
1511 2784 1589 2832 his
1606 2787 1856 2848 Augustus
1873 2793 2160 2830 testamento
2184 2783 2388 2830 cavisset
2407 2803 2449 2830 n.

1422 2865 1538 2914 Vid.
1559 2865 1694 2914 Suet.
1717 2875 1847 2914 noet-
1867 2862 1949 2912 ed.
1981 2874 2016 2912 t.
2037 2864 2062 2908 1
2081 2897 2098 2920 ,
2131 2879 2183 2926 p.
2221 2877 2338 2919 171.
2363 2863 2450 2910 En.

1494 2961 1544 2993 α.
1573 2947 1679 2992 Hoc
1693 2943 1822 3014 jem's
1861 2943 1913 2989 in
1945 2941 2041 2988 hac
2069 2939 2268 2988 civitate
2309 2940 2454 2988 eciam

1423 3035 1548 3081 tum,
1582 3039 1733 3087 quum
1751 3037 1893 3088 reges
1915 3031 2091 3069 essene.
2119 3019 2252 3066 vide
2271 3017 2331 3067 de
2353 3015 2455 3066 Ho-

1421 3103 1536 3152 ratii
1557 3102 1781 3164 iudicio,
1801 3101 1886 3165 qui
1915 3115 2137 3148 sororem
2173 3097 2418 3148 occiderat
2437 3132 2452 3156 ,

1421 3179 1614 3232 Livium
1633 3193 1682 3230 et
1701 3180 1995 3244 Dionysium
2021 3177 2452 3228 Halicarnassum:-

1497 3264 1542 3312 3.
1571 3263 1792 3310 Senatus.
1821 3259 1922 3323 Qui
1949 3259 2249 3326 quaestiones
2274 3257 2456 3306 consti·

1425 3339 1613 3389 tuebat-

1495 3428 1548 3475 4.
1583 3420 1690 3467 Aue
1711 3417 1905 3484 populi.
1931 3417 2149 3466 Tantum
2176 3419 2231 3464 in
2261 3416 2453 3466 crimine

1423 3497 1796 3564 perduellionis.

1496 3575 1543 3628 5.
1576 3579 1648 3624 De
1668 3591 1866 3642 quaque
1891 3591 1960 3624 re.
1993 3577 2116 3624 Tem
2145 3575 2208 3623 de
2238 3575 2453 3641 privata,

1419 3673 1567 3721 quam
1597 3657 1660 3704 de
1685 3655 1997 3715 criminibus,
2021 3655 2310 3703 conutitutis
2331 3669 2452 3719 φικ-

1423 3736 1691 3793 unionibus,
1716 3751 1836 3799 quas
1863 3735 2158 3783 exercebant
2195 3747 2450 3799 pretores,

1421 3815 1507 3880 qui
1551 3815 1697 3877 hujus
1740 3813 1934 3862 illiusve
1977 3815 2197 3862 criminis
2224 3815 2451 3878 questio·

1423 3911 1534 3943 nem
1558 3895 1761 3943 sortitus
1780 3905 1897 3943 erat.

1495 3975 1544 4023 6.
1577 3973 1814 4033 Videsne,
1851 3991 1944 4023 me.
1986 3975 2064 4022 De
2099 3973 2211 4036 inre
2257 3971 2450 4037 publico

1425 4055 1602 4104 Cicero
1661 4053 2021 4118 disceptaturus
2047 4087 2061 4114 ,
2125 4065 2312 4117 preter
2366 4051 2448 4100 elis
