2594 4537
276 305 409 378 180
903 305 997 374 M.
1051 304 1129 372 T.
1182 305 1765 379 CICERONIS

266 431 505 500 vitatis
546 424 995 523 disciplinam
1037 439 1255 522 atque
1294 429 1712 526 gravitatem
1747 451 1898 498 non
1937 427 2173 500 solum
2213 430 2420 502 Grae·

272 541 431 626 ciac,
471 536 598 610 sed
642 535 841 607 haud
891 536 1034 607 scio
1086 559 1177 606 an
1230 539 1510 609 cunctis
1560 537 1898 636 gentibus
1948 552 2420 636 anteponen-

271 650 435 720 dam
474 647 704 718 dicam
725 655 799 735 93
846 671 1006 744 quae
1051 659 1192 716 tam
1246 648 1504 746 procul
1543 673 1583 719 a
1619 652 2036 720 Graecorum
2074 651 2416 720 omnium

274 757 689 856 regionibus
712 811 731 844 ‚
770 755 1161 855 disciplinis
1200 756 1590 858 linguaque
1627 758 1886 846 divisa,
1927 784 2156 856 quum
2191 761 2268 830 in
2306 760 2420 830 ul-

276 872 468 942 timis
510 871 716 940 terris
771 869 1003 939 cincta
1046 867 1415 940 Gallorum
1455 868 1828 967 gentibus,
1881 867 2228 940 barbariae
2263 867 2422 940 flu-

278 979 517 1052 ctibus
545 979 877 1065 alluatur,
908 978 1008 1049 sic
1036 978 1464 1075 optimatum
1495 978 1796 1050 consilio
1827 977 2299 1075 gubernatur,
2325 993 2420 1049 ut

280 1115 535 1162 omnes
588 1088 743 1185 ejus
796 1089 1117 1160 instituta
1166 1088 1456 1160 laudare
1505 1087 1782 1160 facilius
1831 1088 2147 1185 possint,
2189 1113 2418 1186 quam

281 1201 617 1272 aemulari.
657 1203 868 1271 Hisce
904 1199 1129 1270 utitur
1158 1197 1660 1272 laudatoribus
1695 1200 2022 1286 Flaccus,
2061 1199 2172 1269 his
2202 1201 2426 1271 inno-

283 1312 533 1383 centiae
582 1308 888 1382 testibus
910 1364 930 1398 ‚
976 1321 1061 1381 ut
1105 1311 1516 1382 Graecorum
1567 1309 1944 1409 cupiditati
1992 1313 2426 1381 Graecorum

284 1422 550 1492 auxilio
587 1421 1023 1492 resistamus.

384 1534 670 1603 XXVII.
724 1533 1177 1627 Quamquam
1230 1533 1396 1629 quis
1441 1534 1763 1629 ignorat,
1809 1531 1937 1626 qui
1984 1529 2206 1601 modo
2247 1553 2426 1600 um-

290 1666 510 1740 quam
568 1639 1025 1712 mediocriter
1068 1665 1177 1712 res
1235 1644 1404 1714 istas
1456 1642 1638 1712 scire
1697 1641 2006 1728 curavit,
2063 1641 2244 1737 quin
2279 1640 2432 1708 tria

291 1756 708 1823 Graecorum
750 1773 1013 1846 genera
1050 1751 1191 1821 sint
1226 1751 1440 1822 vere?
1475 1774 1788 1848 quorum
1828 1754 1958 1820 uni
1989 1764 2159 1820 sunt
2195 1747 2432 1820 Athe-

290 1863 579 1934 nienses
596 1915 615 1948 ‚
646 1884 807 1958 quae
835 1885 1010 1958 gens
1034 1865 1295 1933 Ionum
1317 1873 1338 1906 ¹
1379 1859 1832 1948 habebatur3
1861 1859 2136 1931 AEoles²
2176 1857 2434 1948 alteri3

292 1977 528 2045 Dores
550 1969 579 2014 3
618 1973 809 2042 tertii
848 1970 1428 2043 nominabantur.
1469 1978 1704 2069 Atque
1739 1971 1894 2042 haec
1928 1983 2186 2042 cuncta
2225 1971 2436 2038 Grae-

295 2085 443 2171 cia,
478 2107 637 2179 quae
674 2079 1102 2178 fama‘,··quae
1144 2081 1407 2179 gloria,
1447 2105 1609 2179 quae
1652 2082 2021 2168 doctrina,
2065 2104 2225 2177 quae
2257 2078 2434 2176 plu-

294 2197 493 2265 rimis
528 2191 845 2281 artibuS‚
884 2217 1043 2289 quae
1079 2194 1294 2264 etiam
1332 2192 1638 2291 imperio
1671 2207 1745 2295 et
1776 2190 2032 2262 bellica
2064 2186 2271 2261 laude
2299 2187 2444 2259 flo-

293 2309 487 2393 ruit,
542 2328 843 2401 parvum
904 2301 1293 2399 quemdam
1347 2304 1638 2390 locum,
1699 2318 1812 2374 ut
1841 2304 2074 2390 scitiS‚
2121 2306 2442 2397 Europae

296 2428 542 2502 tenet,
568 2436 999 2510 semperque
1028 2414 1280 2485 tenuit.
1315 2398 1487 2485 Asiae
1515 2414 1940 2483 maritimam
1967 2436 2204 2498 oram,
2231 2408 2442 2480 bello

300 2536 744 2620 superatam,
785 2521 1012 2592 cinxit
1045 2521 1388 2611 urbibus,
1425 2547 1578 2593 non
1615 2536 1701 2593 ut
1737 2522 2090 2593 munitam
2133 2520 2448 2593 coloniis

300 2634 496 2704 illam
528 2630 891 2727 augeret⁴‚
934 2631 1061 2702 sed
1092 2646 1175 2703 ut
1210 2630 1573 2705 obsessam
1613 2647 1912 2705 teneret.
1940 2628 2442 2724 Quamobrem

302 2738 547 2842 qiiaeso
586 2766 625 2812 a
666 2739 871 2813 vobis
899 2796 918 2828 ‚
970 2742 1251 2814 Asiatici
1301 2758 1554 2829 testes,
1597 2768 1827 2840 quum
1867 2767 2036 2814 vere
2071 2738 2450 2813 recordari

302 2853 559 2924 voletis
582 2906 603 2941 ‚
658 2865 1015 2948 quantum
1071 2854 1510 2928 auctoritatis
1564 2854 1638 2923 in
1686 2851 2038 2948 judicium
2082 2848 2396 2923 afferatis
2417 2904 2446 2936 ‚

305 3116 391 3150 vro
416 3099 573 3165 parmi
614 3098 701 3147 des
742 3099 935 3147 nations
974 3099 1202 3149 barbares
1243 3100 1331 3164 qui
1415 3098 1524 3148 filio
1554 3098 1697 3157 dicti,
1724 3098 1812 3163 qni
1844 3107 2012 3163 postea
2045 3096 2452 3159 Peloponnesum

308 3178 535 3227 devaicnt
570 3178 688 3226 faire
723 3176 828 3227 leur
871 3178 1169 3244 prosperite,
1197 3190 1330 3235 etc.»
1419 3188 1736 3243 occuparunt.
1761 3177 1904 3227 Conf.
1935 3178 2109 3241 Pomp.
2128 3172 2247 3223 Md.
2265 3176 2289 3220 1
2305 3204 2324 3232 ,
2351 3190 2374 3221 ι
2387 3174 2456 3231 83

304 3258 474 3323 Esprit
494 3258 579 3305 des
608 3256 739 3317 Lais,
767 3260 871 3305 XX
890 3294 905 3320 ,
936 3260 983 3307 5.
1417 3258 1753 3318 vell.1>at.1,
1784 3264 1842 3313 4,
1866 3268 1964 3305 etc.

380 3352 434 3399 9.
463 3337 625 3396 Olim,
666 3337 805 3398 «jure
832 3334 1055 3397 dicam·;
1083 3337 1168 3385 sed
1194 3336 1332 3385 abest
1493 3338 1540 3385 3.
1569 3338 1740 3384 Dor-es.
1760 3336 1962 3399 Origine
1980 3344 2030 3382 et
2045 3332 2145 3397 ipsi
2157 3331 2406 3391 Thessali,
2419 3346 2456 3379 ι

296 3416 417 3485 jure
449 3431 478 3463 ι
508 3416 635 3463 MSS
667 3414 921 3480 pluribus,
964 3427 1012 3464 et
1049 3416 1330 3465 deleverunt
1417 3418 1556 3465 Doro
1575 3416 1790 3465 Helleni·
1819 3412 1926 3463 filio
1957 3414 2027 3461 sic
2050 3410 2310 3476 appellati,
2351 3426 2450 3474 qm

309 3494 535 3543 hmbin.
572 3497 735 3545 Graev.
770 3496 963 3545 Ernest.
1000 3494 1198 3543 Lullem.
1228 3506 1328 3545 etc.
1422 3493 1548 3544 cii-<za
1594 3498 1881 3544 Parnassum
1931 3492 2182 3556 regionem
2229 3504 2454 3553 occupa-

311 3578 362 3623 J.
379 3578 441 3625 V.
464 3576 518 3623 L.
1421 3586 1567 3634 runt,
1591 3586 1642 3623 et
1660 3572 1806 3632 inde,
1843 3584 1902 3623 ut
1926 3572 2113 3630 AEoles,
2153 3572 2204 3617 in
2231 3568 2454 3616 Siciliam

380 3652 597 3701 xxvn.
666 3668 707 3698 1.
776 3654 967 3701 Ionum.
1018 3654 1164 3701 Iones
1214 3650 1334 3701 dicti
1423 3667 1480 3701 nc
1503 3653 1692 3702 Italiam
1717 3652 1896 3717 saepius
1925 3652 2212 3714 migrarunt.

314 3732 431 3780 olim
451 3731 621 3788 Attici,
647 3731 709 3777 ab
736 3732 856 3779 Ione
877 3731 1037 3779 Xuthi
1055 3730 1189 3794 fllio;
1206 3747 1334 3795 quo·
1497 3743 1546 3789 4.
1588 3732 1736 3781 Illam
1772 3742 1989 3797 angeret.
2029 3730 2148 3777 ‘Non
2191 3736 2248 3775 ut
2281 3726 2461 3775 Asiana

316 3824 427 3856 rum
464 3807 671 3855 coloniae
707 3808 761 3854 in
793 3808 961 3857 Asiam
995 3808 1219 3858 deductae
1243 3826 1338 3874 ap·
1424 3811 1634 3860 coloniis
1666 3812 1767 3859 suis
1799 3812 2008 3859 muniret
2033 3817 2083 3857 et
2107 3806 2315 3863 ditaret,
2353 3805 2448 3853 sed

313 3876 505 3953 'pellatae
531 3887 745 3947 Imilce,
786 3896 833 3935 et
860 3889 995 3951 regio
1019 3889 1177 3937 Ionia.
1424 3890 1590 3955 potins
1624 3902 1681 3939 ut
1711 3906 1817 3937 earn
1844 3890 2085 3938 obsessam
2110 3895 2316 3933 teneret.
2345 3884 2452 3933 Alii

392 3982 439 4013 α.
496 3964 671 4013 AEoles.
735 3966 1076 4030 Antiquissimi
1138 3968 1338 4016 fuerunt
1423 3970 1604 4019 habent
1632 3970 1736 4019 illa.
1755 3968 2026 4019 Retinenda
2053 3964 2249 4028 vulgata
2267 3962 2424 4013 lectio
2447 3996 2467 4015 0

317 4043 572 4094 'rhemnon
612 4044 813 4108 populi,
853 4044 914 4093 ab
936 4046 1080 4095 AEolo
1120 4046 1338 4095 Hellenin
1426 4050 1558 4097 utin
1583 4066 1769 4099 summa
1787 4048 2015 4097 varietate
2032 4044 2203 4094 tutior.
