2594 4537
529 293 914 364 ORATIO
962 294 1172 364 PRO
1219 293 1293 362 P.
1344 291 1699 362 SULLA.
2082 291 2177 378 45

57 421 254 490 etiam
290 417 768 492 necessariam
805 440 1130 504 causam,
1163 439 1418 512 magna
1453 416 1735 488 ratione
1771 439 1939 486 cum
1968 419 2175 488 Mau-

56 527 314 600 ritaniae
374 551 546 623 rege
607 541 989 599 contracta.
1049 529 1232 597 Tum
1289 535 1529 598 autem
1551 573 1571 614 ,
1628 525 1753 596 illo
1800 525 2133 624 profecto
2155 581 2174 611 ‚

57 637 237 707 Sulla
291 635 776 735 procurante4
825 638 982 734 ejus
1029 656 1184 708 rem
1240 649 1315 708 et
1360 649 1691 734 gerente,
1737 637 2179 734 plurimis‘et

59 746 551 840 pulcherrimis
597 751 668 817 P.
712 746 937 818 Cincii
989 744 1272 844 praediis
1319 745 1628 817 venditis
1650 799 1671 832 ‚
1720 771 1815 818 aes
1860 747 2175 820 alienum

58 855 372 950 ejusdem
427 854 854 928 dissolutum
897 870 1007 928 est
1045 882 1061 926 :
1107 871 1231 944 ut,
1281 880 1443 952 quae
1494 878 1707 928 causa
1758 871 2035 930 ceteros
2084 857 2187 930 ad-

58 963 320 1038 facinus
355 967 645 1065 impulit
661 965 718 1056 ⁵,
759 965 1110 1065 cupiditas
1141 963 1539 1038 retinendae
1570 970 2068 1063 possessionis,
2094 993 2181 1040 ea

59 1079 300 1147 Cincio
337 1103 488 1148 non
528 1074 1104 1175 fuerit‚.praediis
1134 1075 1555 1148 deminutis,
1594 1081 1747 1146 Jam
1786 1101 1960 1148 vero
1996 1076 2177 1148 illud

57 1209 260 1280 quam
303 1186 770 1260 incredibile?
807 1211 1027 1284 quam
1074 1183 1557 1258 absurdumss?
1599 1187 1727 1283 qui
1770 1191 2015 1256 Romae
2050 1211 2177 1259 cae·-

59 1293 210 1366 dem
239 1293 512 1384 facere,
550 1297 680 1392 qui
713 1295 902 1367 hanc
946 1295 1202 1368 urbem
1239 1296 1683 1366 inflammare
1720 1295 1972 1385 vellet,
2008 1321 2176 1368 eum

61 1401 670 1478 familiarissimum
725 1431 936 1477 suum
990 1405 1353 1478 dimittere
1403 1405 1495 1478 ab
1550 1411 1663 1494 se,
1716 1421 1791 1476 et
1834 1406 2179 1480 mandare

59 1515 124 1583 in
176 1514 464 1586 ultimas
521 1516 801 1604 terras?
863 1530 1115 1586 utrum
1175 1541 1327 1613 quo
1386 1513 1665 1586 facilius
1688 1523 1717 1570 7
1768 1518 2013 1586 Romae
2054 1541 2179 1604 ea,

59 1647 206 1719 quae
263 1623 681 1714 conabatur,
737 1624 1054 1702 efficeret
1075 1679 1094 1714 ,
1156 1627 1216 1696 si
1275 1627 1351 1696 in
1404 1626 1745 1724 Hispania
1804 1625 2171 1700 turbatum

61 1736 278 1806 esset?
320 1741 416 1822 At
463 1735 615 1808 haec
653 1729 850 1834 ipsa⁸
898 1760 1035 1834 per
1071 1759 1189 1821 se,
1236 1738 1394 1808 sine
1432 1734 1578 1806 ulla
1623 1733 2179 1830 conjunctione,

62 1841 466 1940 agebantur.
512 1851 624 1916 An
670 1846 746 1915 in
796 1850 1014 1917 tantis
1061 1844 1282 1920 rebus
1311 1895 1331 1932 ‚
1382 1858 1526 1916 tam
1570 1846 1783 1916 novis
1820 1847 2177 1938 consiliis,

65 1969 192 2024 tam
227 1957 685 2054 periculosiS,
728 1968 869 2026 tam
909 1955 1348 2028 turbulentis
1370 2009 1391 2042 ,
1426 1954 1799 2027 hominem
1836 1959 2175 2028 amantis-

62 2066 302 2135 simum
330 2069 475 2153 sui,
499 2063 1126 2137 familiarissimum
1151 2120 1170 2154 ,
1199 2067 1867 2160 conjunctissimum
1898 2064 2178 2157 officiiS,

65 2197 186 2244 usu
210 2229 229 2260 ‚
273 2175 843 2264 consuetudine,
897 2175 1413 2249 dimittendum
1464 2199 1616 2246 esse
1664 2173 2177 2250 arbitraretur?

62 2286 442 2357 Verisimile
472 2310 622 2358 non
653 2301 788 2376 est,
813 2301 933 2374 ut,
961 2312 1180 2385 quem
1207 2288 1282 2357 in
1312 2285 1648 2359 secundis
1673 2284 1929 2375 rebus,
1954 2311 2177 2385 quem

63 2391 128 2461 in
157 2398 298 2466 otio
341 2419 586 2467 secum
624 2420 910 2495 semper
935 2396 1307 2469 habuisset
1326 2451 1347 2484 ,
1384 2396 1583 2467 hunc
1616 2398 1691 2469 in
1718 2394 2069 2483 adversis»,
2101 2412 2176 2470 et

66 2502 130 2571 in
169 2529 254 2575 eo
287 2504 650 2595 tumultu,
687 2530 902 2604 quem
937 2508 1090 2605 ipse
1127 2505 1595 2605 comparabat
1610 2517 1669 2595 ⁹,
1698 2504 1789 2577 ab
1826 2530 1905 2578 se
1932 2507 2173 2578 dimit-

1143 2760 1305 2809 facere
1350 2759 1531 2809 eadm
1566 2760 1765 2816 Roma,
1801 2763 1897 2809 ete.
1930 2758 2177 2809 dimittere

1145 2838 1208 2887 ab
1235 2855 1288 2886 ae
1323 2848 1375 2887 et
1408 2837 1639 2886 mandare
1682 2852 1825 2885 auum
1860 2838 2195 2887 familiai-inin

1145 2935 1295 2967 mum.

63 2772 146 2819 qua
159 2794 178 2817 ‚
203 2758 280 2808 aed
299 2760 366 2809 ob
384 2776 574 2809 canaam
597 2761 1060 2827 certam—Magna

63 2838 250 2887 tatione.
284 2841 386 2890 Alii
401 2874 418 2901 ‚
457 2862 484 2881 ι-
503 2854 675 2903 magua
717 2838 944 2904 pecuniae
979 2854 1057 2886 ra-

63 2914 184 2964 tione
199 2940 238 2966 ι.
263 2920 550 2977 Lambinus,
579 2934 804 2983 -maguae
831 2918 1056 2983 pecnnia

65 2997 228 3044 natione
246 3021 286 3047 a.
314 3026 386 3037 -
425 2998 544 3047 Cum
569 2998 892 3047 Haun'tam'ae
925 3013 1056 3063 rege.

65 3074 328 3140 Hiempsale.
367 3077 660 3126 Mauritania
701 3076 879 3125 Africo
921 3078 1058 3141 regio

66 3162 128 3199 est
149 3167 370 3215 anema,
397 3172 564 3205 ven-aua
587 3156 882 3205 Gaditanum
907 3170 1058 3205 mare.

67 3232 208 3280 llodie
227 3236 461 3285 Barbaria.

129 3321 174 3368 ι.
195 3316 316 3365 Sulla
329 3326 650 3381 procurante.
675 3316 841 3379 Quum
861 3314 914 3361 P.
927 3312 1060 3363 Sulla

67 3390 156 3449 ‘3¹³⁸
182 3408 465 3457 procurator
499 3406 642 3445 euaet.
671 3422 744 3433 —-
775 3396 909 3443 Rem.
941 3396 982 3443 1.
1009 3411 1059 3443 e.

69 3476 377 3530 poue-dona.
404 3504 478 3513 —
503 3476 590 3523 AEs
633 3473 864 3524 alienum.
901 3472 1060 3521 Solvit

69 3548 182 3597 Sulla
201 3554 536 3619 quodcumque
564 3552 771 3602 debebat
799 3553 1014 3603 Cincius.

129 3632 174 3677 5.
199 3633 482 3699 Adsaoi'mu
509 3630 719 3697 impulit.
755 3629 815 3678 Id
856 3640 928 3677 eat
943 3664 958 3691 ,
995 3628 1060 3677 ad

71 3711 438 3769 coniurationem.
470 3718 544 3763 lta
592 3723 647 3759 ut
684 3708 926 3774 cupiditas
959 3724 1061 3757 aua

72 3788 304 3839 retinenda
319 3792 652 3857 posaeaaionia,
671 3805 780 3854 quae
808 3804 950 3838 canaa
965 3788 1062 3861 'im-

73 3866 180 3925 pulit
199 3881 373 3920 eeteros
390 3872 456 3921 ad
482 3870 886 3932 conjurationem.

131 3946 180 3995 6.
208 3950 354 4009 ρηαηι
377 3950 658 3999 absurdum.
693 3948 752 3997 td
779 3957 850 3997 eat
868 3982 884 4007 ,
913 3962 1060 4012 quam

74 4020 306 4077 absurdum
329 4042 396 4079 eat
421 4030 620 4080 credere
651 4044 762 4077 eum
795 4027 882 4091 qui
913 4026 1062 4077 vellet

1220 3016 1270 3061 7.
1303 3000 1473 3045 Utrum
1509 3012 1607 3061 quo
1636 2992 1844 3062 facilius
1884 2998 2046 3045 Roma
2078 3010 2170 3058 ea,

1145 3088 1242 3127 etc.
1271 3078 1355 3126 An
1380 3088 1437 3126 ut
1471 3076 1683 3125 efficeret
1704 3076 1893 3125 facilius
1916 3078 2087 3125 Romae
2110 3090 2171 3125 eu

1146 3174 1255 3223 quoe
1299 3166 1585 3205 conabatur.
1622 3180 1687 3189 —
1728 3154 1783 3203 Si
1824 3155 1875 3203 in
1922 3155 2169 3219 Hispania

1147 3238 1397 3285 turbatum
1424 3246 1559 3284 essee.
1595 3236 1677 3285 Al.
1714 3236 1791 3282 -ai
1812 3235 1863 3282 iu
1885 3236 2169 3301 Hispaniam

1146 3314 1395 3363 turhatam
1418 3314 1532 3363 iaaet
1547 3336 1587 3361 ι.

1221 3396 1270 3443 8.
1304 3396 1373 3441 Ae
1390 3392 1495 3441 1⁴oe0
1512 3392 1636 3456 ipsa.
1654 3391 1711 3440 Id
1734 3403 1833 3452 eat,
1867 3403 1917 3442 at
1944 3394 2171 3453 coniura-

1147 3472 1244 3533 tio,
1260 3488 1373 3537 (με
1392 3474 1563 3521 Romae
1584 3469 1753 3529 fiebat,
1774 3472 1963 3521 nullum
1984 3488 2173 3519 conue-

1145 3568 1262 3599 xum
1287 3566 1399 3599 cum
1428 3552 1755 3615 Hispanorum
1782 3550 2040 3599 discordiia
2082 3550 2175 3598 ha-

1145 3629 1260 3679 bere
1288 3640 1499 3694 poterat.
1544 3629 1673 3692 Ergo
1704 3628 1969 3677 absurdum
2002 3630 2171 3679 suisset

1148 3710 1357 3757 amicum
1383 3724 1525 3755 auum
1552 3719 1651 3755 tam
1678 3706 1853 3772 procul
1876 3722 1904 3754 a
1928 3724 1981 3756 ae
2008 3708 2175 3757 dimit-

1147 3797 1266 3835 tere.
1287 3786 1483 3835 Lallem.
1503 3786 1731 3848 conjicit,
1770 3802 1868 3834 «au
1886 3786 1993 3835 hnc
2012 3788 2171 3851 ipsa...

1145 3866 1413 3931 agebantur
1430 3868 1453 3915 Ξ>
1478 3887 1503 3908 ι·

1220 3962 1272 4010 9.
1306 3947 1455 4007 Quem
1504 3944 1605 4009 ipse
1642 3946 1983 4008 comparabat.
2016 3949 2179 4009 Que-

1148 4024 1212 4073 ab
1239 4024 1351 4090 ipao
1376 4024 1649 4089 conparari
1674 4024 1853 4072 dicitis.
