2594 4537
313 272 448 343 282
951 278 1044 345 M.
1103 279 1182 345 Τ.
1236 274 1817 346 CICERONIS

311 420 464 466 ram
499 400 690 467 enim
711 449 730 484 ‚
765 412 1068 496 propter
1101 402 1441 470 Pisonum
1476 396 1945 483 affinitatem,
1978 420 2198 494 quam
2234 396 2471 493 longe

264 582 274 593 ,
316 504 518 577 hunc
553 506 648 577 ab
687 506 831 579 hoc
873 506 1188 605 genere-’⁹
1239 513 1578 607 cognatio
1628 523 1956 580 materna
2002 508 2469 606 Transalpini

314 618 684 713 sanguinis
735 616 1232 717 abstulisset),
1279 620 1405 691 sed
1446 642 1614 705 vos»,
1668 618 2177 717 populumque
2208 640 2467 688 roma-

313 750 531 811 num,
591 751 742 799 non
807 728 1108 801 consilio
1127 734 1186 817 4,
1249 754 1491 827 neque
1556 729 1973 827 eloquentia
1992 724 2044 814 ⁵,
2110 727 2313 826 quod
2383 731 2463 797 in

315 836 562 907 multis
597 860 784 937 saepe
823 840 1116 930 accidit,
1167 839 1293 911 scd
1338 841 1533 938 mgis
1570 840 2101 939 supercilioque
2138 837 2457 936 decepit.

313 950 394 1016 L.
432 950 592 1019 Piso
618 1002 637 1037 ‚
685 964 864 1021 tune
909 976 1126 1023 ausus
1181 976 1258 1023 es
1304 951 1442 1023 isto
1493 952 1709 1022 oculo
1726 947 1785 1038 ὅ,
1832 976 1983 1022 non
2034 948 2275 1021 dicam
2319 954 2461 1019 isto

313 1058 597 1146 anim03
647 1060 778 1133 ista
835 1060 1111 1150 fronte,
1154 1086 1305 1131 non
1349 1063 1530 1146 vita;
1578 1074 1783 1131 tanto
1826 1059 2213 1158 supercilio
2234 1112 2258 1145 ,
2304 1081 2459 1129 non

311 1167 503 1237 enim
541 1194 838 1268 possum
875 1171 1150 1261 dicere,
1185 1174 1406 1244 tantis
1438 1170 1661 1243 rebus
1688 1175 1907 1269 gestis
1930 1226 1951 1257 ‚
1990 1194 2155 1251 cum
2196 1173 2283 1239 A.
2320 1174 2463 1241 Ga-

309 1274 516 1350 binio
565 1284 980 1355 consociare
1035 1282 1335 1355 consilia
1380 1284 1599 1379 pestis
1650 1282 1871 1353 meae?
1920 1283 2085 1351 Non
2139 1294 2213 1350 te
2264 1277 2459 1348 illius

311 1405 855 1485 unguentorum
898 1394 1121 1482 odor,
1169 1418 1321 1464 non
1384 1394 1529 1463 vini
1587 1392 1989 1479 anhelitus,
2042 1414 2198 1463 non
2250 1388 2459 1459 frons

313 1498 696 1573 calamistri
745 1518 993 1575 notata
1026 1504 1341 1600 vestigiis
1364 1514 1417 1590 ⁷,
1468 1507 1545 1575 in
1584 1524 1739 1575 eam
1778 1502 2293 1601 cogitationem
2335 1496 2457 1568 ad·

313 1606 628 1682 ducebat
646 1666 665 1698 ‚
699 1628 807 1701 ut,
831 1638 1058 1711 quum
1087 1614 1278 1686 illius
1306 1637 1387 1685 re
1414 1613 1661 1685 similis
1688 1611 1981 1698 fuisses,
2014 1608 2283 1680 frontis
2319 1606 2447 1677 tibi

311 1718 859 1816 integumento⁸
901 1722 992 1795 ad
1036 1722 1463 1796 occultanda
1502 1738 1695 1793 tanta
1729 1722 1995 1820 flagitia
2033 1717 2315 1790 diutius
2344 1718 2449 1787 uti

307 1874 426 1927 dam
453 1894 622 1927 noram
651 1893 853 1946 propter
877 1880 1159 1931 affinitatem
1187 1878 1333 1929 Piso:
1422 1892 1535 1930 runt
1556 1880 1875 1929 Marklandns
1902 1891 1951 1928 et
1974 1876 2205 1927 Wolfius.
2234 1876 2301 1924 Et
2327 1874 2451 1923 anti-

306 1970 451 2017 num,
467 1974 618 2021 quum
635 1958 733 2009 fllia
752 1978 857 2011 mea
875 1963 930 2012 C.
951 1962 1117 2011 Pisoni
1133 1962 1326 2025 nupsis-
1418 1960 1554 2010 theta
1580 1961 1777 2025 quidem
1806 1958 2055 2025 argutior-a
2073 1956 2339 2016 videntia-3
2364 1954 2447 2002 aed

307 2046 396 2083 set.
449 2037 616 2100 Quum
667 2056 818 2089 essem
860 2041 1019 2091 affinis
1065 2041 1325 2099 Pisonum,

305 2126 511 2180 propter
533 2116 682 2168 fili-m
710 2138 865 2170 meam
893 2122 954 2172 C.
981 2122 1146 2170 Pisoni
1169 2120 1327 2169 collo-

307 2206 495 2256 catam,
527 2200 642 2247 satis
677 2200 796 2249 mihi
835 2212 1010 2251 notum
1053 2202 1174 2260 fuit,
1211 2216 1325 2247 eum

304 2287 512 2338 propter
531 2291 732 2328 matrem
758 2282 944 2345 origine
969 2281 1156 2330 Gallam
1171 2314 1186 2338 ‚
1214 2295 1325 2344 quae

304 2354 521 2404 moribus
564 2359 893 2424 Transalpinis
935 2377 1048 2408 enm
1091 2359 1323 2406 infecerat

305 2446 417 2480 cum
443 2432 566 2482 lacte
584 2447 804 2484 materno
819 2472 834 2496 ,
859 2436 1134 2500 longissime
1152 2435 1214 2482 ab
1231 2436 1323 2484 hac

305 2504 484 2558 familia
517 2513 682 2561 ebeeee
700 2547 717 2572 ,
755 2524 806 2562 et
843 2514 904 2562 ab
939 2515 1069 2562 illius
1105 2513 1322 2563 moribus

305 2587 580 2639 descivisse.

373 2667 424 2715 3.
461 2667 541 2715 Ab
571 2667 664 2717 hoe
687 2685 883 2735 genere.
919 2673 968 2718 A
990 2668 1147 2718 nobili
1169 2671 1321 2734 stirpe

301 2745 534 2795 Pisonum
559 2763 772 2799 romana.
789 2777 858 2788 --
885 2749 1124 2815 coguatio
1145 2762 1321 2799 :nater-

303 2839 372 2871 ua
391 2825 709 2892 Transalpini
720 2827 987 2894 sanguinis.
1001 2829 1174 2876 Matris
1189 2829 1319 2876 enim

301 2905 356 2954 L.
383 2905 573 2955 Pisonis
592 2907 868 2958 calventius
889 2907 1084 2973 quidam
1103 2942 1119 2967 ‚
1142 2909 1319 2957 Trans-

297 2981 490 3048 alpiuus
505 2985 682 3046 horno,
704 3000 842 3053 pater
861 2987 954 3036 fuit
967 3023 981 3048 ,
1000 2985 1031 3052 S
1056 2990 1209 3038 13.-
1223 2989 1323 3036 Sed

294 3078 411 3123 vos,
428 3065 763 3132 populumque
779 3083 1050 3116 romanum.
1075 3065 1178 3131 Qui
1197 3083 1318 3116 con·

300 3143 453 3192 sulem
471 3147 730 3196 creavistis.

371 3233 420 3282 4.
441 3225 556 3275 Non
571 3228 789 3277 consilio.
811 3227 870 3276 ld
882 3225 1110 3288 eet‚juris
1123 3225 1315 3290 peritia.

295 3304 542 3366 Superiori
564 3307 664 3366 jam
695 3308 748 3354 in
778 3308 935 3370 capite
961 3305 1084 3352 dixit
1111 3303 1314 3363 Cicero,

297 3384 525 3432 Pisonem
564 3384 721 3433 videri
759 3386 965 3434 voluisse
1000 3385 1215 3445 sctum,
1255 3399 1313 3430 ac

294 3479 484 3529 semper
507 3465 560 3511 in
581 3464 690 3512 foro
711 3475 952 3512 versatum
972 3479 1094 3512 esse.

371 3545 420 3593 5.
466 3543 640 3608 Neque
684 3541 980 3608 eloquentia.
1025 3543 1141 3589 Erat
1183 3543 1313 3590 enim

296 3623 401 3672 eine
423 3637 591 3683 sensu,
615 3623 718 3671 sine
742 3639 912 3687 sapore
929 3659 943 3682 ,
970 3621 1189 3686 elingue,
1213 3633 1314 3670 tar-

297 3701 445 3765 dum,
490 3701 806 3751 inhnmanum
861 3702 1128 3766 negotium.
1184 3701 1313 3749 Vide

297 3799 404 3848 cap.
426 3780 492 3843 6,
527 3779 560 3846 S
594 3790 673 3838 ιιι.

369 3862 420 3908 6.
443 3863 544 3908 Iseo
569 3861 727 3908 oculo.
750 3863 976 3923 Ineptum
996 3857 1126 3906 hunc
1147 3847 1331 3908 locum·

297 3951 346 3990 et
361 3938 578 3987 ludentis
591 3938 838 4002 pueriliter
857 3937 1034 4002 ingenii
1043 3971 1061 3997 ,
1081 3953 1182 3986 non
1195 3954 1312 3986 vero

298 4016 548 4074 Ciceronis
567 4015 826 4064 dictionem
845 4031 946 4065 ease
963 4015 1313 4065 animadverte-

1420 2056 1531 2105 quae
1550 2042 1665 2089 satis
1680 2041 1965 2090 Ciceronem
1986 2037 2197 2085 referant
2212 2072 2229 2096 ,
2246 2035 2311 2082 iis
2330 2050 2445 2098 prae-

1420 2120 1585 2165 sertim
1624 2134 1748 2182 quos
1780 2133 1885 2165 non
1920 2114 2045 2179 fugit
2082 2128 2231 2177 quam
2266 2112 2446 2177 cupide

1420 2200 1472 2245 in
1493 2198 1622 2260 jocis
1648 2199 1931 2245 immoretur
1954 2206 2127 2243 auctor
2153 2202 2351 2253 noster,
2380 2192 2443 2239 ita

1420 2279 1485 2328 ut'
1526 2282 1671 2328 etiam
1714 2277 1999 2344 aliquandiu
2046 2277 2189 2340 plane
2240 2273 2445 2337 frigidus

1418 2370 1663 2423 appareat.
1694 2359 1918 2407 Putidam
1948 2355 2236 2404 sententiam
2261 2351 2443 2400 habent

1420 2439 1555 2502 quod
1586 2437 1636 2486 h.
1670 2437 1707 2485 l.
1742 2436 2009 2501 opponitur
2021 2433 2202 2500 fimus,
2244 2432 2439 2489 oculus,

1418 2517 1751 2581 supercilium,
1789 2525 1838 2563 et
1866 2531 1928 2563 ex
1954 2515 2179 2562 Sextiam
2214 2510 2441 2574 deprom-

1416 2609 1557 2664 ptum
1599 2606 1775 2662 putant
1794 2629 1808 2654 ,
1852 2593 1939 2642 ubi
1974 2591 2153 2656 legitur
2178 2605 2195 2639 t
2234 2611 2263 2633 ιι
2284 2591 2441 2637 Tanta

1416 2687 1518 2725 erat
1536 2677 1744 2742 gravitas
1759 2674 1813 2722 iu
1832 2673 2003 2728 oculo,
2018 2681 2149 2719 tauta
2168 2669 2439 2718 contractio

1416 2755 1593 2803 frontis
1606 2788 1621 2812 ,
1658 2761 1713 2802 ut
1748 2752 1835 2800 illo
1852 2747 2114 2816 supercilio
2140 2745 2409 2813 respublica
2422 2783 2437 2804 ,

1418 2846 1657 2898 tamquam
1678 2832 1875 2881 Atlante
1902 2829 2073 2878 caelum
2086 2863 2101 2888 ‚
2126 2828 2217 2876 niti
2246 2826 2437 2874 vidae·

1415 2926 1496 2964 tur
1514 2935 1556 2960 a.
1588 2913 1702 2980 ,Nos
1732 2912 1775 2959 ai
1801 2911 1907 2958 viro
1940 2923 2067 2957 sante
2098 2907 2273 2956 mentis
2296 2917 2433 2972 peta·

1413 3009 1521 3042 mus
1570 3001 1733 3040 utrum
1788 2989 1975 3054 optima
2025 2985 2271 3051 supercilii
2324 3001 2433 3034 cum

1413 3071 1611 3121 Atlante
1656 3069 1823 3119 collati
1867 3067 2153 3132 m'etaphora
2184 3065 2429 3127 videatur,

1412 3150 1533 3215 quid
1560 3149 1853 3214 respoudeat
1876 3163 1981 3196 non
2008 3146 2299 3195 dubitamus.
2328 3145 2427 3192 Ne·

1411 3245 1506 3295 que
1544 3240 1702 3277 tamen
1738 3228 2008 3276 orationem
2044 3225 2174 3272 hanc
2208 3225 2425 3273 Ciceroni

1408 3307 1685 3370 abjudicare
1711 3308 1819 3371 quis
1844 3305 2007 3354 adhuc
2034 3303 2288 3367 cogitarit.

1484 3403 1509 3447 7
1524 3424 1537 3437 .
1567 3389 1720 3434 Frons
1734 3421 1746 3433 .
1770 3420 1781 3433 .
1805 3418 1817 3432 .
1854 3383 2088 3448 vestigiis.
2114 3383 2281 3444 Quum
2308 3382 2422 3430 sorte

1409 3483 1498 3532 per
1518 3464 1897 3530 imprudentiam
1916 3463 1979 3510 ab
2006 3477 2093 3521 eo,
2120 3462 2211 3526 qui
2232 3461 2421 3525 capillos

1408 3547 1656 3609 intorquet
1672 3579 1686 3603 ,
1710 3543 1983 3606 attingitur.

1479 3626 1529 3673 8.
1572 3625 1923 3688 Integumento.
1968 3621 2129 3683 Quam
2174 3618 2299 3666 euim
2336 3617 2419 3666 tibi

1406 3701 1672 3752 severitatis
1714 3709 1761 3749 et
1807 3699 2100 3764 integritatis
2147 3697 2416 3761 opinione-

1408 3785 1545 3831 frous
1560 3780 1794 3829 afferebat
1813 3813 1830 3840 ‚
1846 3795 1954 3826 eam
1968 3813 1984 3840 ,
2005 3777 2291 3826 consociatis
2310 3791 2415 3824 enni

1404 3859 1619 3912 Gabinio
1645 3858 1791 3922 pestis
1818 3871 1937 3904 meae
1964 3853 2179 3904 consiliis
2195 3889 2211 3916 ,
2235 3869 2417 3919 prorsus

1405 3937 1677 3990 emittebas.
1727 3935 1845 3998 Ejus
1889 3935 2019 3982 enim
2066 3943 2415 3997 unguentorum

1403 4021 1546 4082 odor,
1570 4017 1671 4066 vini
1698 4015 1939 4065 anhelitus
1954 4052 1968 4074 ‚
2006 4015 2141 4061 from
2174 4012 2417 4061 calamistri
