2594 4537
368 289 665 360 ORAT.
716 288 851 357 DE
900 290 1342 357 HARUSP.
1395 246 2008 367 RESPONsls.
2125 296 2272 385 463

106 409 539 485 reddidistis
584 436 601 481 ε
648 434 799 482 non
840 432 977 507 ego
1018 406 1111 481 de
1154 411 1334 483 meis
1353 465 1376 499 ‚
1429 410 1556 483 sed
1613 412 1706 485 de
1767 419 2022 489 vestris
2063 417 2267 495 factis

109 523 437 621 loquor;
476 545 614 593 nec
650 544 937 607 vereor,
972 542 1065 591 ne
1094 520 1249 592 haec
1270 544 1433 592 mea
1463 536 1869 597 vestrorum
1883 525 2270 603 beneficio·

29 650 38 659 ’
110 657 296 703 rum
356 630 771 731 praedicatio
794 686 815 720 ,
860 654 1011 701 non
1052 644 1255 729 grata
1303 635 1584 730 potius,
1650 658 1870 731 quam
1925 662 2269 738 arrogans

108 742 482 814 videatur.

224 854 695 949 Quamquam
714 905 734 940 ,
772 852 834 922 si
861 874 981 921 me
999 905 1019 939 ‚
1056 851 1273 921 tantis
1307 849 1680 924 laboribus
1719 877 1856 952 pro
1897 864 2269 933 communi

110 965 362 1037 salute
378 960 846 1061 perfunctum
860 1016 881 1051 ,
900 958 1195 1033 efferret
1220 959 1610 1058 aliquando
1625 963 1715 1035 ad
1731 964 2034 1062 gloriam
2063 970 2140 1041 in
2161 996 2274 1045 re-

110 1074 451 1147 futandis
478 1071 875 1145 maledictis
910 1070 1415 1171 improborum
1445 1072 2073 1150 hominum-animi
2100 1082 2266 1179 qui-
2305 1078 2312 1083 ’

112 1185 298 1257 dam
330 1184 581 1271 dolor,
619 1186 787 1283 quis
822 1208 975 1254 non
1002 1183 1461 1280 ignosceret?
1490 1182 1656 1256 Vidi
1681 1187 1878 1255 enim
1921 1186 2268 1263 hesterno

114 1295 247 1368 die
274 1293 665 1394 quemdam
689 1306 1307 1382 murmurantem3
1345 1316 1568 1391 quem
1601 1292 1893 1367 aiebant
1917 1320 2182 1396 negare
2198 1304 2269 1389 ⁴,

113 1550 394 1611 diceretur,
406 1560 457 1600 et
472 1551 527 1599 in
544 1566 600 1599 ea
618 1550 857 1615 templum
866 1548 1155 1614 Vicaepotoe,

114 1630 269 1695 quod
282 1631 553 1681 Valeriane
580 1630 759 1679 domus
778 1630 947 1679 locum
970 1628 1159 1677 indicat

114 1711 261 1775 apud
286 1712 395 1760 Liv.
418 1714 491 1771 11,
523 1726 549 1771 7
570 1725 587 1770 ς
626 1711 815 1759 Ascon.
844 1708 907 1757 ad
926 1724 1035 1773 cap.
1054 1724 1081 1756 a
1102 1707 1155 1753 in

117 1790 298 1838 Pison.
316 1799 365 1836 et
382 1788 628 1837 Plutarch.
643 1788 699 1834 in
714 1786 909 1851 Poplic.
936 1802 1048 1851 cap.
1076 1800 1153 1833 ιο.

116 1870 163 1917 N
168 1884 273 1916 une
296 1878 422 1932 puto
446 1884 509 1915 ex
528 1866 657 1915 villa
677 1865 879 1931 publica
904 1864 959 1913 id
990 1872 1155 1912 ortum

115 1968 246 2011 esse,
262 1962 324 2001 ut
338 1952 456 2001 alibi
474 1968 489 2001 ε
517 1952 629 2000 vide
648 1948 799 1999 Drak.
811 1950 876 1999 ad
888 1951 998 1999 Liv.
1014 1948 1151 2014 Epit.

115 2031 679 2091 Lxxxvm.'1·ullium
694 2030 778 2079 hic
795 2040 930 2095 patet
949 2030 1151 2078 domum

116 2127 265 2159 suam
299 2126 411 2158 cum
429 2110 685 2159 Valeriana
711 2108 778 2156 ita
808 2108 1030 2156 conferre
1047 2141 1062 2166 ,
1094 2120 1153 2156 ut

116 2192 293 2239 omnia
319 2188 415 2239 sibi
447 2191 701 2256 superiora
734 2204 837 2236 esse
864 2188 1147 2236 contendat.

116 2271 477 2334 Celeberrimus
519 2270 657 2318 urbis
694 2267 835 2316 locus
876 2279 981 2316 erat
1013 2266 1149 2316 Pala-

118 2352 265 2399 tium.
290 2351 457 2413 Longe
478 2350 639 2396 minus
662 2347 867 2396 illustris
879 2345 1040 2407 Velia,
1060 2346 1151 2394 etsi

108 2427 309 2478 'montis
328 2427 533 2477 Palatini
550 2442 662 2492 pars
684 2437 809 2476 esset
823 2462 839 2488 ,
855 2426 959 2473 sive
984 2425 1151 2490 potius

117 2509 269 2556 collis
279 2507 463 2557 Palatio
481 2506 745 2569 adjunctus
766 2521 782 2556 :
808 2521 969 2568 neque
988 2515 1153 2553 tamen

120 2587 265 2636 edito
290 2585 364 2634 ibi
391 2586 504 2634 loco
520 2621 535 2648 ,
564 2585 651 2634 sed
675 2583 852 2633 humili
873 2598 984 2630 area
1008 2583 1151 2631 Vale-

121 2667 200 2716 rio
230 2665 364 2716 data.
404 2665 527 2715 Non
557 2681 675 2728 ergo
692 2697 707 2723 ,
748 2649 909 2728 inquit
932 2661 1009 2710 vir
1029 2679 1154 2711 sum-

118 2759 263 2808 mus,
280 2745 332 2793 in
357 2745 527 2807 Velia,
553 2743 659 2802 sed,
678 2753 734 2792 ut
756 2752 885 2791 reete
912 2741 1156 2790 monins

118 2825 375 2890 loquitur,
400 2825 489 2873 sub
518 2823 681 2873 Velia.
706 2823 783 2872 Ac
802 2837 917 2870 sane
935 2821 1157 2871 similiter

119 2921 219 2971 pro
238 2907 430 2965 Domo,
456 2920 500 2954 c.
520 2903 586 2951 53
604 2937 621 2965 ,
645 2924 671 2946 α
684 2902 779 2949 sub
804 2916 925 2949 saxo
952 2917 1093 2949 sacro
1106 2924 1154 2950 n.

120 2985 223 3033 Sed
264 2984 385 3032 mihi
430 2979 627 3032 videtur
676 2979 728 3029 in
770 2979 915 3028 Velia
958 2979 1155 3028 defendi

119 3079 291 3129 posse.
314 3062 467 3126 Quod
486 3061 621 3110 enim
648 3059 718 3108 ait
742 3059 850 3106 Liv.
868 3079 894 3100 α
910 3057 967 3109 in
982 3057 1155 3108 infimo

122 3143 261 3190 clivo
276 3163 303 3184 n
328 3141 383 3188 id
409 3141 683 3206 opponitur
710 3137 951 3202 superiori
989 3137 1125 3186 dicto
1138 3173 1154 3198 ,

122 3245 148 3264 ‹-
164 3223 225 3269 in
248 3235 434 3269 summa
450 3218 593 3268 Velia
610 3241 665 3277 n,
689 3217 954 3280 locumque
976 3215 1153 3266 demis-

119 3302 305 3350 siorem
328 3297 527 3364 quidem
558 3294 827 3366 significat,
868 3293 957 3344 sed
991 3306 1152 3345 tamen

119 3379 299 3428 Velia.
344 3378 427 3428 Sic
462 3377 595 3426 edes
630 3375 885 3428 Penatium
900 3410 919 3434 ,
948 3390 1060 3439 quae
1097 3376 1150 3424 in

128 3459 273 3508 Velia
297 3458 445 3508 fuisse
485 3459 668 3510 dicitnr
702 3474 731 3506 a
755 3459 978 3506 Varrone
996 3457 1067 3504 IV
1087 3453 1149 3504 de

120 3542 182 3588 1..
204 3540 261 3587 1..
286 3539 381 3599 163
420 3538 591 3596 Livio,
626 3538 785 3597 nv,
814 3534 904 3597 163
946 3533 1149 3594 solino,

120 3634 238 3683 esp.
271 3633 293 3666 ι
311 3652 328 3678 ,
352 3629 407 3667 et
425 3617 488 3668 ab
510 3619 739 3681 Augusto
764 3615 819 3662 in
836 3614 1148 3662 Monument.

124 3699 313 3762 Ancyr.
330 3695 499 3746 eadem
522 3685 613 3744 mh
634 3693 775 3769 Velia
794 3693 995 3759 ponitur
1016 3691 1151 3758 apud

124 3777 336 3840 Dionys.
372 3774 619 3823 naum.
657 3775 701 3823 1.
746 3773 811 3821 A.
844 3773 907 3820 R.
952 3770 1019 3818 68
1041 3803 1057 3831 ‚
1094 3781 1151 3819 ut

128 3853 279 3902 sensit
298 3855 401 3915 jam
426 3852 545 3902 olim
580 3851 831 3914 anaeius.
868 3850 996 3900 Nam
1031 3865 1151 3914 pro-

128 3934 260 3982 fecto
286 3931 547 3997 depravata
570 3930 645 3980 ibi
665 3945 767 3978 vox
783 3928 868 3977 illa
894 3915 1150 3985 Ῠπελαίαις

129 4010 251 4061 nihil
270 4011 407 4062 aliud
430 4010 655 4059 eontinet
673 4045 690 4073 ,
726 4008 821 4058 nisi
846 4005 929 4058 ὑπ’
954 3996 1117 4064 minuc
1135 4042 1151 4067 ,

1244 1548 1428 1597 omisso
1444 1550 1754 1614 digammate,
1769 1552 2024 1616 quomodo
2043 1554 2061 1601 i
2065 1554 2191 1616 dem,
2203 1558 2272 1621 V,

1248 1644 1316 1693 19
1329 1662 1350 1691 ‚
1375 1618 1519 1679 ὲλίαν
1537 1644 1632 1695 pro
1647 1630 1789 1679 'Velia
1807 1631 1954 1683 dixit.
1989 1634 2164 1699 Neque
2180 1636 2272 1685 ali·

1244 1718 1336 1766 ter,
1357 1712 1422 1768 V,
1449 1708 1517 1766 48
1537 1743 1552 1769 ,
1589 1709 1678 1757 ubi
1705 1708 1766 1757 de
1789 1710 1903 1761 loeo
1929 1713 2144 1781 sepulcri
2169 1717 2272 1781 agit

1242 1788 1444 1851 publice
1462 1790 1578 1837 dato
1601 1788 1718 1838 huie
1740 1790 1836 1855 ipsi
1859 1792 2128 1857 Poplicola
2141 1828 2158 1853 ,
2173 1792 2268 1844 ὑπὸ

1242 1854 1412 1924 meon<
1429 1868 1609 1916 factum
1635 1884 1697 1916 ex
1720 1868 1815 1919 ὑπὸ
1841 1861 2018 1929 mioeoe·
2037 1874 2154 1923 lieet
2171 1876 2268 1926 c·-

1241 1945 1490 1995 saubonus
1511 1936 1682 2004 Ennii<
1699 1964 1792 2013 pro
1807 1948 2112 2001 eademVelia
2129 1954 2270 2013 ferat,

1238 2023 1305 2072 ad
1340 2040 1484 2088 quam
1513 2026 1786 2090 sepulcrum
1831 2026 1956 2076 illud
2000 2030 2146 2080 fuisse
2179 2048 2267 2081 eo·

1222 2104 1416 2165 ·gnovit
1450 2120 1514 2150 ex
1541 2102 1792 2152 Plutarchi
1816 2104 2007 2169 Poplie.
2028 2122 2136 2174 eap-
2168 2110 2230 2158 32
2248 2145 2264 2170 ,

1237 2196 1377 2249 παρα
1397 2198 1479 2236 την
1501 2182 1793 2249 καλουμένην
1820 2182 2047 2246 esaim,
2063 2188 2164 2237 hoe
2175 2200 2270 2248 est,

1238 2277 1397 2326 prope
1411 2260 1613 2310 domum
1628 2262 1786 2328 ipsam
1795 2262 1990 2314 Valerii.
2009 2266 2097 2314 Est
2107 2279 2271 2317 autem

1236 2329 1519 2399 ὓπἚλὶαις,
1541 2343 1629 2390 sub
1652 2342 1802 2391 Vallis
1815 2377 1832 2403 ‚
1857 2344 2129 2408 optimum:
2151 2363 2265 2397 nam

1244 2419 1410 2468 Veliae
1443 2420 1624 2485 plurali
1666 2435 1872 2471 numero
1927 2439 2040 2473 sum
2085 2426 2268 2477 clivum

1242 2499 1460 2564 appellat
1481 2503 1642 2549 Varro
1667 2501 1768 2552 loo.
1789 2503 1877 2551 eit.
1897 2513 1948 2552 et
1971 2505 2106 2570 apud
2131 2507 2267 2558 Non.

1239 2595 1357 2644 pag.
1391 2581 1518 2642 5313
1553 2583 1710 2632 Mero.
1731 2586 1922 2649 Fragm.
1945 2601 2058 2652 pag.
2080 2587 2150 2635 56
2170 2623 2185 2649 ‚
2220 2598 2270 2636 et

1240 2659 1413 2708 Festus
1431 2675 1494 2708 ex
1515 2659 1692 2709 Verrio
1706 2699 1722 2725 ,
1742 2678 1855 2728 pag.
1879 2663 1981 2712 256
2005 2665 2086 2713 ed.
2110 2667 2271 2718 Amst.

1242 2741 1368 2802 Quae
1393 2739 1545 2803 igitur
1574 2737 1780 2788 aedificia
1803 2742 1858 2788 in
1882 2742 1985 2791 imo
2013 2745 2168 2804 eollo,
2186 2756 2272 2796 aut

1241 2818 1345 2866 fere
1371 2817 1472 2866 imo
1489 2819 1652 2884 posita
1669 2831 1811 2879 sunt,
1851 2821 2020 2870 eadem
2039 2831 2089 2870 et
2107 2823 2161 2870 in
2181 2839 2270 2885 eo,

1244 2907 1295 2945 et
1316 2898 1410 2945 sub
1437 2913 1499 2946 eo
1525 2913 1626 2945 esse
1658 2897 1783 2945 colle
1819 2897 1918 2946 dici
1940 2916 2086 2964 posse
2105 2901 2274 2950 viden-

1242 2985 1358 3038 tur-3
1389 2991 1546 3041 quum
1570 2989 1728 3040 neque
1753 2976 1854 3038 siut
1887 2988 2026 3026 extra
2062 2979 2238 3028 eoum
2255 3016 2274 3044 ‚

1242 3071 1402 3120 nequo
1423 3056 1628 3104 dubium
1649 3055 1738 3112 sit,
1767 3055 1888 3118 quin
1911 3055 2008 3120 ipsi
2031 3056 2150 3105 oolli
2176 3075 2272 3108 na-

1241 3136 1372 3183 xime
1399 3133 1699 3195 subjaceant.
1713 3133 1845 3180 Talis
1866 3133 1994 3181 tedes
2018 3137 2270 3186 Penatium

1241 3213 1337 3261 suit
1355 3246 1371 3272 ,
1397 3227 1544 3277 qnam
1569 3209 1694 3258 male
1719 3209 1970 3259 Nardinus
1995 3214 2091 3261 vt.
2117 3215 2184 3262 R.
2202 3217 2268 3264 V.

1245 3307 1335 3345 12.
1358 3291 1410 3339 in
1431 3305 1618 3338 summa
1643 3288 1786 3340 Velia
1813 3287 2106 3340 collocabat.
2134 3293 2268 3342 Talis

1236 3369 1424 3418 Valerii
1459 3367 1665 3428 domm,
1699 3367 1817 3416 licet
1837 3367 1966 3418 infra
1986 3369 2143 3434 ipsam
2169 3375 2268 3422 Pe-
2361 3369 2364 3374 ’

1234 3449 1424 3498 natium
1451 3443 1606 3497 oedem
1638 3447 1800 3512 posita
1834 3447 2095 3498 videatur:
2128 3451 2270 3512 cujus

1236 3529 1438 3596 quidem
1472 3527 1640 3576 locum
1654 3559 1674 3596 2
1717 3537 1768 3576 et
1801 3526 2055 3576 historiam
2094 3545 2263 3578 omnes

1234 3608 1304 3658 ita
1343 3616 1581 3656 noverant
1594 3641 1610 3665 ,
1647 3615 1703 3656 ut
1745 3608 1902 3656 veteri
1941 3607 2118 3656 Cicero
2161 3623 2267 3656 non

1239 3687 1437 3738 deberet
1451 3720 1466 3746 ‚
1493 3702 1556 3733 ne
1575 3721 1592 3746 ,
1620 3701 1774 3750 quum
1798 3683 1852 3732 ia
1884 3683 2025 3731 Velia
2052 3683 2264 3750 diceret,

1235 3781 1497 3826 summam,
1531 3781 1634 3814 non
1654 3762 1871 3812 infimam
1891 3761 2053 3810 dicere
2076 3762 2265 3812 videre-

1236 3857 1332 3895 tur.
1368 3845 1644 3895 Gaas-ron.
2137 3877 2142 3882 .

1309 3933 1361 3980 4.
1383 3923 1584 3988 Negare
1601 3919 1760 3988 ferre.
1789 3907 2110 3978 ἑκλιιπταῶς
2127 3955 2143 3982 ,
2167 3937 2262 3988 pro

1238 4017 1425 4068 negare
1453 3998 1684 4067 sefer-ru,
1722 4011 1784 4049 ut
1807 4015 1954 4064 supra
1979 4014 2088 4065 cap.
2107 4009 2142 4060 4
2161 4036 2178 4062 ,
2215 4017 2265 4052 et
2339 4050 2348 4058 ,
