2594 4537
305 283 434 354 182
496 265 501 271 ’
934 281 1029 348 Μ
1080 282 1158 349 Τ.
1212 283 1770 356 ClcERole

295 404 407 476 liis
425 415 455 448 ²
495 403 647 474 haec
696 425 907 473 causa
948 400 1242 492 dicitur3
1276 402 1374 474 ob
1412 405 1554 478 hoc
1589 408 1862 477 crimen
1897 403 2016 474 hic
2053 403 2254 474 locus
2289 401 2416 473 abs

294 529 398 605 te,
429 514 637 604 Laeli,
670 528 889 610 atque
930 510 1049 584 illa
1080 512 1291 586 turha
1325 517 1621 612 quaesita
1645 530 1774 587 est.
1803 515 1955 587 Scis
1975 569 1996 603 ‚
2031 527 2302 610 quanta
2325 515 2416 583 sit

295 648 552 696 manus
577 679 597 713 ,
652 636 925 721 quanta
972 622 1389 712 concordia,
1443 640 1812 723 quantum·
1853 623 2086 697 valeat
2127 626 2202 693 in
2240 645 2410 692 con-

296 733 646 807 cionibus.
708 734 1093 804 summissa
1141 757 1318 806 voce
1371 759 1572 832 agam
1596 789 1616 822 ‚
1671 749 1956 807 tantum
2003 746 2086 804 ut
2136 729 2415 826 judices

262 844 608 930 audiant.
644 848 901 941 Neque
942 845 1132 915 enim
1168 843 1432 916 desunt
1455 898 1474 930 ‚
1509 847 1638 942 qui
1671 847 1848 918 istos
1879 848 1956 914 in
1999 867 2116 914 me
2137 896 2158 930 ,
2201 855 2414 940 atque

294 959 370 1026 in
410 955 768 1052 optimum
808 977 1173 1051 quemque
1206 955 1510 1026 incitent
1545 981 1560 1024 :
1599 979 1790 1055 quos
1827 978 1964 1053 ego
1984 1007 2004 1043 ‚
2038 977 2190 1050 quo
2225 951 2299 1022 id
2329 947 2416 1022 fa-

296 1065 503 1138 cilius
548 1063 810 1136 faciant
829 1119 848 1150 ,
894 1089 1048 1136 non
1089 1062 1467 1160 adjuvabo,

393 1180 638 1273 Quum
694 1199 949 1246 aurum
972 1231 991 1262 ‚
1046 1181 1083 1246 J
1088 1174 1450 1248 udoeorum
1504 1178 1804 1248 nomine
1824 1231 1844 1265 ‚
1891 1175 2286 1274 quotannis
2329 1197 2418 1246 ex

294 1285 496 1358 Italia
518 1339 538 1374 ‚
574 1301 651 1357 et
683 1311 791 1358 ex.
810 1283 1193 1358 omnibus³
1219 1289 1610 1387 provinciis
1637 1287 2134 1384 Hierosolyma
2159 1307 2416 1382 expor-

298 1399 433 1468 tari
470 1397 733 1468 soleret
750 1449 769 1484 ,
806 1397 1101 1470 Flaccus
1138 1399 1370 1470 sanxit
1405 1395 1642 1470 edicto
1664 1453 1685 1486 ‚
1719 1423 1814 1470 ne
1854 1421 1942 1469 ex
1978 1399 2141 1468 Asia
2169 1419 2423 1494 expor-

298 1510 431 1579 tari
470 1508 738 1579 liceret.
778 1508 961 1597 Quis
996 1523 1106 1579 est
1128 1561 1148 1595 ,
1178 1509 1456 1604 judices
1474 1563 1493 1596 ,
1541 1510 1670 1608 qui
1711 1509 1853 1580 hoc
1883 1533 2035 1580 non
2065 1529 2238 1578 vere
2269 1505 2422 1577 lau-

298 1617 469 1688 dare
504 1618 779 1714 possit?
829 1621 1207 1715 Exportari
1262 1641 1518 1690 aurum
1567 1643 1724 1690 non
1773 1629 2112 1716 oportere
2131 1671 2152 1704 ‚
2193 1637 2423 1712 quum

296 1749 483 1825 saepe
520 1741 731 1798 antea
767 1741 1094 1815 senatuS,
1134 1741 1323 1818 tum,
1369 1753 1488 1800 me
1517 1728 1849 1815 consule,
1881 1728 2292 1825 gravissime
2313 1725 2428 1820 ju-

299 1836 583 1909 dicavit.
622 1838 809 1910 Huic
843 1852 1085 1908 autem
1120 1835 1442 1910 barbarae
1471 1838 1966 1936 superstitioni
1983 1840 2016 1889 4
2057 1835 2390 1907 resistere
2405 1889 2426 1922 ‚

300 1949 733 2034 severitatis3
805 1946 1342 2021 multitudinem
1407 1955 1444 2020 J
1449 1947 1820 2020 udaeorum
1849 2002 1870 2037 ‚
1945 1947 2366 2044 flagrantem
2397 1943 2428 1989 ⁵

302 2082 854 2156 nonnumquam
913 2060 991 2130 in
1044 2058 1516 2133 concionibus
1536 2113 1556 2147 ‚
1621 2083 1758 2158 pro
1825 2056 2198 2155 republica
2248 2079 2430 2127 con-

300 2160 628 2260 temnere
650 2225 669 2254 ,
727 2171 1088 2268 gravitatis
1146 2195 1442 2243 summae
1494 2169 1648 2242 fuit.
1700 2175 1788 2242 At
1833 2173 1964 2240 Cn.
1999 2170 2390 2264 Pompeius
2412 2221 2433 2254 ,

302 2282 529 2379 captis
564 2282 1079 2377 Hierosolymis
1094 2279 1154 2371 ⁶,
1202 2283 1438 2354 victor
1469 2306 1560 2353 ex
1593 2280 1720 2351 illo
1751 2278 1922 2350 fano
1959 2277 2138 2348 nihil
2175 2279 2430 2374 attigit.

298 2395 386 2461 In
426 2392 675 2487 primis
712 2389 891 2476 hoc,
922 2406 1005 2462 ut
1036 2392 1267 2463 multa
1299 2391 1430 2462 alia
1450 2446 1468 2478 ‚
1513 2391 1892 2489 sapienter,
1933 2386 2134 2484 quod
2171 2388 2250 2456 in
2281 2400 2433 2456 tam

302 2501 695 2599 suspiciosa
752 2523 837 2570 ac
890 2501 1235 2574 maledica
1288 2503 1572 2573 civitate
1631 2500 1872 2571 locum
1929 2495 2250 2569 sermoni
2301 2494 2437 2565 ob-

300 2622 769 2680 trectatorum
806 2634 957 2681 non
998 2612 1312 2708 reliquit.
1359 2614 1527 2682 Non
1569 2611 1766 2680 enim
1790 2662 1809 2696 ‚
1852 2606 2103 2694 crede,
2143 2606 2437 2703 religio-

304 2741 474 2787 nem
531 2732 603 2788 et
654 2718 1059 2791 Judaeorum
1082 2776 1101 2806 ,
1160 2736 1233 2792 et
1286 2719 1642 2807 hostium,
1681 2717 2200 2817 impedimento
2248 2740 2434 2815 prae-

301 2828 739 2900 stantissimo
766 2831 1223 2929 imperatori,
1251 2830 1380 2903 sed
1407 2828 1800 2927 pudorem,
1826 2826 2062 2899 fuisse.
2085 2824 2232 2897 Ubi
2261 2850 2438 2923 ergo

306 2940 577 3011 crimen
632 2940 783 3012 est?
833 2942 1177 3038 quoniam
1236 2938 1532 3038 quidem
1587 2935 1863 3010 furtum
1910 2958 2276 3033 nusquam
2333 2958 2440 3006 re·

375 3233 425 3267 2.
450 3215 695 3267 Gradibus
724 3218 951 3267 Aureliis.
978 3220 1139 3281 Quem
1165 3218 1221 3266 in
1243 3217 1320 3266 lo-

303 3312 415 3343 cum
460 3298 637 3361 sapius
684 3298 908 3346 homines
954 3297 1017 3345 ad
1062 3298 1324 3346 tumultum

304 3376 647 3425 concitandum
668 3378 823 3440 parati
844 3376 1227 3437 conveniebant3
1274 3386 1326 3425 et

301 3456 463 3503 forsan
511 3455 611 3504 hoc
664 3456 949 3505 Judaeorum
1003 3467 1105 3503 erat
1146 3456 1324 3503 forum.

299 3535 427 3583 Vide
446 3536 637 3586 Cluem.
657 3536 758 3598 343
786 3547 901 3601 post
919 3536 1085 3585 Redit.
1101 3536 1164 3584 ad
1176 3536 1325 3598 Quir.

308 3615 518 3675 5;Sext.
540 3612 629 3674 15;
652 3617 704 3663 in
732 3616 829 3664 Pis.
852 3616 902 3663 5.

374 3694 423 3741 3.
468 3694 597 3741 Olim
642 3694 903 3753 edebatur,
950 3718 973 3739 ι
988 3710 1053 3741 ex
1098 3693 1326 3741 omnibus

306 3774 473 3819 vestris
492 3774 758 3835 provinciis
776 3794 800 3815 ι·
812 3808 828 3833 ,
851 3773 988 3837 quod
1015 3772 1210 3819 Lallem.
1228 3788 1327 3819 ser·

302 3852 452 3897 vavit.
474 3854 541 3897 At
568 3852 743 3899 vestris
770 3868 874 3899 non
900 3866 973 3901 est
992 3853 1145 3901 inMS
1164 3852 1324 3901 Guelf.

306 3938 516 3993 quatuor
533 3932 699 3979 Oxou.
718 3941 768 3979 et
783 3943 901 3979 vett.
918 3931 1029 3979 edd.
1052 3930 1316 3979 nonnullis.

303 4011 419 4055 Post
454 4007 675 4057 dedimus
702 4009 1032 4070 Hierosolyma
1048 4044 1065 4067 ,
1108 4020 1237 4069 non,
1268 4018 1324 4057 ut

1409 3218 1677 3268 Lenem-et
1702 3219 1801 3266 fere
1825 3216 2436 3279 omnemflierosolym.

1412 3299 1544 3348 Infra
1591 3298 1754 3359 enim,
1805 3317 1828 3339 ι
1851 3298 2007 3361 captis
2045 3295 2437 3361 Hierosolymis,

1411 3376 1652 3427 stantibus
1680 3372 2094 3440 Hierosolymis».
2119 3378 2152 3424 J
2155 3408 2170 3423 .
2187 3378 2253 3425 V.
2277 3377 2333 3423 1..

1485 3464 1534 3512 4.
1555 3456 1791 3504 Barbam.-
1815 3452 2162 3518 superstitioni,
2182 3452 2338 3517 Quod
2353 3466 2440 3499 no-

1411 3552 1524 3583 men
1551 3536 1731 3599 caepius
1753 3534 1974 3583 Judaioae
2001 3532 2249 3596 religioni,
2263 3544 2438 3592 nempe

1411 3616 1620 3679 ignotae,
1651 3626 1834 3662 veteres
1859 3612 2206 3661 attribuerunt.

1489 3695 1536 3741 5.
1580 3694 1907 3758 Flagravit-tm.
1947 3695 2206 3741 Fui-entem
2227 3726 2246 3751 ,
2295 3685 2441 3735 vehe-

1415 3784 1602 3820 menter
1627 3774 1892 3821 incitatam.

1465 3850 1531 3900 ·6.
1571 3852 1734 3917 Captis
1763 3848 2126 3911 Hierosolymis.
2154 3848 2268 3909 Quo
2301 3854 2440 3889 anno

1415 3931 1586 3979 consul
1603 3932 1699 3979 suit
1716 3931 1906 3991 Cicero,
1929 3928 2031 3977 vid.
2045 3930 2077 3978 J
2079 3926 2246 3991 oneph.
2262 3918 2438 3980 Antiffi
2469 3948 2473 3953 ·

1411 4010 1530 4059 Jud.
1551 4013 1688 4069 XIV,
1719 4010 1770 4061 8.
