2594 4537
565 317 954 390 οΒΑΤΙο
995 319 1216 387 PRO
1265 320 1338 386 P.
1390 317 1737 392 sULLA.
2118 315 2203 412 37

187 447 353 514 XVI.
390 440 577 515 Mihi
611 441 1034 538 cujusquam
1067 439 1256 510 salus
1281 449 1303 482 ¹
1343 438 1521 516 tanti
1549 437 1830 524 fuisset,
1860 452 1942 509 ut
1971 461 2205 508 meam

113 550 574 648 negligerem?
606 573 738 649 per
781 573 899 620 me
928 573 1065 646 ego
1097 552 1468 626 veritatem
1508 546 1931 645 patefactam
1970 563 2213 621 conta·

111 663 427 732 minarem
471 658 718 758 aliquo
762 657 1186 730 mendacio?
1225 682 1673 756 quemquam
1716 659 2035 756 denique
2077 682 2209 756 ego

101 771 429 864 juvarem,
468 795 510 842 a
546 795 698 876 quo
742 783 814 842 et
849 768 1180 846 crudeles
1229 768 1523 840 insidias
1568 771 1647 840 in
1686 767 2213 868 rempublicam

107 877 339 970 factm,
387 897 465 954 et
511 885 587 952 in
646 905 766 954 me
811 882 1268 980 potissimum
1324 877 1693 950 consulem
1750 880 2215 963 constitutas,

107 993 456 1084 putarem?
511 991 728 1087 Quod
790 993 850 1063 si
903 991 1050 1086 jam
1105 1013 1335 1062 essem
1392 986 1666 1060 oblitus
1710 983 2105 1064 severitatis
2142 1003 2215 1059 et

107 1105 496 1172 constantiae
543 1125 758 1185 meae,
811 1117 1054 1172 tamne
1112 1122 1360 1170 amens
1405 1119 1637 1186 eram,
1688 1112 1812 1185 ut,
1862 1123 2089 1198 quum
2137 1098 2215 1169 li-

107 1220 248 1280 terae
286 1213 730 1309 posteritatis
795 1235 1010 1283 causa
1066 1222 1367 1307 repertae
1429 1211 1611 1293 sint,
1675 1233 1835 1306 quae
1891 1207 2215 1280 subsidio

105 1315 468 1391 oblivioni²
507 1344 660 1392 esse
693 1335 1017 1419 possent,
1040 1343 1173 1416 ego
1201 1334 1563 1390 recentem
1584 1333 1914 1417 putarem
1946 1341 2217 1389 memo-

102 1427 260 1498 riam
309 1433 559 1502 cuncti
612 1444 905 1502 senatus
957 1434 1481 1501 commentario
1524 1455 1689 1500 meo
1735 1453 1947 1529 posse
1998 1453 2214 1526 supe-

107 1540 232 1608 rari
249 1535 330 1612 ³?

182 1655 400 1722 Fero⁴
435 1675 572 1748 ego
607 1665 723 1738 te,
760 1655 1167 1748 Torquate,
1192 1649 1664 1752 jamdudum,
1699 1647 1889 1734 fero,
1922 1663 1993 1720 et
2032 1671 2216 1718 non-

101 1779 480 1856 numquam
540 1761 862 1831 animum
888 1814 908 1847 ,
957 1759 1329 1830 incitatum
1373 1759 1465 1830 ad-
1516 1757 2001 1838 ulciscendam
2052 1783 2215 1828 ora-

101 1866 352 1938 tionem
379 1883 580 1940 tuam
601 1923 622 1954 ,
647 1891 910 1941 revoco
938 1871 1093 1967 ipse
1127 1885 1202 1940 et
1225 1868 1542 1941 reflecto.
1570 1871 1915 1942 Permitto
1940 1866 2215 1966 aliquid

99 1974 459 2049 iracundiae
495 1993 675 2063 tuae,
711 1979 810 2051 do
856 1976 1390 2065 adolescentiae,
1436 1976 1651 2050 ced0⁵
1686 1979 2043 2063 amicitiae,
2081 1977 2211 2047 tri-

97 2082 234 2158 buo
289 2091 594 2187 parenti.
650 2089 832 2177 Sed,
887 2091 1022 2160 nisi
1087 2089 1217 2160 tibi
1278 2090 1595 2186 aliquem
1649 2085 1947 2158 modum
2006 2083 2215 2157 tute⁶

97 2201 575 2287 constitueris,
625 2223 839 2297 coges
883 2198 1194 2271 oblitum
1237 2224 1358 2275 me
1398 2203 1659 2270 nostrae
1706 2199 2059 2282 amicitiae,
2096 2196 2216 2265 ha-

97 2302 254 2379 bere
283 2309 641 2381 rationem
678 2334 854 2380 meae
893 2308 1275 2407 dignitatis.
1308 2314 1541 2391 Nemo
1570 2298 1918 2409 umquam
1954 2332 2069 2378 me
2104 2322 2212 2378 te-

97 2416 424 2495 nuissima
466 2419 875 2517 suspicione
931 2422 1391 2516 perstrinxit,
1428 2414 1645 2519 quem
1696 2442 1848 2489 non
1904 2442 2212 2516 praever-

98 2530 290 2597 terim
313 2538 364 2599 7,
404 2526 547 2600 Sed
586 2528 764 2598 mihi
805 2527 950 2611 hoc
991 2528 1240 2601 credas
1275 2530 1532 2601 velim:
1576 2554 1727 2601 non
1770 2527 2214 2615 iis'libentis7

95 2636 260 2711 sime
311 2638 512 2711 soleo
566 2638 1044 2737 respondere,
1104 2664 1290 2740 quos
1339 2640 1519 2709 mihi
1578 2638 1829 2713 videor
1884 2636 2214 2709 facillime

95 2768 294 2841 posse
343 2774 704 2853 superare.
753 2754 862 2820 Tu
889 2804 910 2835 ,
959 2754 1309 2845 quoniam
1364 2752 1661 2820 minime
1704 2751 1994 2847 ignoras
2037 2772 2211 2819 con-

95 2856 540 2929 suetudinem
593 2858 884 2929 dicendi
937 2882 1214 2951 meam,
1252 2860 1399 2933 noli
1450 2858 1583 2929 hac
1636 2854 1867 2928 nova⁸
1924 2857 2216 2948 lenitate

93 2962 290 3037 abuti
323 2992 520 3053 mea;
557 2968 710 3039 noli
739 2966 1030 3039 aculeos
1063 2971 1407 3040 orationis
1436 2992 1651 3053 meae,
1690 2970 1817 3065 qui
1859 2966 2211 3039 reconditi

93 3194 226 3241 qnam
243 3180 503 3233 lectionem
525 3184 708 3233 indicio
735 3197 1102 3235 revocaverunt.
1191 3186 1344 3249 vitoe,
1396 3186 1717 3251 probantibus
1772 3186 1997 3243 omnibus
2044 3196 2217 3251 praeter

155 3261 296 3309 XVI.
327 3278 372 3311 1.
395 3264 560 3311 Salus.
591 3268 632 3313 1.
661 3281 706 3312 e.
737 3262 906 3312 decus.
1191 3268 1242 3315 J.
1271 3266 1594 3314 Gronovium.
1614 3268 1662 3314 J.
1680 3268 1741 3312 V.
1769 3268 1825 3314 L.

163 3352 212 3386 ί.
261 3340 480 3389 Subsidio
517 3340 763 3391 oblivioni.
811 3342 936 3403 Qua
979 3341 1103 3389 facta
1265 3360 1315 3406 7.
1345 3344 1441 3393 Alii
1469 3343 1619 3395 codd.
1648 3346 2009 3409 «praeverterim
2027 3361 2087 3392 ac
2102 3360 2213 3408 per·

91 3430 368 3469 revocarent
406 3430 457 3467 et
492 3422 714 3470 aetatibus
751 3423 939 3485 integra
969 3434 1105 3468 man·
1191 3424 1419 3487 fregerim
1434 3445 1476 3470 n.
1512 3424 1643 3473 Male
1678 3423 1896 3472 Lambini.
1933 3444 1955 3467 ι
1973 3434 2217 3488 perverte-

92 3492 276 3545 darent.
1191 3518 1291 3549 rem
1312 3524 1354 3553 n.
1384 3504 1435 3553 J.
1451 3504 1516 3549 V.
1540 3505 1593 3551 1..
1608 3530 1679 3539 —
1703 3506 1857 3575 Quem
1882 3520 1981 3551 non
2004 3518 2213 3567 pra-vet-

155 3571 204 3623 3.
229 3574 593 3625 Commentario
629 3578 871 3641 superari.
908 3578 968 3626 Id
1000 3589 1102 3639 eet,
1193 3578 1346 3629 ter-im.
1377 3578 1437 3627 Id
1467 3591 1568 3639 est,
1606 3597 1753 3645 quem
1786 3597 1890 3630 non
1927 3574 2214 3645 sapei-arim.

87 3656 428 3703 monaterio
449 3672 560 3705 meo
586 3657 814 3719 majorem
831 3656 1103 3705 habendam
1192 3660 1263 3709 Ut
1321 3661 1505 3724 optime
1557 3658 1769 3732 explicat
1822 3662 2015 3709 Erue-st.
2058 3663 2209 3723 qun-

87 3728 232 3783 fidem
257 3750 399 3797 quam
424 3739 594 3786 cuncti
621 3748 818 3786 senatus
842 3740 1101 3787 meinoriae.
1191 3740 1331 3787 multi
1358 3740 1409 3786 in
1435 3738 1489 3799 h.
1521 3738 1556 3785 1.
1585 3732 1812 3786 haereant.
1841 3738 2147 3787 Translatum
2182 3756 2209 3786 ι

155 3821 204 3867 4.
233 3814 508 3864 Fero...ee.
524 3817 566 3863 1.
589 3833 630 3865 c.
655 3817 874 3865 convicia
897 3826 993 3865 tun.
1192 3818 1427 3883 palaestrae
1457 3816 1899 3869 exercitationibus.
1941 3818 2024 3865 Sic
2050 3818 2171 3865 infra
2196 3830 2209 3864 :

157 3890 410 3941 &Et-nest.
430 3894 708 3957 suspicatur
723 3895 984 3959 legendum
1004 3910 1106 3943 cese
1194 3918 1220 3940 α
1236 3906 1292 3945 ut
1328 3912 1421 3961 ego
1460 3907 1623 3945 tecum
1664 3896 1839 3945 luctari
1881 3908 1931 3945 et
1977 3896 2209 3961 congredi

87 3968 322 4019 concedo.
344 3973 391 4020 J.
404 3972 472 4043 V.
491 3976 549 4022 10·
1129 3980 1134 3987 '
1195 3974 1393 4023 debeam
1416 3996 1461 4024 n.
2058 4016 2061 4021 .

155 4050 206 4095 6.
251 4049 332 4096 Sic
370 4052 563 4103 Gruter.
610 4070 636 4099 e
670 4052 796 4103 MSS
843 4070 935 4118 pro
969 4054 1102 4119 vulg.
1269 4055 1319 4100 8.
1360 4056 1471 4103 Hac
1502 4069 1627 4102 nova
1665 4054 1889 4104 lenitate.
1928 4054 2127 4114 Cicero,
2158 4062 2215 4099 nt
