2594 4537
580 296 965 368 ORATIO
1007 297 1218 368 PRO
1265 298 1339 366 P.
1392 297 1749 368 SULLA.
2138 297 2231 370 23

114 421 464 494 attulerint
502 443 772 494 nervos
801 435 902 496 ‚et
951 420 1381 494 industriam
1405 475 1427 511 ,
1473 420 1657 492 mihi
1708 417 1925 494 crede
1946 473 1967 508 ‚
2010 443 2228 493 excu-

113 536 276 604 tient
295 531 432 605 tibi
457 536 676 604 istam
705 531 1098 606 verborum
1117 532 1585 628 jactationem
1602 586 1621 620 ‚
1651 545 1724 602 et
1752 546 1826 604 te
1852 554 1945 602 ex
1968 555 2233 604 somno

111 667 274 742 saepe
317 640 827 732 excitabunt53
865 667 1004 716 nee
1035 646 1429 743 patientur,
1462 667 1539 714 se
1582 641 1711 714 abs
1754 654 1823 715 te
1844 695 1863 729 ‚
1910 642 2049 714 nisi
2095 643 2233 714 vir·

113 768 252 826 tute
273 757 678 844 vincentur,
703 755 988 828 honore
1011 755 1359 854 superari.
1386 759 1491 828 Ac
1518 756 1611 845 si,
1633 752 1948 850 judices»,
1976 756 2233 827 ceteris

109 867 406 962 patriciis
441 890 562 938 me
595 881 670 938 et
698 890 832 938 vos
859 868 1280 964 peregrinos
1310 864 1539 938 videri
1565 879 1973 965 oporteret,
1998 891 2037 937 a
2058 869 2233 937 Tor-

111 991 312 1073 quato
355 991 604 1050 tamen
645 976 792 1048 hoc
831 979 1090 1048 vitium
1131 975 1465 1048 sileretur
1482 973 1538 1047 ⁶.
1586 981 1714 1048 Est
1754 978 1949 1048 enim
1994 976 2151 1074 ipse
2190 1001 2237 1048 a

112 1103 426 1160 materno
463 1111 732 1186 genere
773 1086 1228 1186 municipalis
1243 1141 1264 1176 ‚
1302 1086 1791 1160 honestissimi
1818 1108 1904 1158 ac
1924 1083 2233 1158 nobilis-

114 1197 256 1269 simi
285 1198 574 1296 generis
593 1251 616 1286 ‚
657 1193 786 1268 sed
826 1210 1072 1270 tamen
1099 1196 1505 1268 Asculaniv.
1542 1201 1690 1268 Aut
1724 1197 1945 1293 igitur
1979 1195 2237 1268 doceat

115 1309 426 1382 Picentes
463 1308 662 1382 solos
704 1331 860 1379 non
895 1331 1054 1380 esse
1091 1310 1550 1406 peregrinos»,
1596 1323 1723 1380 aut
1762 1306 2075 1406 gaudeat
2098 1333 2235 1380 suo

111 1421 340 1514 generi
381 1445 502 1492 me
543 1441 794 1491 meum
833 1433 1006 1490 ante
1039 1443 1193 1490 non
1227 1441 1529 1516 ponere.
1572 1421 1815 1510 Quare
1843 1443 2087 1517 neque
2116 1444 2235 1491 me

111 1531 560 1629 peregrinum
595 1527 902 1628 posthac
936 1527 1240 1617 dixeri8‚
1281 1552 1377 1601 ne
1408 1533 1697 1626 gravius
1730 1527 2083 1617 refutere3
2116 1553 2236 1602 ne·

113 1664 240 1735 que
283 1665 530 1738 regem
558 1695 580 1727 ‚
623 1661 719 1712 ne
766 1639 1157 1712 derideare.
1210 1641 1365 1712 Nisi
1412 1638 1601 1712 forte
1644 1641 1921 1737 regium
1966 1637 2101 1710 tibi
2136 1641 2237 1709 vi-

113 1747 328 1840 detur,
367 1754 470 1823 ita
501 1753 748 1824 vivere
767 1805 786 1838 ‚
832 1763 917 1820 ut
959 1775 1114 1822 non
1155 1749 1381 1822 modo
1422 1751 1706 1823 homini
1740 1752 2019 1823 nemini
2041 1805 2079 1846 ‚⁸
2108 1749 2239 1822 sed

112 1885 196 1932 ne
219 1862 590 1959 cupiditati
617 1860 918 1959 quidem
943 1860 1076 1932 ulli
1103 1863 1370 1934 servias
1390 1858 1453 1947 ὃς
1486 1877 1958 1934 contemnere
1982 1885 2237 1934 omnes

111 1967 464 2062 libidines3
507 1995 662 2044 non
701 1974 892 2059 auri,
937 1996 1090 2042 non
1129 1977 1443 2070 argenti,
1482 1997 1635 2043 non
1678 1987 2081 2045 ceterarum
2119 1997 2237 2043 re-

111 2105 260 2152 rum
299 2083 662 2181 indigere3
701 2083 780 2154 in
823 2098 1083 2155 senatu
1125 2087 1391 2154 sentire
1442 2081 1669 2154 libere
1688 2092 1763 2170 93
1804 2082 2063 2180 populi
2096 2082 2238 2152 uti-

113 2188 274 2264 litati
325 2195 556 2293 magis
616 2194 996 2266 consulere
1015 2249 1035 2284 ,
1090 2215 1315 2290 quam
1350 2192 1764 2282 ,voluntati3
1806 2191 2084 2262 nemini
2129 2215 2236 2263 ce-

115 2299 300 2393 dere,
319 2304 566 2377 multis
595 2302 990 2376 obsistere:
1022 2308 1080 2376 si
1107 2303 1252 2377 hoc
1275 2318 1491 2402 putas
1520 2328 1675 2375 esse
1701 2305 1981 2401 regium
1998 2312 2087 2390 ¹⁰,
2120 2326 2237 2375 me

113 2436 338 2510 regem
377 2439 532 2487 esse
575 2413 954 2487 confiteor.
998 2416 1126 2485 Sin
1171 2428 1246 2485 te
1295 2414 1629 2513 potentia
1666 2437 1862 2501 mea,
1906 2414 1966 2483 si
2006 2410 2236 2483 domi-

115 2526 331 2615 natio,
355 2527 415 2598 si
441 2522 762 2623 denique
788 2524 1088 2622 aliquod
1116 2524 1395 2597 dictum
1424 2548 1802 2623 arroganti,
1837 2536 1965 2595 aut
1992 2546 2238 2620 super·

113 2630 276 2704 bum
315 2648 602 2725 move13
643 2635 826 2733 quin
865 2650 953 2705 tu
996 2634 1071 2707 id
1120 2636 1365 2732 potius
1410 2633 1727 2731 profers,
1772 2656 1992 2731 quam
2032 2630 2235 2704 verbi

115 2740 432 2817 invidiam
449 2800 470 2831 ‚
510 2744 1176 2843 contumeliamque
1203 2744 1613 2817 maledicti?

197 2858 309 2927 IX.
337 2860 527 2955 Ego,
555 2858 774 2928 tantis
799 2880 841 2927 a
864 2880 980 2928 me
1009 2854 1387 2928 beneficiis
1413 2856 1491 2925 in
1518 2853 1894 2953 republica
1920 2856 2233 2953 positis¹‚

181 3094 308 3143 &132
326 3112 500 3145 somno
516 3110 648 3160 sape
663 3095 974 3145 cecinnae.
993 3094 1122 3157 Quia
1209 3093 1377 3145 officia
1422 3112 1555 3153 ene,
1601 3096 1777 3145 Cicero
1822 3096 1875 3143 in
1920 3094 2051 3143 libro
2094 3098 2119 3143 1
2174 3094 2237 3142 de

119 3170 196 3219 tibi
215 3184 388 3225 netum
411 3174 657 3225 incutient
673 3190 738 3223 ne
753 3191 784 3224 a
799 3190 852 3223 ιο
875 3188 1122 3239 superem.
1209 3174 1361 3225 offic.
1384 3174 1575 3223 scribit.

178 3252 225 3301 G.
243 3256 340 3303 Hoc
360 3255 538 3304 vitium
551 3254 790 3305 sileretur.
813 3252 1128 3315 Gulielmius,
1282 3272 1336 3319 9.
1378 3254 1565 3303 Sentit-e
1602 3254 1767 3303 libere.
1806 3254 1865 3302 Id
1894 3264 1968 3301 est
1984 3287 2001 3313 ‚
2037 3260 2237 3300 oenten-

119 3334 350 3387 Rnbenius
385 3338 479 3387 lib.
513 3340 539 3387 1
571 3337 880 3395 Eiectat-um,
915 3350 1026 3399 cap.
1057 3334 1086 3381 3
1106 3367 1121 3392 ,
1209 3335 1329 3385 tiam
1352 3336 1517 3383 dicere
1538 3332 1709 3381 libore.

119 3414 498 3483 hdinuthun
513 3412 1118 3467 convicium—Sam.
1285 3427 1367 3462 ιο.
1408 3412 1464 3461 si
1504 3411 1595 3459 Ιιοσ
1621 3422 1773 3476 putas
1814 3426 1919 3459 esse
1954 3410 2157 3474 regium.
2186 3412 2235 3457 1⁸

119 3494 172 3542 ld
193 3507 286 3557 ent,
315 3498 446 3547 sileri
469 3496 684 3545 deberet.
1207 3496 1339 3545 enim
1356 3508 1473 3541 ven
1495 3506 1581 3540 rex
1604 3502 1681 3540 est
1706 3490 1792 3555 qui
1809 3487 2161 3554 cupiditatibus
2186 3500 2237 3536 et

183 3592 228 3636 7.
247 3576 496 3627 Asculani.
520 3574 759 3625 Asculum
787 3572 956 3623 Piceni
980 3573 1118 3622 eolo-
1207 3572 1499 3623 libffinibm
1512 3571 1734 3635 impu-at.
1752 3572 1926 3619 Horat.
1950 3568 2034 3617 od.
2060 3570 2135 3626 11,
2172 3584 2201 3615 2
2216 3602 2231 3625 ,

119 3653 190 3700 ¹¹3²
207 3657 384 3720 populo
401 3672 610 3706 tom-no
631 3655 813 3715 invita,
826 3654 962 3717 qnod
978 3652 1122 3701 initio
1208 3656 1309 3702 ait:
1336 3674 1363 3695 α
1378 3650 1543 3699 latius
1568 3664 1739 3713 regnes
1764 3648 1961 3697 avidum
1983 3646 2235 3695 domando

119 3730 226 3781 belli
260 3735 410 3785 Italici
457 3738 528 3800 Q.
574 3735 808 3785 Servilius
851 3734 1122 3797 proeonml
1210 3730 1466 3796 Spiritum,
1490 3738 1585 3776 eto.
1604 3748 1631 3769 ι·

121 3826 224 3860 ω-
261 3814 486 3865 onnibu·
517 3816 734 3865 ”manin
771 3813 964 3864 eivibn·
987 3849 1003 3874 ‚
1037 3815 1124 3877 qui
1281 3812 1379 3859 lx.
1422 3823 1467 3859 1.
1506 3806 1705 3855 Positis.
1748 3805 1810 3853 Id
1836 3817 1939 3864 eat,
1966 3804 2234 3855 collocatis.

117 3889 168 3939 5¹³
189 3908 250 3941 eo
268 3894 450 3961 casido
471 3906 609 3945 aaut
623 3931 642 3957 ,
663 3897 856 3945 occicus
876 3904 969 3945 ont.
989 3892 1109 3942 vid.
1203 3889 1499 3942 Scholiasta
1522 3886 1585 3935 ab
1608 3889 1735 3950 Ang-
1753 3884 1890 3934 Maio
1910 3882 2091 3945 editu,
2116 3882 2235 3932 huie

121 3970 218 4023 liv,
235 3972 320 4023 lib.
341 3977 550 4026 Lxxn.
1207 3973 1324 4021 loeo
1359 3967 1621 4034 periodum
1662 3964 2037 4031 pulcherrimam
2076 3980 2141 4012 ex
2176 3965 2235 4012 C.

187 4052 236 4101 8.
254 4052 347 4101 vla·
357 4055 548 4107 servia.
567 4056 688 4105 Hae
715 4055 1008 4119 magnanimi
1027 4052 1120 4103 viri
1209 4050 1420 4101 Gracchi
1456 4048 1675 4099 oratione
1710 4046 1771 4095 de
1798 4045 1986 4109 legibus
2012 4042 2237 4108 promul-
