2594 4537
316 245 447 317 160
936 243 1036 310 M.
1088 241 1169 308 Τ.
1221 239 1786 309 CICERONIS

317 366 525 438 bulas
548 374 635 432 ¹¹.
686 367 853 434 Non
902 360 1295 458 deportavi.
1345 364 1624 431 Fratres
1665 359 1917 430 saltem
1961 358 2248 431 exhibe.
2285 363 2462 432 Non

314 473 732 546 denuntiavi
758 481 843 540 ¹².
884 468 1106 559 Quod
1163 495 1336 566 ergo
1385 494 1573 540 unus
1611 468 2104 566 Asclepiade5‚
2156 467 2464 540 fortuna

318 607 535 678 egens
562 636 582 670 ‚
638 584 785 651 vita
842 582 1109 677 turpiS‚
1167 581 1692 650 existimatione
1744 578 2163 666 damnatuS‚
2209 580 2464 677 impu-

318 691 564 763 dentia
590 705 805 786 atque
835 687 1125 760 audacia
1157 686 1426 775 fretus,
1459 690 1613 760 sine
1645 687 1941 778 tabulis,
1974 691 2127 761 sine
2153 704 2465 760 auctore

314 804 605 896 jecerit,
654 801 726 872 id
766 826 941 887 ηοε,
980 802 1185 897 quasi
1226 801 1541 887 crimen,
1591 815 1716 871 aut
1757 801 2252 871 testimonium
2297 823 2464 895 per-

322 911 824 984 timescamus?
853 910 1053 982 Idem
1092 910 1576 982 laudationem
1597 966 1617 998 ‚
1655 935 1873 1008 quam
1907 936 2042 982 nos
2077 909 2168 981 ab
2203 915 2466 981 Acmo-

323 1021 673 1096 nensibus
728 1021 981 1092 Flacco
1036 1020 1277 1092 datam
1343 1019 1934 1116 proferebamus,
1992 1019 2241 1091 falsam
2303 1042 2466 1090 esse

322 1132 607 1204 (licebat
629 1160 645 1201 t
675 1132 882 1227 cujus
906 1132 1199 1228 quidem
1221 1130 1651 1202 laudationis
1665 1133 1944 1225 jactura
1965 1128 2025 1174 ¹³
2049 1128 2466 1227 exoptanda

324 1241 538 1313 nobis
582 1239 740 1312 fuit.
792 1243 1015 1328 Nam,
1055 1255 1139 1314 ut
1176 1241 1460 1336 signum
1509 1241 1882 1338 publicum
1929 1242 2242 1339 inspexit
2281 1263 2466 1338 prae-

319 1354 552 1425 clarus
594 1356 729 1422 iste
785 1365 1037 1422 auctor
1064 1355 1128 1404 ¹4
1182 1375 1328 1422 suae
1378 1352 1720 1441 civitatis,
1763 1352 1994 1422 solere
2044 1375 2214 1422 suos
2269 1351 2470 1421 cives

321 1480 744 1558 ceterosque
788 1466 1111 1546 (ἔτ-33605,
1146 1485 1237 1532 ex
1270 1475 1602 1557 tempore
1643 1461 1842 1557 quod
1881 1483 2066 1557 opus
2095 1461 2182 1530 sit
2204 1457 2296 1546 ¹⁵,
2331 1457 2468 1528 ob-

324 1576 605 1669 signare
635 1570 833 1642 dixit.
871 1574 978 1640 Tu
1008 1593 1180 1640 vero
1216 1569 1351 1640 tibi
1383 1569 1650 1640 habeto
1681 1573 1892 1640 istam
1930 1569 2465 1646 laudationem:

324 1707 463 1753 nec
498 1684 689 1752 enim
730 1681 1290 1752 Acmonensium
1331 1677 1744 1751 testimonio
1783 1680 2012 1751 Flacci
2054 1680 2199 1750 vita
2237 1692 2312 1749 et
2353 1678 2470 1748 di-

326 1795 559 1888 gnitas
585 1794 863 1863 nititur.
894 1792 1249 1888 Dasenim
1280 1789 1458 1860 mihi
1483 1843 1502 1878 ‚
1529 1789 1728 1886 quod
1748 1789 1900 1861 haec
1918 1813 2127 1860 causa
2155 1789 2471 1858 maxime

330 1903 643 2000 postulat
667 1956 687 1988 ‚
748 1901 1020 1972 nullam
1078 1901 1498 1997 gravitatem
1525 1944 1548 1985 ‚-
1609 1900 1879 1970 nullam
1935 1896 2468 1986 constantiam,

326 2013 609 2084 nullum
654 2009 945 2083 firmum
984 2012 1057 2080 in
1096 2011 1341 2107 graecis
1381 2008 1800 2081 hominibus
1839 2009 2220 2080 consilium
2245 2059 2265 2094 ‚
2307 2007 2474 2076 nul-

326 2121 467 2193 lam
496 2121 813 2218 denique
850 2145 1003 2192 esse
1032 2123 1422 2190 testimonii
1457 2118 1696 2190 fidem.
1727 2120 1880 2189 Nisi
1911 2141 2082 2188 vero
2114 2116 2474 2188 hactenus

263 2276 269 2283 -
324 2236 461 2305 ista
514 2231 824 2303 formula
862 2232 1268 2301 ,testimonii
1315 2245 1532 2327 atque
1582 2229 1926 2300 orationis
1975 2243 2114 2299 tuae
2155 2225 2475 2299 describi

326 2368 413 2414 ac
442 2342 786 2437 distingui
824 2354 1099 2437 potest,
1147 2355 1226 2411 ut
1252 2340 1506 2411 Flacco
1534 2338 1816 2411 absenti
1843 2337 2114 2435 aliquid
2145 2338 2476 2407 civitates

327 2450 669 2523 tribuisse
696 2448 757 2493 ¹⁶
801 2451 1169 2535 dicantur;
1207 2450 1424 2521 Laelio
1467 2452 1841 2549 praesenti,
1890 2473 2022 2547 per
2067 2472 2144 2519 se
2183 2449 2473 2545 agenti,

329 2564 401 2631 vi
434 2561 644 2658 legiS‚
681 2561 846 2654 jure
887 2562 1397 2648 accusationis,
1435 2560 1698 2658 opibus
1741 2574 2083 2657 praeterea
2129 2560 2285 2629 suis
2327 2573 2474 2629 ter-

331 2674 521 2742 renti
558 2696 639 2742 ac
682 2672 1026 2758 minanti,
1070 2671 1251 2741 nihil
1282 2675 1634 2767 temporis
1665 2694 1878 2742 causa
1913 2668 2321 2765 scripsisse,
2349 2682 2476 2739 aut

335 2780 749 2878 obsignasse
782 2782 1185 2852 videantur.

413 3114 434 3147 ι
449 3115 491 3147 1.
511 3098 737 3147 Tabulas.
762 3096 1159 3146 subaudiendum
1174 3096 1356 3161 profer,
1522 3104 1602 3151 14.
1617 3092 1904 3143 'Proeclarus
1923 3094 2013 3141 iste
2037 3106 2229 3142 auctor.
2259 3096 2474 3143 Ironice.

330 3178 555 3229 ostende.
1445 3174 1672 3220 Laedcbnt
1710 3174 1838 3220 enim
1871 3174 2115 3237 publicam
2151 3175 2478 3223 existimatio·-

410 3264 488 3297 η.
527 3249 639 3295 Non
676 3247 973 3295 denuntiavi.
1008 3247 1223 3296 Subaud.
1260 3247 1357 3293 illis
1444 3268 1556 3299 nem
1573 3284 1590 3311 ‚
1629 3250 1797 3299 diceus
1829 3253 1960 3299 cives
1995 3267 2112 3300 suos
2149 3268 2242 3315 pro
2287 3256 2478 3301 ratione

335 3328 685 3377 testimonium.
708 3326 767 3373 Id
784 3337 887 3385 est,
915 3342 1015 3373 non
1031 3328 1151 3386 jussi
1171 3338 1283 3374 sunt
1305 3327 1358 3373 in
1445 3330 1679 3395 temporis
1711 3331 1849 3393 quod
1877 3348 2002 3397 opus
2037 3344 2160 3379 esset
2189 3332 2476 3396 obsignare.

329 3408 520 3469 judicio
534 3406 701 3454 adesse
716 3418 768 3453 ut
782 3406 1111 3453 testimonium
1128 3405 1358 3453 dicerent.
1446 3412 1573 3457 Nam
1614 3422 1790 3457 auctor
1827 3411 2071 3457 interdum
2115 3421 2216 3468 est,
2259 3412 2352 3473 qui
2391 3426 2478 3475 pm

337 3514 407 3525 —-
422 3484 611 3533 lecerit.
630 3486 783 3531 Recte
800 3498 913 3529 cum
926 3484 1151 3532 Victorio
1170 3486 1358 3532 Emoet.
1448 3488 1544 3536 alio
1560 3488 1705 3551 gerit,
1723 3498 1870 3553 atque
1881 3494 2003 3554 agit,
2021 3490 2270 3553 utpeepilli
2281 3503 2478 3545 auctor,

338 3566 531 3629 scripsit
538 3562 728 3629 jecerit.
750 3562 882 3609 Olim
903 3573 1003 3610 erat
1017 3562 1209 3627 legerit,
1225 3562 1362 3626 quod
1448 3566 1502 3613 id
1525 3578 1620 3623 est,
1649 3576 1797 3615 tutor.

340 3646 561 3707 ineptum
585 3652 671 3690 est.
1526 3646 1606 3695 15.
1629 3646 1757 3705 Alii,
1775 3668 1801 3689 σι
1818 3662 1878 3695 ex
1907 3658 2156 3712 tempore,
2185 3646 2330 3711 quod
2355 3662 2482 3713 opus

416 3721 496 3767 13.
526 3719 848 3767 Laudationis
862 3720 1087 3785 jactum.
1122 3719 1179 3767 Id
1206 3718 1362 3768 artffi-
1453 3725 1514 3771 sit
1537 3744 1560 3766 s
1578 3760 1591 3773 .
1613 3726 1664 3772 J.
1689 3727 1750 3771 V.
1774 3728 1833 3772 L.

338 3801 525 3847 ciosum
569 3811 675 3857 est,
718 3810 773 3846 ut
812 3799 951 3862 quod
986 3798 1049 3847 ab
1086 3798 1362 3847 adversario
1527 3803 1610 3849 16.
1639 3802 1852 3871 Aliquid
1885 3804 2098 3853 civitates
2128 3803 2382 3852 tribuisse.
2419 3804 2483 3850 Ut

340 3879 527 3925 dictum
576 3880 641 3926 sit
659 3914 674 3936 ‚
718 3880 771 3925 id
812 3879 877 3927 ad
928 3879 1181 3927 utilitatem
1226 3894 1361 3929 sunm
1449 3880 1674 3928 Flaccum
1718 3883 1964 3931 absentem
2002 3898 2090 3932 sua
2133 3882 2282 3931 laude
2333 3898 2481 3933 orna-

338 3967 501 4003 orator
524 3965 793 4003 convertat.
1451 3971 1576 4007 rent.
