2594 4537
489 316 1223 387 COMMENTARIUS
1271 318 1592 385 SCHOL.
1645 318 2032 387 AMBROS.
2186 318 2325 417 595

198 458 297 499 ma
325 440 597 518 pecunia,
629 451 911 516 quantum
940 438 1181 514 aequitas
1217 439 1572 517 postularet,
1605 457 1716 516 pro
1741 436 2064 516 ‘quantitate
2096 440 2341 501 damno-

199 556 331 593 rum
384 535 598 613 quibus
639 537 869 593 fixerant
910 534 1107 593 hostili
1151 534 1484 593 incursione
1529 537 1724 595 vexati
1753 536 1858 615 (1).
1910 537 2120 597 Adfuit
2161 541 2341 619 igitur

200 636 395 691 Caesar
422 653 605 691 causae
631 631 1095 712 publicanorum.
1128 632 1370 690 Caesaris
1397 631 1696 690 desideriis
1733 626 2084 695 contradixit
2111 656 2222 713 pro
2251 638 2344 695 vi—

201 749 346 807 gore
376 728 607 789 duritiae
652 750 770 788 suae
810 735 892 788 M.
927 733 1108 806 Cat0,
1154 742 1214 787 et
1255 728 1412 787 diem
1454 741 1638 787 totum
1674 730 2016 807 prolixitate
2063 734 2344 793 orationis

200 847 321 884 suae
346 827 691 906 occupavit,
718 838 785 885 ut
811 840 1041 884 senatus
1071 825 1424 884 decernendi
1451 827 1704 905 spatium
1731 848 1852 885 non
1877 826 2120 887 haberet
2142 829 2246 909 (2).
2269 836 2347 891 Et

198 924 261 981 id
310 937 535 1003 tempus
581 943 720 1003 ergo
769 924 1093 982 Laterensis
1141 923 1520 983 denotaverat
1552 921 1906 983 invidiosum
1953 926 2189 985 Plancio
2217 948 2344 987 esse

198 1020 469 1079 debuisse
486 1064 501 1092 ,
518 1041 637 1099 quo
658 1021 848 1079 minus
872 1022 1039 1079 fieret
1060 1020 1272 1093 aedilis,
1303 1020 1539 1098 quando
1569 1033 1737 1099 pater
1756 1020 1880 1099 ejus
1904 1023 2169 1100 quaedam
2195 1024 2347 1083 libe-

198 1119 323 1176 rius
347 1104 687 1177 et'exertius
718 1116 993 1177 adversus
1029 1117 1314 1195 quosdam
1340 1118 1626 1197 primores
1651 1132 1882 1179 senatus
1909 1120 1969 1178 in
1996 1120 2347 1199 publicano-

198 1236 335 1275 rum
356 1216 701 1295 allegatione
728 1215 985 1275 dixisset.
1001 1213 1069 1273 Id
1098 1228 1332 1275 revocat
1348 1228 1548 1274 orator
1563 1218 1650 1272 ad
1667 1214 2096 1293 defensionem,-
2122 1219 2350 1281 licuisse

200 1312 403 1373 dicens
430 1300 751 1391 unicuique
777 1312 849 1371 de
872 1313 991 1373 suis
1018 1312 1243 1389 injuriis
1269 1312 1456 1371 libere
1482 1313 1782 1391 conqueri.

304 1472 371 1515 2.
422 1448 573 1543 Ego
614 1443 1175 1541 publicanorum
1218 1448 1297 1516 in
1341 1447 1430 1537 Q.
1473 1445 1860 1517 Scaevolam
1903 1448 2142 1517 virum
2185 1471 2351 1520 omm

202 1554 423 1627 nibus
454 1556 787 1653 ingenim
810 1554 1120 1649 justitia,
1156 1558 1572 1653 integ-ritate
1601 1570 2058 1655 praestantem
2097 1580 2349 1655 aspere

199 1768 415 1823 verbis:
454 1766 615 1821 «Jam
636 1766 914 1821 Gracchus
930 1764 1111 1819 Asiam
1136 1764 1345 1819 locabat
1365 1792 1408 1817 »-
1432 1766 1597 1838 Leges
1623 1764 1948 1838 Sempronia!
1979 1776 2352 1822 memorantur

198 1854 357 1907 etiam
382 1852 439 1904 in
470 1852 592 1905 loco
610 1849 846 1924 quodam
874 1868 905 1903 a
931 1846 1201 1903 Martiano
1239 1850 1460 1921 Capella
1487 1848 1702 1903 laudato
1727 1850 1820 1902 lib.
1838 1850 1908 1915 V,
1933 1867 2050 1922 cap.
2074 1868 2146 1903 -a
2175 1850 2351 1921 specie

196 1938 285 1991 vel
324 1954 357 1988 a
396 1938 563 1989 forma
582 1960 625 1985 υ.
678 1931 971 1987 Contendit
1004 1932 1352 1987 nihilominus
1389 1932 1716 1987 Garatonius
1737 1933 2028 2005 putandam
2047 1954 2158 1987 non
2188 1933 2350 1987 fuisse

197 2038 329 2075 cum
349 2018 647 2091 publicanis
670 2018 933 2071 rationem
964 2016 1300 2089 Sempronia,
1327 2016 1419 2069 aed
1447 2017 1697 2071 Censoria
1719 2017 1854 2089 lege.
1875 2016 2012 2070 Mihi
2049 2016 2148 2069 etsi
2181 2017 2350 2070 multa

197 2104 487 2159 veniebant
510 2103 566 2154 in
594 2113 827 2155 mentem
850 2118 973 2173 qum
992 2100 1094 2155 hac
1120 2118 1277 2171 super
1303 2118 1361 2152 re
1387 2098 1698 2152 dissererem
1715 2138 1732 2168 ‚
1767 2110 1946 2153 tamen
1973 2097 2029 2151 id
2057 2116 2224 2151 unum
2261 2096 2348 2151 di-

198 2206 321 2241 cam
338 2226 354 2251 ,
374 2186 711 2239 manifestam
743 2182 989 2237 videlicet
1016 2184 1211 2236 veteris
1248 2183 1476 2253 alicujus
1507 2182 1877 2235 auctoritatem
1899 2181 2220 2253 plerumque
2237 2198 2349 2253 ense

199 2266 500 2341 graviorem
516 2307 533 2329 ‚
568 2286 731 2340 quam
759 2265 1121 2318 recentiorum
1148 2264 1430 2320 hominum
1449 2303 1466 2330 ‚
1495 2264 1618 2318 licet
1649 2264 1887 2337 apprime
1909 2264 2189 2319 doctorum
2208 2305 2225 2331 ,
2263 2283 2348 2318 ar-

199 2361 456 2426 gumenta
490 2367 607 2423 quse
634 2351 740 2403 huc
760 2349 887 2401 illuc
912 2347 1231 2420 conjecturis
1256 2349 1546 2401 trahuntur
1567 2386 1582 2411 ,
1610 2349 1814 2401 nullam
1839 2347 2098 2402 adhibent
2131 2367 2346 2420 persua-

199 2432 369 2487 dendi
390 2432 771 2486 necessitatem.
802 2433 991 2503 Itaque
1022 2432 1093 2485 ab
1123 2433 1427 2504 interpretis
1452 2431 1790 2484 Ambrosiani
1815 2433 2073 2487 sententia
2101 2431 2344 2485 nondum

198 2517 410 2572 recedo.
461 2516 762 2571 Pte-,sertim
808 2533 976 2587 quum
1020 2515 1137 2588 ipse
1178 2516 1506 2570 Garatonius
1545 2517 1836 2570 locationes
1872 2518 1994 2570 Tib.
2059 2514 2342 2588 cujusdam

198 2602 523 2675 Sempronii,
555 2601 789 2656 censoria
815 2617 943 2654 cum
970 2597 1032 2654 C.
1050 2599 1297 2669 Claudio,
1318 2611 1578 2654 memoret
1603 2619 1634 2652 e
1650 2601 1801 2654 Livio
1826 2602 2030 2665 XL111,
2057 2608 2138 2660 16.

276 2691 353 2758 (1)
386 2683 679 2740 Praesertim
722 2684 863 2738 bello
882 2684 1271 2744 Mithridatico.
1297 2686 1453 2740 Hanc
1491 2701 1668 2738 antem
1699 2687 2108 2756 publicanorum
2135 2693 2346 2764 petitio-

200 2789 347 2837 nem,
367 2770 456 2823 cui
482 2767 805 2822 contradixit
831 2769 983 2832 Cato,
1005 2769 1171 2822 refert
1190 2769 1352 2824 etiam
1378 2769 1500 2833 Dio,
1526 2769 1839 2834 XXXVIII,
1869 2789 1920 2841 7.

271 2854 348 2924 (ει)
376 2853 592 2906 Catonis
638 2852 938 2908 orationem
972 2854 1231 2924 ἡιιρησίοιν
1265 2865 1527 2908 memorat
1565 2854 1884 2908 Plutarchus
1925 2855 1982 2907 in
2023 2858 2172 2929 Reip.
2215 2861 2340 2914 Ger,

200 2939 452 3010 Praecept.
476 2935 604 2990 edit.
625 2937 794 2990 Paris.
836 2939 1003 3002 1624,
1032 2948 1160 2988 tom.
1187 2933 1275 2998 11,
1307 2955 1424 3008 pag.
1469 2937 1608 3002 804:
1643 2937 1817 2990 Κάτων
1843 2937 1955 3008 περὶ
1983 2931 2046 2991 ὧν
2067 2944 2152 2993 οὐκ
2175 2945 2340 3005 ἤλπιζε

200 3023 398 3085 urticam,
424 3028 492 3092 τῷ
520 3024 900 3092 προκατέχεσθαι
929 3020 1095 3092 χάρισι
1118 3019 1203 3073 καὶ
1228 3007 1496 3081 σπουδαῖς
1499 3021 1578 3074 τὸν
1609 3017 1766 3091 δῆμον
1804 3021 1837 3079 ἢ
1873 3022 1954 3080 τὴν
1991 3022 2178 3088 βουλὴν,
2207 3029 2341 3100 ἕλιγι

201 3109 285 3166 τὴν
307 3109 487 3178 ἡμέραν
506 3107 615 3163 ὅλην
642 3105 881 3169 ἀναστὰς,
912 3105 995 3160 καὶ
1030 3105 1109 3158 τὸν
1136 3105 1300 3176 καιρὸν
1331 3107 1476 3166 οὕτως
1508 3103 1742 3176 ἐξέκρουε.
1769 3105 1945 3158 «Cato
1968 3125 2135 3177 quum
2173 3111 2341 3180 gratia
2420 3137 2429 3142 ·

202 3211 265 3244 ae
288 3189 478 3243 studiis
503 3201 877 3262 praeoccupato
907 3188 1106 3260 populo
1134 3201 1228 3242 aut
1258 3200 1473 3253 senatu,
1504 3205 1718 3242 causam
1739 3207 1795 3242 ee
1821 3206 1975 3260 posse
1992 3189 2233 3246 obtinere
2253 3193 2343 3248 de·

204 3285 440 3348 speraret
461 3315 476 3340 ,
514 3287 679 3327 totam
708 3273 847 3328 diem
876 3271 1107 3327 dicendo
1147 3273 1318 3344 exegit
1335 3311 1350 3336 ,
1375 3284 1538 3344 atque
1562 3273 1632 3326 ita
1657 3271 1973 3326 adversariis
1993 3274 2070 3326 rei
2095 3277 2342 3346 gerenda

202 3371 417 3431 tempus
438 3358 634 3431 eripuit
656 3383 701 3412 υ.
718 3357 964 3412 Valerius
982 3358 1199 3412 Maxim.
1227 3357 1280 3409 11
1303 3395 1317 3420 ,
1339 3375 1420 3416 ro,
1447 3373 1497 3426 7,
1517 3356 1590 3408 ait
1611 3372 1626 3408 :
1655 3379 1680 3401 ιι
1699 3355 1774 3406 Μ.
1802 3356 2050 3410 Porcium
2082 3359 2340 3416 Catonem

204 3446 483 3500 admiratio
510 3447 659 3499 fortia
682 3459 735 3500 et
756 3447 971 3500 sincerae
990 3446 1113 3500 vitae
1138 3445 1272 3498 adeo
1297 3443 1660 3498 venerabilem
1685 3443 1889 3498 senatui
1911 3445 2061 3509 fecit,
2078 3459 2137 3500 ut
2153 3467 2340 3522 quum,

173 3558 184 3571 ·
202 3534 371 3588 invito
398 3535 458 3587 C.
483 3534 689 3587 Caesare
710 3535 947 3599 consule,
969 3533 1219 3588 adversus
1246 3531 1564 3604 publicanos
1590 3529 1858 3584 dicendo
1843 3551 1896 3586 m
1918 3535 2067 3588 curia
2091 3534 2234 3590 diem
2263 3557 2351 3592 ex-

206 3617 471 3679 traheret,
510 3631 565 3670 et
605 3617 677 3676 ob
706 3616 764 3670 id
798 3620 914 3690 eju·
938 3619 1087 3688 jussu
1116 3637 1145 3670 a
1170 3614 1398 3669 lictore
1383 3633 1440 3666 m
1475 3633 1747 3672 carcerem
1771 3613 2076 3680 duceretur,
2105 3629 2201 3671 etc.
2231 3620 2352 3672 »At

202 3715 387 3756 noster
405 3703 664 3773 interpres
689 3713 871 3754 narrat
894 3701 1138 3756 dictinete
1164 3685 1558 3754 altercationem
1587 3699 1803 3753 Catonis
1837 3719 1958 3754 cum
1996 3700 2204 3756 Caesare
2227 3715 2350 3756 ante

203 3789 367 3859 hujus
384 3785 753 3839 consulatum'
738 3804 795 3838 m
816 3805 973 3838 causa
1001 3786 1442 3856 publicanorum,
1463 3796 1576 3836 tum
1605 3783 1781 3855 paullo
1807 3783 2032 3836 inferius
2059 3788 2078 3853 (
2100 3785 2254 3852 xlv,
2277 3793 2308 3844 5
2329 3791 2350 3856 )

206 3871 427 3926 Caesaris
462 3868 739 3923 victoriam
768 3869 825 3922 in
848 3870 1149 3923 consulatu.
1176 3869 1346 3940 Igitur
1370 3879 1462 3920 aut
1483 3865 1728 3920 Valerius
1750 3879 1959 3939 tempus
1988 3870 2104 3940 ejus
2128 3871 2353 3924 actionis

206 3953 515 4026 perturbat,
544 3963 635 4004 aut
656 3953 739 4006 bis
759 3956 891 4008 Cato
914 3952 1055 4006 diem
1076 3953 1132 4006 in
1161 3965 1345 4006 senatu
1368 3950 1594 4006 extraxit
1613 3963 1798 4005 contra
1820 3951 2084 4004 Caesarem
2107 3949 2289 4007 dicens
2306 3955 2360 4007 in
2439 3983 2446 3992 ·

207 4057 364 4092 causa
394 4035 819 4108 publicanorum.

2045 4123 2162 4194 38.
