2594 4537
299 300 461 372 512·
941 294 1040 361 Μ.
1090 292 1169 359 Τ.
1221 288 1783 358 CICERONIS

302 428 500 496 tione
541 417 792 490 fuisset
829 408 1143 507 adjutrix
1166 405 1232 497 ⁵,
1274 406 1648 495 dolebam,
1699 404 2011 502 judiceS,
2056 418 2133 476 et
2174 404 2443 477 acerbe

299 532 621 607 ferebam
639 584 658 618 ,
711 528 770 597 si
805 522 932 617 huj
943 546 1026 592 us
1061 518 1250 591 salus
1289 515 1388 589 ob
1427 542 1586 588 eam
1636 510 1868 614 ipsam
1910 539 2199 586 causam
2249 530 2447 587 esset

295 636 695 736 infestiorf’,
731 633 933 733 quod
964 634 1026 702 is
1053 653 1287 701 meam
1324 628 1626 699 salutem
1654 640 1872 722 atque
1904 627 2129 695 vitam
2165 649 2295 696 sua
2316 624 2447 695 be·-

267 750 750 836 .nivolentia,
774 740 1142 844 praesidio,
1180 736 1653 835 custodiaque
1690 736 2004 807 texisset.
2050 738 2265 807 Nunc
2308 758 2443 804 au-

303 886 454 941 tem
480 873 716 933 vester
736 910 756 946 ,
778 853 1091 949 judiceS,
1110 862 1545 947 conspectus
1565 862 1638 918 et
1652 870 2025 918 consessus
2043 844 2178 915 iste
2207 842 2447 915 reficit

304 992 379 1051 et
411 982 688 1047 recreat
739 976 1060 1036 mentem
1102 983 1375 1047 meam,
1418 984 1647 1056 quum
1682 961 1974 1028 intueor
2006 972 2080 1027 et
2112 970 2448 1027 contem-

303 1088 468 1187 plor
505 1096 1112 1174 unumquemque
1137 1084 1477 1142 vestrum.
1516 1067 1746 1139 Video
1784 1071 1979 1139 enim
2016 1066 2157 1137 hoc
2194 1070 2271 1135 in
2311 1092 2453 1136 nu-

303 1220 508 1269 mero
550 1191 951 1273 neminem,
990 1182 1105 1253 cui
1139 1204 1300 1251 mea
1327 1176 1516 1249 salus
1554 1202 1715 1249 cara
1750 1202 1903 1248 non
1939 1174 2195 1260 fuerit3
2232 1174 2457 1271 cujus

309 1333 461 1379 non
500 1312 731 1375 exstet
791 1298 868 1366 in
916 1317 1031 1365 me
1073 1302 1332 1363 suum⁷
1374 1289 1751 1373 meritum;
1794 1288 1910 1357 cui
1949 1310 2097 1356 non
2136 1289 2268 1355 sim
2317 1284 2459 1355 ob-

311 1418 599 1491 strictus
631 1405 982 1481 memoria
1009 1398 1345 1473 beneficii
1367 1399 1831 1494 sempiterna.
1854 1400 2108 1492 Itaque
2144 1419 2297 1465 non
2330 1422 2459 1466 ex-

307 1531 644 1608 timescO,
667 1543 759 1589 ne
783 1522 914 1588 Cn.
933 1513 1222 1585 Plancio
1251 1506 1581 1594 custodia
1602 1531 1779 1577 meae
1812 1505 2059 1576 salutis
2095 1503 2289 1602 apud
2324 1529 2459 1575 eos

311 1636 538 1720 obsit,
565 1629 696 1727 qui
719 1651 836 1697 me
859 1626 1096 1721 ipsum
1122 1619 1431 1690 maxime
1456 1618 1730 1687 salvum
1758 1613 2003 1685 videre
2022 1614 2461 1699 voluerunt3

310 1746 748 1843 saepiusque,
781 1732 1094 1831 judices,
1140 1729 1318 1799 mihi
1352 1727 1551 1798 venit
1588 1729 1665 1796 in
1695 1740 2051 1810 mentem,
2090 1723 2461 1794 admiran-

311 1858 489 1928 dum
535 1874 720 1934 esse,
757 1849 854 1915 M.
896 1846 1392 1925 Laterensem,
1426 1837 1799 1907 hominem
1840 1833 2461 1907 studiosissimum

314 1978 386 2036 et
421 1956 784 2059 dignitatis
823 1968 894 2025 et
937 1950 1180 2023 salutis
1210 1941 1470 2033 meae3,
1504 1970 1709 2016 reum
1747 1944 1884 2017 sibi
1925 1944 2127 2015 hunc
2162 1946 2464 2041 potissi-

313 2097 521 2145 mum
557 2065 942 2163 delegisse,
991 2082 1211 2157 quam
1261 2053 1775 2141 metuendum,
1825 2080 1920 2125 ne
1963 2053 2171 2125 vobis
2210 2052 2285 2125 id
2335 2055 2467 2125 ille

314 2208 576 2282 magna
615 2178 892 2251 ratione
927 2170 1176 2243 fecisse
1213 2166 1560 2238 videatur.

415 2297 875 2388 Quamquam
900 2283 1082 2352 mihi
1102 2305 1253 2350 non
1281 2303 1491 2349 sumo
1524 2291 1837 2362 tantum,
1857 2271 2136 2368 judices
2154 2329 2173 2362 ,
2212 2299 2469 2372 neque

259 2443 265 2449 ·
317 2428 577 2500 arrogo
597 2413 629 2459 9
653 2454 672 2487 ,
705 2413 790 2467 ut
829 2398 958 2465 Cn.
995 2391 1365 2463 Plancium
1397 2389 1545 2458 suis
1571 2410 1738 2483 erga
1764 2409 1881 2455 me
1912 2387 2187 2455 meritis
2216 2385 2471 2482 impu·

319 2519 620 2588 nitatem
642 2527 960 2600 consequ
969 2516 1264 2571 uturum
1286 2495 1730 2595 putem.Nisi
1744 2493 1899 2588 ejus
1918 2494 2471 2588 integerrimam

319 2627 581 2704 vitam,
621 2611 1184 2692 modestissimos
1221 2629 1494 2689 moreS,
1540 2627 1895 2674 summam
1940 2599 2193 2690 fidem,
2230 2607 2469 2673 conti-

321 2729 684 2812 nentiam,
726 2719 1108 2824 pietatem,
1147 2715 1637 2789 innocentiam
1664 2709 2051 2783 ostendero
2090 2739 2107 2780 ε
2146 2711 2337 2781 nihil
2378 2713 2472 2784 de

322 2867 544 2945 poena
577 2833 952 2911 recusabo.
1009 2832 1135 2902 Sin
1196 2831 1441 2899 omnia
1481 2826 1881 2924 praestitero
1908 2877 1927 2908 ,
1984 2845 2147 2920 quae
2200 2839 2385 2893 sunt
2436 2849 2473 2894 a

326 3109 354 3141 a
375 3090 628 3140 Cicerone.
650 3081 816 3142 Quum
830 3077 989 3123 bonos
1007 3073 1154 3134 hujus
1165 3069 1347 3119 honori
1436 3075 1706 3114 versaretur
1723 3101 1739 3128 ,
1782 3073 2184 3128 oppugnaretur:
2222 3065 2295 3112 sic
2332 3081 2475 3114 mare

329 3187 432 3220 esso
473 3167 685 3215 fautores
726 3156 942 3205 viderem
964 3189 980 3216 ‚
1037 3149 1349 3216 gandebam3
1438 3143 1666 3210 infinum
1679 3178 1695 3200 ,
1750 3145 1803 3191 in
1848 3160 1951 3208 quo
1996 3145 2225 3208 navigate
2258 3159 2475 3210 propter

324 3265 478 3316 quum
504 3258 624 3292 vero
658 3237 886 3285 inimicos
909 3232 1026 3280 huic
1053 3225 1348 3278 accusationi
1436 3226 1615 3288 piratas
1634 3235 1796 3274 tutum
1816 3239 1919 3272 non
1940 3235 2027 3271 est.

327 3346 432 3380 ωηο
449 3327 660 3374 fautores
677 3314 924 3370 audirem,
963 3309 1206 3359 dolebam.
1231 3307 1351 3357 Non
1514 3321 1561 3364 7.
1607 3305 1670 3351 In
1719 3321 1795 3352 me
1841 3319 1983 3352 suum
2032 3301 2269 3350 meritum.
2330 3303 2441 3352 Alii
2460 3341 2477 3364 ,

329 3411 546 3459 fauturos
569 3415 686 3458 eos,
727 3393 814 3444 sed
847 3395 947 3459 jam
995 3405 1096 3437 esse
1138 3387 1351 3436 fautores
1444 3407 1463 3424 ι·
1488 3399 1728 3431 summum
1748 3384 1974 3432 meritum
1988 3405 2031 3429 a.
2053 3383 2127 3430 Ita
2147 3399 2259 3430 cnm
2278 3383 2475 3432 Erfnn.

329 3481 600 3540 accusatori
618 3474 885 3528 constabat.
1440 3462 1701 3510 Bavnricus
1721 3473 1770 3512 et
1793 3463 2010 3528 quinque
2034 3461 2331 3508 Britannici.

398 3567 448 3616 5.
467 3564 589 3626 Quoe
606 3558 655 3606 in
674 3547 1092 3620 petitionefuae’sset
1109 3545 1351 3608 adjuvit.
1515 3545 1563 3594 8.
1595 3543 2001 3592 studiosissimum
2041 3551 2092 3587 et
2120 3539 2397 3605 dignitatis
2434 3553 2481 3588 ee

327 3645 456 3699 Boni
481 3640 576 3690 viri
601 3631 787 3685 mancii
825 3631 1043 3678 faverant
1079 3625 1311 3692 petitioni
1328 3659 1345 3683 ‚
1438 3621 1611 3670 salutis
1642 3638 1777 3672 meae.
1823 3625 1898 3670 Ita
1936 3619 2085 3667 hodie
2122 3619 2333 3682 legimus
2378 3619 2477 3670 fide

332 3728 421 3794 qni
465 3713 705 3772 undanti
749 3708 982 3762 Ciceroni
1025 3705 1253 3756 omnibns
1296 3706 1350 3754 in
1439 3701 1825 3750 membranam
1862 3697 2234 3762 Turingicarnm
2256 3713 2273 3758 3
2338 3703 2479 3763 prim

330 3807 475 3857 „bug
514 3813 616 3848 sese
661 3789 1052 3842 commodaverat
1075 3820 1091 3846 ,
1145 3795 1196 3833 et
1237 3799 1349 3832 eum
1438 3781 1625 3844 vulgati
1666 3778 1895 3838 codices,
1926 3799 1952 3818 α
1972 3775 2397 3826 studiosissimum
2430 3791 2477 3826 et

329 3885 495 3936 multis
511 3879 802 3930 liberaverat
825 3867 1087 3937 periculis;
1128 3865 1242 3913 ideo
1265 3863 1350 3912 Ci·
1440 3857 1859 3925 diligentissimum
1887 3855 2057 3904 salutis
2082 3872 2204 3904 mee
2216 3878 2259 3902 a..

330 3961 518 4014 coronis
543 3952 727 4005 inimici
749 3949 950 3999 Plancio
975 3943 1278 3996 invidebant.
1509 3955 1563 4002 9.
1587 3937 1783 3986 Judices
1800 3971 1817 3992 ‚
1857 3949 2033 4006 neque,
2052 3949 2256 3998 exn-ogo.
2302 3937 2475 3983 Buff-25.

398 4043 450 4093 6.
491 4039 633 4086 Esset
675 4027 910 4094 infestior.
966 4028 1025 4074 In
1070 4021 1350 4073 discrimine
1438 4035 1633 4086 uneqne
1652 4031 1855 4082 mogo,
1880 4013 2075 4080 judices
2088 4035 2133 4062 a.
