2594 4537
496 246 1237 349 COMMENTARIUS
1289 277 1607 349 scHoL.
1661 280 2051 351 AMBRos,
2114 238 2120 243 ⁷
2197 280 2341 354 605

274 400 609 460 suffecerat
666 397 823 456 enim
864 397 939 457 de
986 417 1057 455 ea
1098 398 1362 457 oratione
1405 398 1618 457 dixisse
1637 437 1654 471 ,
1686 418 1802 478 qua
1849 402 1942 459 vel
1981 404 2203 461 senatui
2240 406 2354 463 vel

172 497 429 576 populo
456 496 669 573 gratias
692 494 845 573 egit(
857 494 925 573 ι).
945 498 999 553 N
1002 514 1112 553 unc
1133 508 1325 553 autem
1353 507 1412 554 et
1436 495 1510 554 de
1529 495 1796 556 versibus
1815 498 1932 556 suis
1954 498 2142 557 facere
2171 520 2335 559 men-

184 597 423 653 tionem
452 594 707 663 videtur,
742 610 891 670 quos
932 592 1394 671 intempestivum
1438 593 1513 652 sit
1551 594 1612 651 in
1635 594 1902 671 judiciali
1927 594 2332 656 dissertatione

184 692 461 749 recitare.
490 694 627 750 Non
661 690 855 768 potuit
884 702 1076 747 tamen
1100 688 1163 747 in
1188 701 1375 747 totum
1405 686 1479 749 de
1508 691 1558 747 is
1579 690 1664 770 (a)
1682 702 1892 751 tacere.
1917 696 2066 752 Nam
2096 694 2169 753 de
2188 715 2334 753 con-

181 790 393 849 sulatu
420 808 528 847 suo
556 789 787 867 scripsit
811 787 1043 867 poetico
1076 803 1262 847 metro
1278 832 1293 860 ,
1323 808 1456 866 quae
1481 788 1626 847 mihi
1646 789 1923 849 videntur
1949 812 2130 871 opera
2149 793 2339 852 minus

180 888 379 965 (ligna
422 888 553 946 talis
584 887 700 947 viri
728 887 963 946 nomine
986 886 1086 969 (3).

295 1032 553 1109 XXXI.
599 1062 657 1107 1.
696 1042 877 1109 Nam
923 1037 1127 1109 istius
1162 1035 1404 1123 verbi,
1445 1061 1816 1123 Quousomz
1861 1006 2145 1136 poterat
2183 1030 2336 1112 haec

180 1173 359 1222 esse
400 1147 689 1219 invidia.
730 1152 958 1219 Datus
1002 1161 1111 1219 est
1151 1144 1284 1218 tibi
1320 1148 1442 1219 ille
1476 1175 1493 1217 :
1531 1174 1686 1220 non
1721 1146 1893 1221 facis
1929 1148 2174 1223 finem.

286 1360 305 1377 .
331 1363 348 1375 .
372 1362 385 1377 .
412 1362 426 1374 .
463 1316 637 1379 Unde
668 1337 787 1395 quo
816 1317 1007 1376 minus
1036 1316 1348 1396 impudens
1383 1317 1696 1377 -videretur
1736 1318 1861 1376 haec
1901 1322 2333 1398 compensativa

180 1416 491 1485 defensio,
516 1414 745 1474 dicente
776 1416 1118 1488 Laterense,
1144 1433 1451 1491 quousque
1477 1413 1566 1474 vis
1605 1428 1866 1473 servatos
1906 1434 2027 1475 esse
2059 1434 2205 1493 quos
2238 1418 2334 1475 di·—

178 1515 367 1593 ligis?
398 1518 474 1573 Et
497 1531 610 1591 pro
638 1512 839 1592 Cispio
874 1532 1107 1572 causam
1150 1512 1380 1571 dicente
1420 1514 1503 1571 sic
1548 1512 1793 1591 rogasti,
1827 1526 1884 1570 et
1907 1511 2178 1591 precibus
2223 1506 2334 1572 tuis

182 1611 478 1671 ambitum
504 1630 669 1689 paene
696 1610 963 1681 movisti3
994 1611 1270 1688 opposuit
1294 1610 1680 1669 acutissimam
1705 1608 2140 1688 responsionem
2156 1638 2188 1680 ‚·
2205 1629 2335 1669 me-

182 1710 313 1768 rito
349 1708 475 1765 haec
517 1707 593 1766 ab
635 1727 709 1765 eo
750 1706 865 1765 dici
893 1703 977 1787 (4)
1022 1707 1278 1785 potuisse
1322 1726 1496 1783 quem
1547 1708 1694 1764 Urbs
1717 1707 1972 1765 Romulo
1997 1725 2334 1784 comparas-

185 1817 285 1865 set
308 1804 409 1885 (⁵).
456 1808 644 1863 Porro
677 1819 869 1864 autem
902 1824 1084 1882 quum
1128 1824 1241 1884 pro
1280 1803 1481 1884 'Cispio
1515 1824 1634 1863 non
1685 1802 2006 1863 obtinuerit
2023 1846 2039 1873 ,
2087 1804 2180 1863 vel
2222 1824 2333 1883 pro

184 1905 313 1962 hoc
350 1901 620 1962 obtinere
648 1900 897 1975 debere,
924 1901 1028 1979 qui
1066 1915 1127 1959 et
1155 1900 1434 1959 innocens
1465 1901 1564 1973 sit,
1593 1913 1652 1958 et
1673 1898 1747 1959 de
1790 1901 1990 1961 salutis
2031 1920 2150 1959 suae
2189 1921 2334 1959 con-

183 1999 522 2059 servatione
540 2000 693 2058 bene
711 1999 969 2057 meritus»
984 1996 1401 2059 Animadverte
1420 2014 1539 2076 quo
1561 1996 1856 2055 modestiae
1877 2010 2332 2077 temperamento

184 2098 323 2155 haec
362 2110 738 2175 exsequatur,
786 2109 853 2155 ut
880 2095 1030 2154 nihil
1054 2094 1456 2174 impudentiae,
1501 2095 1746 2155 multum
1790 2094 2088 2172 religionis
2119 2095 2332 2155 habeat

181 2207 403 2253 oratio.

294 2361 357 2410 α.
396 2341 511 2412 Sic
546 2340 740 2412 enim
775 2337 1047 2411 dixisti:
1086 2338 1237 2410 vidi
1273 2359 1410 2433 ego
1445 2348 1644 2407 tuam
1683 2333 2167 2432 lacrymulam.

259 2604 342 2671 (1)
359 2601 709 2656 considerent
743 2599 889 2653 hunc
918 2597 1075 2653 etiam
1102 2599 1279 2651 locum
1301 2596 1340 2649 ii
1374 2596 1692 2666 recentiores
1715 2595 1910 2656 critici,
1943 2595 2065 2652 lieet
2098 2599 2330 2668 summi,

180 2689 284 2761 qui
309 2688 567 2740 orationes
584 2697 705 2759 post
721 2683 849 2739 Red.
870 2685 924 2737 in
941 2683 1069 2736 Sen.
1086 2691 1139 2736 et
1154 2683 1223 2736 ad
1242 2681 1402 2748 Quir.
1421 2681 1667 2736 Ciceroni
1694 2679 2024 2753 abjudicant.

262 2774 345 2841 (π)
366 2772 447 2823 Ita
466 2767 583 2823 cod.
607 2773 667 2822 is.
692 2769 785 2820 Est
804 2779 984 2822 autem
1013 2765 1097 2819 vel
1121 2785 1221 2838 pro
1241 2767 1342 2830 Iu's,
1369 2765 1450 2817 uti
1474 2766 1629 2819 nobis
1665 2764 1944 2818 videbatur
1975 2762 2044 2819 ad
2073 2779 2206 2820 orat.
2230 2787 2331 2840 pro

180 2853 386 2917 Tullio,
418 2853 479 2921 3,
516 2853 597 2906 vel
626 2871 727 2926 pro
768 2855 848 2913 iis,
869 2851 1035 2906 veluti
1062 2853 1189 2901 idem
1213 2868 1315 2922 pro
1337 2853 1483 2902 iidem
1510 2850 1566 2901 in
1588 2859 1721 2900 orat.
1763 2847 1819 2898 in
1856 2845 2009 2900 Clod.
2038 2860 2092 2901 et
2118 2851 2243 2903 Cur.
2281 2853 2335 2919 5,

186 2947 241 3003 4.
268 2938 413 2992 Sane
438 2942 646 2992 constat
662 2977 677 3000 ‚
706 2947 907 2990 veteres
930 2933 1186 2988 iotaciami
1210 2931 1414 2988 vitandi
1435 2950 1591 2985 causa
1611 2930 1979 3002 pronuntiasse
2013 2947 2152 3003 sape
2173 2951 2332 2986 unam

185 3029 207 3076 i
232 3041 333 3094 pro
350 3021 579 3077 duabus.
599 3019 740 3074 Vide
764 3020 1080 3086 Quintilian.
1106 3017 1279 3070 Instit.
1303 3017 1358 3082 1,
1385 3015 1437 3083 5,
1461 3015 1641 3088 ibique
1669 3023 1852 3078 notas,
1871 3031 1972 3067 nec
1999 3031 2106 3066 non
2132 3015 2330 3071 Isidor.

182 3109 255 3160 Et
296 3126 371 3159 m.
399 3107 427 3158 1
444 3144 461 3172 ‚
493 3107 583 3159 32.

256 3128 343 3260 {3)
364 3188 521 3244 Haud
540 3190 611 3244 ita
630 3187 871 3262 loquitur
896 3198 1077 3241 noster
1100 3190 1357 3256 interpres
1373 3224 1389 3251 ,
1413 3181 1558 3256 quod
1588 3183 1726 3234 sorte
1751 3191 1903 3253 putet
1925 3179 2169 3252 spurium
2195 3182 2334 3238 illud

184 3275 462 3330 Ciceronis
487 3292 694 3346 poema.
720 3273 859 3326 Nam
889 3277 1003 3344 ipse
1038 3270 1227 3324 Cicero
1250 3287 1319 3322 ex
1351 3287 1416 3321 eo
1445 3283 1628 3320 versus
1657 3267 1726 3336 78
1758 3265 1985 3318 inseruit
2015 3265 2151 3318 libro
2178 3267 2205 3318 1
2225 3306 2239 3330 ,
2261 3267 2330 3322 de

181 3360 539 3423 Divinatione,
573 3371 765 3431 praeter
790 3357 962 3412 Servii
989 3355 1354 3409 auctoritatem
1371 3351 1443 3405 ad
1455 3349 1666 3422 Virgilii
1691 3349 2042 3421 Eclog.VI11‚
2067 3353 2183 3403 106.
2211 3349 2329 3405 Hoc

182 3457 396 3500 tantum
415 3445 671 3515 interpres
693 3441 979 3515 significat,
1005 3459 1114 3493 non
1148 3437 1319 3492 videri
1343 3436 1446 3491 sibi
1468 3452 1632 3508 opera
1651 3433 1856 3506 poetica
1885 3451 2031 3505 oeque
2057 3431 2221 3504 digna
2243 3436 2329 3488 Ci-

182 3548 412 3594 cerone,
446 3547 508 3581 ac
552 3546 615 3580 ea
661 3545 782 3600 quae
828 3525 1001 3579 soluta
1040 3519 1282 3578 oratione
1329 3519 1527 3593 scripta
1564 3530 1718 3598 sunt:
1755 3516 1902 3590 quod
1949 3517 2102 3570 facile
2154 3518 2327 3589 quivis

182 3607 463 3667 concedet.

251 3699 333 3852 {23
358 3693 729 3834 {ltdcovdidgtlt‘ilr
750 3779 949 3833 habere
970 3783 1291 3846 impetrasset.
1311 3774 1538 3828 Romulo
1565 3784 1740 3826 autem
1771 3781 2104 3842 comparatus
2133 3780 2209 3822 est
2241 3769 2330 3821 Ci-

180 3885 309 3920 cero
329 3906 344 3931 ,
376 3882 544 3936 quum
574 3865 645 3915 ob
674 3881 977 3935 oppressam
1002 3861 1241 3916 Catilina
1268 3862 1690 3926 conjurationem
1731 3858 1890 3924 patris
1916 3856 2102 3923 patriae
2127 3871 2326 3907 nomen

180 3947 578 4003 obtinuit.Vide
599 3948 854 4014 Plinium,
872 3947 998 4009 vn,
1034 3965 1151 4018 cap.
1184 3952 1244 3998 31
1270 3965 1286 4010 ;
1315 3944 1553 3998 Juvenal.
1592 3942 1764 4014 Satyr.
1787 3939 1942 4002 vm,
1974 3944 2108 4006 2443
2129 3937 2329 3991 Plutar-

188 4038 353 4090 chum
376 4035 431 4086 in
459 4032 734 4086 Cicerone.
