2594 4537
314 286 1046 359 GOMENTARIUS
1094 283 1411 357 scnoL.
1460 282 1841 353 AMBROS.
2054 307 2140 379 77

119 416 180 471 M.
201 414 352 471 Cato
379 410 484 469 ille
507 409 802 469 censorius
829 421 890 469 et
917 408 1049 467 Tib.
1075 408 1473 469 Coruncanius
1494 406 1849 486 (1)}fuerunt
1888 428 1921 467 e
1948 410 2145 469 muni-

69 507 170 585 cipio
189 508 538 568 Tusculano,
578 506 808 566 Manius
834 526 1016 585 porro
1046 508 1284 575 Curius,
1312 506 1416 585 qui
1456 506 1527 565 de
1551 506 1897 566 Samnitibus
1930 508 2142 567 trium-

71 606 204 683 phavit
219 650 238 680 ‚
277 605 513 667 Sabinis
534 604 816 664 oriundus
841 605 1094 675 videtur,
1114 604 1219 664 ubi
1243 606 1417 664 etiam
1444 606 1638 664 foculo
1662 605 1913 664 assidens
1939 627 2144 665 aurum

72 704 176 779 quod
197 704 315 763 sibi
341 704 540 762 hostes
566 702 903 762 obtulerunt
931 702 1291 782 repudiavit,
1330 702 1621 762 consessus
1648 717 1852 763 votum
1885 704 1994 763 sibi
2026 724 2147 763 esse

71 802 402 881 praecipuum,
434 821 556 860 non
580 816 650 860 ut
675 800 802 880 ipse
833 800 1044 880 opibus
1075 802 1368 873 afflueret,
1396 800 1500 859 sed
1526 814 1591 859 ut
1618 802 1943 881 pecuniosis
1969 801 2147 862 hosti-

71 895 142 957 bus
159 900 464 979 imperaret
485 897 589 977 (α).

135 1106 300 1174 VIII.
343 1125 406 1172 1.
440 1104 567 1172 Est
601 1102 794 1173 enim
829 1104 984 1201 ipse
1011 1115 1343 1173 materno
1380 1126 1642 1199 genere
1680 1106 2149 1203 municipalis.

124 1266 235 1337 Quo
279 1263 370 1321 sin
399 1274 590 1322 totum
621 1260 922 1322 destruere
949 1282 1068 1322 non
1093 1262 1318 1342 potuit,
1366 1284 1439 1322 ex
1468 1277 1635 1342 parte
1663 1263 1957 1327 destruxit.
2002 1273 2153 1329 Nam

76 1356 252 1418 familiae
274 1360 514 1419 Manliae
541 1360 756 1419 veteris
787 1360 1016 1439 egregia
1041 1358 1315 1419 nobilitas
1344 1360 1635 1420 eminebat
1651 1404 1670 1435 ‚
1710 1362 1811 1421 sed
1840 1377 2154 1425 maternum

74 1472 206 1530 genus
230 1455 568 1515 humilitate
579 1454 666 1536 (3)
689 1468 931 1516 conatus
957 1469 1046 1515 est
1075 1478 1089 1513 ε
1119 1457 1283 1534 quasi
1305 1477 1424 1515 non
1446 1459 1521 1517 sit
1548 1458 1633 1518 illi
1657 1458 1729 1517 ad
1756 1460 2030 1539 originem
2055 1484 2159 1542 pa-

75 1552 209 1611 mutis
233 1552 532 1630 utriusque
559 1550 810 1631 dignitas
833 1554 1136 1613 vetustatis
1167 1554 1423 1631 aequalis.
1450 1566 1455 1569 “

141 1783 200 1827 2.
248 1758 753 1830 Honestissimi
795 1758 1115 1855 generi5‚
1153 1756 1280 1829 sed
1312 1772 1555 1832 tamen
1588 1762 1942 1834 Asculani.

129 1913 388 1971 Asculum
419 1912 626 1971 civitas
664 1925 753 1972 est
789 1912 851 1971 in
889 1913 1134 1987 Picen0,
1168 1913 1325 1973 unde
1364 1914 1533 1973 etiam
1568 1915 1857 1994 principia
1888 1915 2020 1974 belli
2060 1937 2157 1975 so-

79 2005 198 2066 cialis
220 2022 486 2068 arserunt
507 2006 612 2089 (4).

147 2192 204 2263 3.
247 2194 400 2266 Nisi
445 2192 633 2266 forte
679 2195 956 2293 regium
999 2192 1136 2266 tibi
1175 2193 1461 2265 videtur
1495 2196 1597 2266 ita
1633 2197 1889 2265 vivere.
1952 2216 2017 2273 Et
2064 2236 2164 2274 re-

83 2301 284 2381 liquum.

131 2431 346 2487 Decore
375 2441 438 2487 et
462 2427 576 2487 hoc
604 2447 737 2487 cum
767 2427 1122 2488 sublimitate
1151 2426 1418 2486 maximae
1437 2425 1520 2508 (5)
1548 2427 1734 2486 laudis
1762 2428 2025 2506 impletur
2054 2451 2069 2488 τ
2099 2451 2167 2490 ea

82 2522 348 2583 ostendens
372 2523 562 2583 inesse
591 2522 854 2583 moribus
876 2523 1014 2597 suis,
1033 2513 1169 2606 'qu'ae
1193 2544 1315 2581 non
1342 2524 1736 2604 congruentia,
1760 2524 1862 2584 sed
1891 2528 2167 2586 contraria

82 2617 164 2678 sint
185 2623 354 2701 regiae
382 2620 706 2701 cupiditati.

152 2801 264 2870 lx.
331 2821 392 2868 1.
437 2801 614 2894 Ego·
639 2797 858 2867 tantis
911 2819 956 2866 a
997 2818 1114 2867 me
1158 2793 1531 2867 beneficiis
1575 2797 1651 2866 in
1704 2821 1857 2895 rep.
1896 2802 2168 2895 posim,

85 2907 124 2974 si
155 2906 428 2979 nullum
466 2905 665 2978 aliud
705 2906 883 2977 mihi
920 2904 1294 3004 praemium
1332 2904 1429 2976 ab
1464 2922 1720 2979 senatu
1758 2909 2166 3008 populoque

88 3165 204 3217 eaput
227 3157 294 3205 33
330 3155 392 3206 de
413 3155 550 3205 Viris
571 3155 752 3205 illustr.
777 3157 932 3204 Porro
956 3155 1054 3204 hoc
1089 3156 1230 3206 Curii
1266 3157 1466 3205 Dentati
1495 3172 1775 3220 praenomen
1802 3175 1905 3206 non
1934 3159 1985 3206 in
2012 3169 2165 3209 nostro

91 3243 240 3288 butum
261 3241 432 3290 codice
446 3275 463 3302 ,
497 3241 581 3290 sed
607 3243 662 3290 in
685 3241 793 3290 aliis
809 3241 976 3289 multis
997 3250 1213 3289 veterum
1239 3241 1439 3306 scriptis
1460 3253 1550 3290 ant
1566 3252 1853 3307 corruptum
1869 3276 1885 3303 ,
1900 3253 1987 3292 ant
2002 3245 2168 3294 virium

91 3329 160 3368 at.
173 3320 290 3373 Vid'e
317 3326 382 3375 ad
401 3325 592 3374 Aurelii
612 3325 830 3374 Victoris
855 3325 1022 3373 locum
1049 3326 1268 3374 citatum.
1290 3327 1359 3376 A.
1374 3326 1449 3374 M.

141 3417 210 3483 (ι)
234 3421 354 3472 cod.
390 3444 416 3464 ι
431 3422 554 3471 Teb.
575 3421 926 3471 Gonane-niun
945 3442 994 3470 n.
1019 3420 1118 3469 Sed
1137 3420 1374 3468 mendum
1409 3422 1670 3486 corrigitur
1696 3437 1723 3470 a
1752 3433 1893 3472 textu
1922 3426 2171 3489 enpeiore.

91 3501 262 3552 (hauni-
278 3516 438 3554 uutem
461 3505 672 3554 censorii
703 3515 753 3553 et
775 3504 890 3553 Tib.
908 3505 1206 3554 Coruncanii
1227 3519 1305 3552 ree
1332 3514 1479 3568 gestae
1515 3506 1689 3569 passim
1728 3506 2031 3554 celebrantur
2042 3507 2171 3572 apud

93 3597 274 3636 romane
295 3588 514 3638 historia
535 3590 818 3654 scriptores.
843 3590 908 3638 A.
929 3589 1003 3638 M.

151 3681 218 3747 (α)
239 3684 372 3734 Idem
397 3685 460 3734 de
483 3686 636 3736 Curio
657 3695 858 3734 narrant
877 3685 1054 3734 Cicero
1071 3685 1134 3734 de
1153 3687 1345 3734 Senect.
1369 3701 1481 3750 cap.
1501 3685 1589 3746 153
1603 3685 1768 3733 Valet.
1787 3687 1921 3736 Max.
1938 3687 2023 3745 Ν,
2043 3692 2078 3747 2,
2106 3688 2137 3736 5
2156 3705 2171 3749 ;

99 3763 243 3818 Ans-01.
261 3769 392 3819 Viet.
417 3769 480 3817 de
497 3769 634 3818 Viris
657 3769 842 3819 illustr.
861 3784 968 3834 cap.
987 3769 1074 3818 33.
1096 3772 1162 3818 Δ..
1181 3770 1256 3818 Μ.

157 3845 224 3912 (3)
255 3851 382 3902 nota
397 3851 694 3903 vocabulum
713 3852 1014 3902 humilitate.
1041 3853 1106 3904 A.
1125 3853 1203 3901 M.

159 3928 228 3996 (4)
250 3935 364 3986 ιω
385 3947 550 3986 namt
575 3937 856 4002 Appianas,
876 3936 1001 3987 neu.
1021 3935 1124 3987 civ.
1143 3937 1199 3997 1,
1223 3935 1313 3985 33.
1344 3935 1407 3984 A.
1422 3935 1496 3985 M.

163 4011 228 4077 (5)
249 4017 368 4069 eod.
395 4017 630 4068 rna-time.
657 4019 721 4068 A.
737 4021 811 4068 M.
