<?xml version="1.0" encoding="UTF-8"?>
<!DOCTYPE html PUBLIC "-//W3C//DTD XHTML 1.0 Transitional//EN"
    "http://www.w3.org/TR/xhtml1/DTD/xhtml1-transitional.dtd">
<html xmlns="http://www.w3.org/1999/xhtml" xml:lang="en" lang="en">
 <head>
  <title>
</title>
<meta http-equiv="Content-Type" content="text/html;charset=utf-8" />
  <meta name='ocr-system' content='tesseract 3.04.00' />
  <meta name='ocr-capabilities' content='ocr_page ocr_carea ocr_par ocr_line ocrx_word'/>
</head>
<body>
  <div class='ocr_page' id='page_1' title='image "./mtciceronisquae05lemagoog_0136.png"; bbox 0 0 2594 4537; ppageno 0'>
   <div class='ocr_carea' id='block_1_1' title="bbox 390 249 2078 368">
    <p class='ocr_par' dir='ltr' id='par_1_1' title="bbox 390 249 2078 368">
     <span class='ocr_line' id='line_1_1' title="bbox 390 249 2078 368; baseline 0.001 -18"><span class='ocrx_word' id='word_1_1' title='bbox 390 305 415 349; x_wconf 92' lang='lat'>1</span> <span class='ocrx_word' id='word_1_2' title='bbox 432 283 523 368; x_wconf 55' lang='grc' dir='ltr'><strong>αι.</strong></span> <span class='ocrx_word' id='word_1_3' title='bbox 780 283 880 354; x_wconf 83' lang='lat' dir='ltr'><strong>IN</strong></span> <span class='ocrx_word' id='word_1_4' title='bbox 920 284 1464 356; x_wconf 77' lang='lat' dir='ltr'><strong>ORATIONEM</strong></span> <span class='ocrx_word' id='word_1_5' title='bbox 1512 249 1691 355; x_wconf 75' lang='lat' dir='ltr'><strong>Pno</strong></span> <span class='ocrx_word' id='word_1_6' title='bbox 1739 279 2078 352; x_wconf 75' lang='lat' dir='ltr'><strong>ARcmA</strong></span> 
     </span>
    </p>
   </div>
   <div class='ocr_carea' id='block_1_2' title="bbox 372 411 2565 688">
    <p class='ocr_par' dir='ltr' id='par_1_2' title="bbox 372 411 2565 688">
     <span class='ocr_line' id='line_1_2' title="bbox 452 411 2565 495; baseline 0.004 -25"><span class='ocrx_word' id='word_1_7' title='bbox 452 415 620 470; x_wconf 83' lang='lat' dir='ltr'><strong>Alter</strong></span> <span class='ocrx_word' id='word_1_8' title='bbox 644 411 767 491; x_wconf 87' lang='lat' dir='ltr'><strong>ejus</strong></span> <span class='ocrx_word' id='word_1_9' title='bbox 792 414 999 474; x_wconf 84' lang='lat' dir='ltr'><strong>Octavi</strong></span> <span class='ocrx_word' id='word_1_10' title='bbox 1025 415 1201 488; x_wconf 85' lang='lat' dir='ltr'><strong>filius,</strong></span> <span class='ocrx_word' id='word_1_11' title='bbox 1223 436 1396 494; x_wconf 88' lang='lat' dir='ltr'><strong>quem</strong></span> <span class='ocrx_word' id='word_1_12' title='bbox 1417 430 1552 495; x_wconf 88' lang='lat' dir='ltr'><strong>post</strong></span> <span class='ocrx_word' id='word_1_13' title='bbox 1571 415 1792 474; x_wconf 83' lang='lat' dir='ltr'><strong>bellum</strong></span> <span class='ocrx_word' id='word_1_14' title='bbox 1819 415 1988 475; x_wconf 79' lang='lat' dir='ltr'><strong>civile</strong></span> <span class='ocrx_word' id='word_1_15' title='bbox 2009 433 2210 493; x_wconf 85' lang='lat' dir='ltr'><strong>nuper.</strong></span> <span class='ocrx_word' id='word_1_16' title='bbox 2221 414 2500 493; x_wconf 85' lang='lat' dir='ltr'><strong>collegam</strong></span> <span class='ocrx_word' id='word_1_17' title='bbox 2564 477 2565 480; x_wconf 73' lang='grc'>,</span> 
     </span>
     <span class='ocr_line' id='line_1_3' title="bbox 373 511 2565 593; baseline 0.002 -25"><span class='ocrx_word' id='word_1_18' title='bbox 373 529 541 568; x_wconf 88' lang='lat' dir='ltr'><strong>suum</strong></span> <span class='ocrx_word' id='word_1_19' title='bbox 568 514 636 568; x_wconf 91' lang='lat' dir='ltr'><strong>L.</strong></span> <span class='ocrx_word' id='word_1_20' title='bbox 661 511 844 569; x_wconf 85' lang='lat' dir='ltr'><strong>Cinna</strong></span> <span class='ocrx_word' id='word_1_21' title='bbox 865 511 1054 570; x_wconf 81' lang='lat' dir='ltr'><strong>victor</strong></span> <span class='ocrx_word' id='word_1_22' title='bbox 1080 511 1293 571; x_wconf 88' lang='lat' dir='ltr'><strong>occidit</strong></span> <span class='ocrx_word' id='word_1_23' title='bbox 1309 511 1430 593; x_wconf 89' lang='lat'>(1);</span> <span class='ocrx_word' id='word_1_24' title='bbox 1456 515 1601 572; x_wconf 86' lang='lat' dir='ltr'><strong>alter</strong></span> <span class='ocrx_word' id='word_1_25' title='bbox 1625 532 1768 571; x_wconf 85' lang='lat' dir='ltr'><strong>vero</strong></span> <span class='ocrx_word' id='word_1_26' title='bbox 1795 517 1901 572; x_wconf 93' lang='lat' dir='ltr'><strong>Cn.</strong></span> <span class='ocrx_word' id='word_1_27' title='bbox 1929 511 2204 573; x_wconf 81' lang='lat' dir='ltr'><strong>Octavius</strong></span> <span class='ocrx_word' id='word_1_28' title='bbox 2221 517 2298 569; x_wconf 83' lang='lat' dir='ltr'><strong>M.</strong></span> <span class='ocrx_word' id='word_1_29' title='bbox 2317 516 2498 572; x_wconf 81' lang='lat' dir='ltr'><strong>Octa—</strong></span> <span class='ocrx_word' id='word_1_30' title='bbox 2563 553 2565 560; x_wconf 64' lang='lat'>‹</span> 
     </span>
     <span class='ocr_line' id='line_1_4' title="bbox 372 607 2170 688; baseline 0.001 -23"><span class='ocrx_word' id='word_1_31' title='bbox 372 607 471 666; x_wconf 79' lang='lat' dir='ltr'><strong>vio</strong></span> <span class='ocrx_word' id='word_1_32' title='bbox 501 619 667 686; x_wconf 87' lang='lat' dir='ltr'><strong>patre</strong></span> <span class='ocrx_word' id='word_1_33' title='bbox 699 607 800 686; x_wconf 90' lang='lat' dir='ltr'><strong>qui</strong></span> <span class='ocrx_word' id='word_1_34' title='bbox 826 611 1183 670; x_wconf 89' lang='lat' dir='ltr'><strong>consulatum</strong></span> <span class='ocrx_word' id='word_1_35' title='bbox 1207 631 1340 670; x_wconf 89' lang='lat' dir='ltr'><strong>cum</strong></span> <span class='ocrx_word' id='word_1_36' title='bbox 1366 609 1672 672; x_wconf 88' lang='lat' dir='ltr'><strong>Scribonio</strong></span> <span class='ocrx_word' id='word_1_37' title='bbox 1700 610 1955 670; x_wconf 80' lang='lat' dir='ltr'>Curione</span> <span class='ocrx_word' id='word_1_38' title='bbox 1980 609 2170 688; x_wconf 84' lang='lat' dir='ltr'><strong>gessit.</strong></span> 
     </span>
    </p>
   </div>
   <div class='ocr_carea' id='block_1_3' title="bbox 470 789 2426 864">
    <p class='ocr_par' dir='ltr' id='par_1_3' title="bbox 470 789 2426 864">
     <span class='ocr_line' id='line_1_5' title="bbox 470 789 2426 864; baseline 0 -4"><span class='ocrx_word' id='word_1_39' title='bbox 470 813 583 860; x_wconf 90' lang='lat'><strong>10.</strong></span> <span class='ocrx_word' id='word_1_40' title='bbox 613 792 703 861; x_wconf 92' lang='lat' dir='ltr'><strong>Et</strong></span> <span class='ocrx_word' id='word_1_41' title='bbox 742 795 1091 864; x_wconf 88' lang='lat' dir='ltr'><strong>Catonem</strong></span> <span class='ocrx_word' id='word_1_42' title='bbox 1132 806 1205 864; x_wconf 90' lang='lat' dir='ltr'><strong>et</strong></span> <span class='ocrx_word' id='word_1_43' title='bbox 1245 806 1472 863; x_wconf 88' lang='lat' dir='ltr'><strong>totam</strong></span> <span class='ocrx_word' id='word_1_44' title='bbox 1507 794 2059 864; x_wconf 88' lang='lat' dir='ltr'><strong>Hortensiorum</strong></span> <span class='ocrx_word' id='word_1_45' title='bbox 2105 789 2426 861; x_wconf 89' lang='lat' dir='ltr'><strong>domum.</strong></span> 
     </span>
    </p>
   </div>
   <div class='ocr_carea' id='block_1_4' title="bbox 362 947 2565 1614">
    <p class='ocr_par' dir='ltr' id='par_1_4' title="bbox 362 947 2565 1614">
     <span class='ocr_line' id='line_1_6' title="bbox 440 947 2486 1029; baseline 0 -23"><span class='ocrx_word' id='word_1_46' title='bbox 440 951 669 1007; x_wconf 83' lang='lat' dir='ltr'><strong>Patrem</strong></span> <span class='ocrx_word' id='word_1_47' title='bbox 696 949 931 1008; x_wconf 86' lang='lat' dir='ltr'><strong>Catonis</strong></span> <span class='ocrx_word' id='word_1_48' title='bbox 961 949 1241 1028; x_wconf 85' lang='lat' dir='ltr'><strong>significat</strong></span> <span class='ocrx_word' id='word_1_49' title='bbox 1273 949 1396 1027; x_wconf 87' lang='lat' dir='ltr'><strong>ejus</strong></span> <span class='ocrx_word' id='word_1_50' title='bbox 1410 993 1428 1023; x_wconf 90' lang='lat'><strong>,</strong></span> <span class='ocrx_word' id='word_1_51' title='bbox 1473 949 1576 1028; x_wconf 88' lang='lat' dir='ltr'><strong>qui</strong></span> <span class='ocrx_word' id='word_1_52' title='bbox 1607 969 1666 1008; x_wconf 88' lang='lat' dir='ltr'><strong>se</strong></span> <span class='ocrx_word' id='word_1_53' title='bbox 1698 961 1834 1029; x_wconf 85' lang='lat' dir='ltr'><strong>post</strong></span> <span class='ocrx_word' id='word_1_54' title='bbox 1859 948 2026 1008; x_wconf 81' lang='lat' dir='ltr'><strong>civile</strong></span> <span class='ocrx_word' id='word_1_55' title='bbox 2055 947 2278 1007; x_wconf 89' lang='lat' dir='ltr'><strong>bellum</strong></span> <span class='ocrx_word' id='word_1_56' title='bbox 2305 949 2486 1008; x_wconf 82' lang='lat' dir='ltr'><strong>Uticae</strong></span> 
     </span>
     <span class='ocr_line' id='line_1_7' title="bbox 373 1044 2488 1127; baseline 0.001 -25"><span class='ocrx_word' id='word_1_57' title='bbox 373 1045 678 1104; x_wconf 78' lang='lat' dir='ltr'><strong>interfecit.</strong></span> <span class='ocrx_word' id='word_1_58' title='bbox 703 1050 774 1104; x_wconf 88' lang='lat' dir='ltr'><strong>L.</strong></span> <span class='ocrx_word' id='word_1_59' title='bbox 795 1047 1106 1106; x_wconf 83' lang='lat' dir='ltr'><strong>Hortensio</strong></span> <span class='ocrx_word' id='word_1_60' title='bbox 1120 1044 1203 1127; x_wconf 78' lang='lat' dir='ltr'><strong>(a)</strong></span> <span class='ocrx_word' id='word_1_61' title='bbox 1229 1061 1422 1106; x_wconf 87' lang='lat' dir='ltr'><strong>autem</strong></span> <span class='ocrx_word' id='word_1_62' title='bbox 1434 1046 1730 1123; x_wconf 79' lang='lat' dir='ltr'><strong>filiusfuit</strong></span> <span class='ocrx_word' id='word_1_63' title='bbox 1751 1052 1822 1121; x_wconf 92' lang='lat' dir='ltr'><strong>Q.</strong></span> <span class='ocrx_word' id='word_1_64' title='bbox 1843 1045 2204 1118; x_wconf 77' lang='lat' dir='ltr'><strong>HortensiuS‚</strong></span> <span class='ocrx_word' id='word_1_65' title='bbox 2231 1046 2332 1123; x_wconf 89' lang='lat' dir='ltr'><strong>qui</strong></span> <span class='ocrx_word' id='word_1_66' title='bbox 2353 1059 2488 1104; x_wconf 83' lang='lat' dir='ltr'><strong>tem-</strong></span> 
     </span>
     <span class='ocr_line' id='line_1_8' title="bbox 370 1140 2490 1223; baseline 0 -23"><span class='ocrx_word' id='word_1_67' title='bbox 370 1140 611 1219; x_wconf 86' lang='lat' dir='ltr'><strong>poribus</strong></span> <span class='ocrx_word' id='word_1_68' title='bbox 633 1145 720 1201; x_wconf 80' lang='lat' dir='ltr'><strong>M.</strong></span> <span class='ocrx_word' id='word_1_69' title='bbox 746 1144 933 1212; x_wconf 87' lang='lat' dir='ltr'><strong>Tulli,</strong></span> <span class='ocrx_word' id='word_1_70' title='bbox 959 1144 1217 1223; x_wconf 87' lang='lat' dir='ltr'><strong>quamvis</strong></span> <span class='ocrx_word' id='word_1_71' title='bbox 1241 1156 1410 1203; x_wconf 80' lang='lat' dir='ltr'><strong>aetate</strong></span> <span class='ocrx_word' id='word_1_72' title='bbox 1434 1144 1802 1223; x_wconf 83' lang='lat' dir='ltr'><strong>provectior,</strong></span> <span class='ocrx_word' id='word_1_73' title='bbox 1828 1164 1938 1201; x_wconf 85' lang='lat' dir='ltr'><strong>non</strong></span> <span class='ocrx_word' id='word_1_74' title='bbox 1960 1142 2044 1222; x_wconf 83' lang='lat'><strong>(3)</strong></span> <span class='ocrx_word' id='word_1_75' title='bbox 2079 1155 2272 1202; x_wconf 87' lang='lat' dir='ltr'><strong>tamen</strong></span> <span class='ocrx_word' id='word_1_76' title='bbox 2305 1143 2490 1200; x_wconf 82' lang='lat' dir='ltr'><strong>famo-</strong></span> 
     </span>
     <span class='ocr_line' id='line_1_9' title="bbox 365 1237 2488 1324; baseline 0.001 -28"><span class='ocrx_word' id='word_1_77' title='bbox 365 1237 507 1310; x_wconf 88' lang='lat' dir='ltr'><strong>sior,</strong></span> <span class='ocrx_word' id='word_1_78' title='bbox 546 1239 794 1299; x_wconf 83' lang='lat' dir='ltr'><strong>oratoris</strong></span> <span class='ocrx_word' id='word_1_79' title='bbox 832 1260 1043 1300; x_wconf 86' lang='lat' dir='ltr'><strong>nomen</strong></span> <span class='ocrx_word' id='word_1_80' title='bbox 1082 1240 1356 1300; x_wconf 88' lang='lat' dir='ltr'><strong>obtinuit.</strong></span> <span class='ocrx_word' id='word_1_81' title='bbox 1400 1241 1665 1300; x_wconf 86' lang='lat' dir='ltr'><strong>Densitas</strong></span> <span class='ocrx_word' id='word_1_82' title='bbox 1702 1241 1880 1320; x_wconf 84' lang='lat' dir='ltr'><strong>igitur</strong></span> <span class='ocrx_word' id='word_1_83' title='bbox 1907 1240 2031 1299; x_wconf 79' lang='lat' dir='ltr'><strong>haee</strong></span> <span class='ocrx_word' id='word_1_84' title='bbox 2060 1241 2454 1319; x_wconf 85' lang='lat' dir='ltr'><strong>exemplorum</strong></span> <span class='ocrx_word' id='word_1_85' title='bbox 2471 1301 2488 1324; x_wconf 65' lang='lat'><strong>‚</strong></span> 
     </span>
     <span class='ocr_line' id='line_1_10' title="bbox 366 1335 2494 1419; baseline 0.001 -27"><span class='ocrx_word' id='word_1_86' title='bbox 366 1353 497 1412; x_wconf 84' lang='lat' dir='ltr'><strong>quae</strong></span> <span class='ocrx_word' id='word_1_87' title='bbox 519 1335 594 1395; x_wconf 81' lang='lat' dir='ltr'><strong>ad</strong></span> <span class='ocrx_word' id='word_1_88' title='bbox 619 1355 893 1414; x_wconf 82' lang='lat' dir='ltr'><strong>personas</strong></span> <span class='ocrx_word' id='word_1_89' title='bbox 922 1337 1150 1398; x_wconf 89' lang='lat' dir='ltr'><strong>nobiles</strong></span> <span class='ocrx_word' id='word_1_90' title='bbox 1175 1339 1429 1398; x_wconf 84' lang='lat' dir='ltr'><strong>refertur</strong></span> <span class='ocrx_word' id='word_1_91' title='bbox 1439 1338 1541 1419; x_wconf 77' lang='lat'><strong>(4),</strong></span> <span class='ocrx_word' id='word_1_92' title='bbox 1573 1339 1816 1398; x_wconf 88' lang='lat' dir='ltr'><strong>multum</strong></span> <span class='ocrx_word' id='word_1_93' title='bbox 1844 1339 2116 1417; x_wconf 62' lang='lat' dir='ltr'><strong>praesenti</strong></span> <span class='ocrx_word' id='word_1_94' title='bbox 2139 1338 2368 1416; x_wconf 87' lang='lat' dir='ltr'><strong>negotio</strong></span> <span class='ocrx_word' id='word_1_95' title='bbox 2395 1358 2494 1416; x_wconf 88' lang='lat' dir='ltr'><strong>pa-</strong></span> 
     </span>
     <span class='ocr_line' id='line_1_11' title="bbox 366 1431 2488 1522; baseline 0 -33"><span class='ocrx_word' id='word_1_96' title='bbox 366 1431 705 1507; x_wconf 88' lang='lat' dir='ltr'><strong>trocinatur,</strong></span> <span class='ocrx_word' id='word_1_97' title='bbox 736 1449 803 1494; x_wconf 89' lang='lat' dir='ltr'><strong>ut</strong></span> <span class='ocrx_word' id='word_1_98' title='bbox 832 1437 1078 1498; x_wconf 75' lang='lat' dir='ltr'><strong>Archias</strong></span> <span class='ocrx_word' id='word_1_99' title='bbox 1109 1449 1196 1494; x_wconf 91' lang='lat' dir='ltr'><strong>tot</strong></span> <span class='ocrx_word' id='word_1_100' title='bbox 1222 1436 1420 1496; x_wconf 87' lang='lat' dir='ltr'><strong>amicis</strong></span> <span class='ocrx_word' id='word_1_101' title='bbox 1444 1449 1504 1494; x_wconf 90' lang='lat' dir='ltr'><strong>et</strong></span> <span class='ocrx_word' id='word_1_102' title='bbox 1527 1447 1644 1494; x_wconf 85' lang='lat' dir='ltr'><strong>tam</strong></span> <span class='ocrx_word' id='word_1_103' title='bbox 1667 1434 1987 1494; x_wconf 86' lang='lat' dir='ltr'><strong>illustribus</strong></span> <span class='ocrx_word' id='word_1_104' title='bbox 2015 1435 2186 1494; x_wconf 85' lang='lat' dir='ltr'><strong>nixus</strong></span> <span class='ocrx_word' id='word_1_105' title='bbox 2211 1455 2488 1522; x_wconf 69' lang='lat' dir='ltr'><strong>perquam</strong></span> 
     </span>
     <span class='ocr_line' id='line_1_12' title="bbox 362 1525 2565 1614; baseline 0.001 -26"><span class='ocrx_word' id='word_1_106' title='bbox 362 1529 529 1591; x_wconf 80' lang='lat' dir='ltr'><strong>facile</strong></span> <span class='ocrx_word' id='word_1_107' title='bbox 554 1534 641 1590; x_wconf 78' lang='lat' dir='ltr'><strong>ad</strong></span> <span class='ocrx_word' id='word_1_108' title='bbox 657 1532 941 1594; x_wconf 84' lang='lat' dir='ltr'><strong>honorem</strong></span> <span class='ocrx_word' id='word_1_109' title='bbox 965 1534 1209 1594; x_wconf 79' lang='lat' dir='ltr'><strong>civitatis</strong></span> <span class='ocrx_word' id='word_1_110' title='bbox 1236 1554 1490 1594; x_wconf 84' lang='lat' dir='ltr'><strong>romanae</strong></span> <span class='ocrx_word' id='word_1_111' title='bbox 1520 1533 1778 1614; x_wconf 89' lang='lat' dir='ltr'><strong>potuerit</strong></span> <span class='ocrx_word' id='word_1_112' title='bbox 1804 1533 2124 1612; x_wconf 86' lang='lat' dir='ltr'><strong>pervenire.</strong></span> <span class='ocrx_word' id='word_1_113' title='bbox 2564 1525 2565 1530; x_wconf 62' lang='grc'>’</span> 
     </span>
    </p>
   </div>
   <div class='ocr_carea' id='block_1_5' title="bbox 367 1713 2565 1896">
    <p class='ocr_par' dir='ltr' id='par_1_5' title="bbox 367 1713 2565 1896">
     <span class='ocr_line' id='line_1_13' title="bbox 460 1713 2565 1812; baseline -0.001 -28"><span class='ocrx_word' id='word_1_114' title='bbox 460 1715 582 1784; x_wconf 88' lang='lat' dir='ltr'><strong>IV.</strong></span> <span class='ocrx_word' id='word_1_115' title='bbox 630 1713 763 1785; x_wconf 89' lang='lat' dir='ltr'><strong>Hic</strong></span> <span class='ocrx_word' id='word_1_116' title='bbox 796 1728 880 1785; x_wconf 90' lang='lat' dir='ltr'><strong>tu</strong></span> <span class='ocrx_word' id='word_1_117' title='bbox 905 1713 1185 1786; x_wconf 85' lang='lat' dir='ltr'><strong>tabulas</strong></span> <span class='ocrx_word' id='word_1_118' title='bbox 1220 1713 1580 1788; x_wconf 90' lang='lat' dir='ltr'><strong>desideres</strong></span> <span class='ocrx_word' id='word_1_119' title='bbox 1597 1731 1682 1812; x_wconf 85' lang='lat'><strong>(5)</strong></span> <span class='ocrx_word' id='word_1_120' title='bbox 1705 1713 2294 1804; x_wconf 88' lang='lat' dir='ltr'><strong>Heracliensium,</strong></span> <span class='ocrx_word' id='word_1_121' title='bbox 2318 1735 2492 1812; x_wconf 84' lang='lat' dir='ltr'><strong>quas</strong></span> <span class='ocrx_word' id='word_1_122' title='bbox 2564 1739 2565 1742; x_wconf 43' lang='lat'>¹</span> 
     </span>
     <span class='ocr_line' id='line_1_14' title="bbox 367 1822 2565 1896; baseline 0.005 -4"><span class='ocrx_word' id='word_1_123' title='bbox 367 1822 699 1894; x_wconf 88' lang='lat' dir='ltr'><strong>interisse</strong></span> <span class='ocrx_word' id='word_1_124' title='bbox 742 1826 1007 1896; x_wconf 89' lang='lat' dir='ltr'><strong>scimus</strong></span> <span class='ocrx_word' id='word_1_125' title='bbox 1046 1848 1319 1896; x_wconf 88' lang='lat' dir='ltr'><strong>omnes.</strong></span> <span class='ocrx_word' id='word_1_126' title='bbox 2564 1825 2565 1838; x_wconf 69' lang='grc'>’</span> 
     </span>
    </p>
   </div>
   <div class='ocr_carea' id='block_1_6' title="bbox 367 1971 2565 2226">
    <p class='ocr_par' dir='ltr' id='par_1_6' title="bbox 367 1971 2565 2226">
     <span class='ocr_line' id='line_1_15' title="bbox 446 1971 2565 2051; baseline -0.001 -20"><span class='ocrx_word' id='word_1_127' title='bbox 446 1973 518 2031; x_wconf 86' lang='lat' dir='ltr'><strong>Id</strong></span> <span class='ocrx_word' id='word_1_128' title='bbox 549 1973 708 2051; x_wconf 90' lang='lat' dir='ltr'><strong>quod</strong></span> <span class='ocrx_word' id='word_1_129' title='bbox 735 1973 962 2034; x_wconf 82' lang='lat' dir='ltr'><strong>derivat</strong></span> <span class='ocrx_word' id='word_1_130' title='bbox 993 1976 1055 2038; x_wconf 89' lang='lat' dir='ltr'><strong>in</strong></span> <span class='ocrx_word' id='word_1_131' title='bbox 1084 1975 1256 2034; x_wconf 90' lang='lat' dir='ltr'><strong>aliam</strong></span> <span class='ocrx_word' id='word_1_132' title='bbox 1288 1994 1548 2045; x_wconf 86' lang='lat' dir='ltr'><strong>causam,</strong></span> <span class='ocrx_word' id='word_1_133' title='bbox 1587 1993 1702 2051; x_wconf 88' lang='lat' dir='ltr'><strong>qua</strong></span> <span class='ocrx_word' id='word_1_134' title='bbox 1733 1972 2003 2032; x_wconf 83' lang='lat' dir='ltr'><strong>effectum</strong></span> <span class='ocrx_word' id='word_1_135' title='bbox 2030 1972 2104 2030; x_wconf 93' lang='lat' dir='ltr'><strong>sit</strong></span> <span class='ocrx_word' id='word_1_136' title='bbox 2129 1991 2203 2030; x_wconf 90' lang='lat' dir='ltr'><strong>ne</strong></span> <span class='ocrx_word' id='word_1_137' title='bbox 2235 1971 2488 2030; x_wconf 82' lang='lat' dir='ltr'><strong>exhiberi</strong></span> <span class='ocrx_word' id='word_1_138' title='bbox 2564 2019 2565 2028; x_wconf 70' lang='grc'>,</span> 
     </span>
     <span class='ocr_line' id='line_1_16' title="bbox 367 2066 2488 2151; baseline -0.002 -24"><span class='ocrx_word' id='word_1_139' title='bbox 367 2087 524 2127; x_wconf 82' lang='lat' dir='ltr'><strong>verae</strong></span> <span class='ocrx_word' id='word_1_140' title='bbox 569 2083 804 2148; x_wconf 88' lang='lat' dir='ltr'><strong>possent</strong></span> <span class='ocrx_word' id='word_1_141' title='bbox 818 2115 836 2144; x_wconf 90' lang='lat'><strong>,</strong></span> <span class='ocrx_word' id='word_1_142' title='bbox 878 2070 942 2130; x_wconf 92' lang='lat' dir='ltr'><strong>id</strong></span> <span class='ocrx_word' id='word_1_143' title='bbox 989 2083 1076 2130; x_wconf 93' lang='lat' dir='ltr'><strong>est</strong></span> <span class='ocrx_word' id='word_1_144' title='bbox 1090 2114 1108 2144; x_wconf 90' lang='lat'><strong>,</strong></span> <span class='ocrx_word' id='word_1_145' title='bbox 1155 2083 1402 2151; x_wconf 84' lang='lat' dir='ltr'><strong>propter</strong></span> <span class='ocrx_word' id='word_1_146' title='bbox 1443 2068 1774 2128; x_wconf 87' lang='lat' dir='ltr'><strong>incendium</strong></span> <span class='ocrx_word' id='word_1_147' title='bbox 1816 2068 1976 2147; x_wconf 91' lang='lat' dir='ltr'><strong>quod</strong></span> <span class='ocrx_word' id='word_1_148' title='bbox 2025 2080 2300 2127; x_wconf 84' lang='lat' dir='ltr'><strong>evenerat</strong></span> <span class='ocrx_word' id='word_1_149' title='bbox 2342 2066 2488 2125; x_wconf 88' lang='lat' dir='ltr'><strong>bello</strong></span> 
     </span>
     <span class='ocr_line' id='line_1_17' title="bbox 368 2165 587 2226; baseline 0 -1"><span class='ocrx_word' id='word_1_150' title='bbox 368 2165 587 2226; x_wconf 87' lang='lat' dir='ltr'><strong>sociali.</strong></span> 
     </span>
    </p>
   </div>
   <div class='ocr_carea' id='block_1_7' title="bbox 460 2354 1992 2459">
    <p class='ocr_par' dir='ltr' id='par_1_7' title="bbox 460 2354 1992 2459">
     <span class='ocr_line' id='line_1_18' title="bbox 460 2354 1992 2459; baseline 0.001 -30"><span class='ocrx_word' id='word_1_151' title='bbox 460 2362 549 2429; x_wconf 86' lang='lat' dir='ltr'><strong>V.</strong></span> <span class='ocrx_word' id='word_1_152' title='bbox 599 2384 656 2429; x_wconf 90' lang='lat'><strong>1.</strong></span> <span class='ocrx_word' id='word_1_153' title='bbox 694 2359 985 2431; x_wconf 86' lang='lat' dir='ltr'><strong>Gabinii</strong></span> <span class='ocrx_word' id='word_1_154' title='bbox 1016 2358 1369 2459; x_wconf 88' lang='lat' dir='ltr'><strong>quamdiu</strong></span> <span class='ocrx_word' id='word_1_155' title='bbox 1404 2360 1788 2431; x_wconf 88' lang='lat' dir='ltr'><strong>incolumis</strong></span> <span class='ocrx_word' id='word_1_156' title='bbox 1833 2354 1992 2431; x_wconf 82' lang='lat' dir='ltr'><strong>fuit.</strong></span> 
     </span>
    </p>
   </div>
   <div class='ocr_carea' id='block_1_8' title="bbox 346 2504 2565 2783">
    <p class='ocr_par' dir='ltr' id='par_1_8' title="bbox 346 2504 2565 2783">
     <span class='ocr_line' id='line_1_19' title="bbox 444 2504 2484 2587; baseline -0.001 -23"><span class='ocrx_word' id='word_1_157' title='bbox 444 2506 627 2565; x_wconf 76' lang='lat' dir='ltr'><strong>Aulus</strong></span> <span class='ocrx_word' id='word_1_158' title='bbox 666 2506 946 2567; x_wconf 87' lang='lat' dir='ltr'><strong>Gabinius</strong></span> <span class='ocrx_word' id='word_1_159' title='bbox 981 2507 1285 2568; x_wconf 86' lang='lat' dir='ltr'><strong>damnatus</strong></span> <span class='ocrx_word' id='word_1_160' title='bbox 1313 2510 1502 2568; x_wconf 83' lang='lat' dir='ltr'><strong>fuerat</strong></span> <span class='ocrx_word' id='word_1_161' title='bbox 1532 2508 1606 2569; x_wconf 91' lang='lat' dir='ltr'><strong>de</strong></span> <span class='ocrx_word' id='word_1_162' title='bbox 1641 2508 1900 2587; x_wconf 88' lang='lat' dir='ltr'><strong>pecuniis</strong></span> <span class='ocrx_word' id='word_1_163' title='bbox 1940 2508 2308 2587; x_wconf 85' lang='lat' dir='ltr'><strong>repetundis,</strong></span> <span class='ocrx_word' id='word_1_164' title='bbox 2339 2504 2484 2585; x_wconf 89' lang='lat' dir='ltr'><strong>quod</strong></span> 
     </span>
     <span class='ocr_line' id='line_1_20' title="bbox 346 2602 2565 2683; baseline 0 -22"><span class='ocrx_word' id='word_1_165' title='bbox 346 2602 619 2682; x_wconf 84' lang='lat' dir='ltr'><strong>-acceptis</strong></span> <span class='ocrx_word' id='word_1_166' title='bbox 654 2603 854 2662; x_wconf 86' lang='lat' dir='ltr'><strong>decem</strong></span> <span class='ocrx_word' id='word_1_167' title='bbox 882 2604 1135 2663; x_wconf 87' lang='lat' dir='ltr'><strong>millibus</strong></span> <span class='ocrx_word' id='word_1_168' title='bbox 1175 2605 1462 2678; x_wconf 14' lang='lat' dir='ltr'><strong>talentum!</strong></span> <span class='ocrx_word' id='word_1_169' title='bbox 1491 2604 1563 2663; x_wconf 90' lang='lat' dir='ltr'><strong>ab</strong></span> <span class='ocrx_word' id='word_1_170' title='bbox 1594 2624 1729 2683; x_wconf 85' lang='lat' dir='ltr'><strong>rege</strong></span> <span class='ocrx_word' id='word_1_171' title='bbox 1751 2606 2092 2678; x_wconf 87' lang='lat' dir='ltr'><strong>Ptolemaeo,</strong></span> <span class='ocrx_word' id='word_1_172' title='bbox 2134 2604 2364 2665; x_wconf 81' lang='lat' dir='ltr'><strong>duxisse</strong></span> <span class='ocrx_word' id='word_1_173' title='bbox 2393 2623 2484 2662; x_wconf 88' lang='lat' dir='ltr'><strong>ro-</strong></span> <span class='ocrx_word' id='word_1_174' title='bbox 2564 2638 2565 2647; x_wconf 29' lang='grc' dir='ltr'><strong>κ</strong></span> 
     </span>
     <span class='ocr_line' id='line_1_21' title="bbox 369 2701 1806 2783; baseline -0.001 -24"><span class='ocrx_word' id='word_1_175' title='bbox 369 2720 602 2783; x_wconf 83' lang='lat' dir='ltr'><strong>manum</strong></span> <span class='ocrx_word' id='word_1_176' title='bbox 630 2702 943 2761; x_wconf 84' lang='lat' dir='ltr'><strong>exercitum</strong></span> <span class='ocrx_word' id='word_1_177' title='bbox 968 2702 1030 2760; x_wconf 89' lang='lat' dir='ltr'><strong>in</strong></span> <span class='ocrx_word' id='word_1_178' title='bbox 1054 2706 1368 2781; x_wconf 79' lang='lat' dir='ltr'><strong>AEgyptum</strong></span> <span class='ocrx_word' id='word_1_179' title='bbox 1392 2702 1684 2761; x_wconf 86' lang='lat' dir='ltr'><strong>diceretur</strong></span> <span class='ocrx_word' id='word_1_180' title='bbox 1706 2701 1806 2782; x_wconf 89' lang='grc'>(6).</span> 
     </span>
    </p>
   </div>
   <div class='ocr_carea' id='block_1_9' title="bbox 473 2878 1551 2977">
    <p class='ocr_par' dir='ltr' id='par_1_9' title="bbox 473 2878 1551 2977">
     <span class='ocr_line' id='line_1_22' title="bbox 473 2878 1551 2977; baseline -0.002 -28"><span class='ocrx_word' id='word_1_181' title='bbox 473 2902 538 2949; x_wconf 80' lang='lat'><strong>2.</strong></span> <span class='ocrx_word' id='word_1_182' title='bbox 591 2881 864 2950; x_wconf 88' lang='lat' dir='ltr'><strong>Census</strong></span> <span class='ocrx_word' id='word_1_183' title='bbox 902 2892 1188 2951; x_wconf 87' lang='lat' dir='ltr'><strong>nostros</strong></span> <span class='ocrx_word' id='word_1_184' title='bbox 1222 2878 1551 2977; x_wconf 84' lang='lat' dir='ltr'><strong>requiris.</strong></span> 
     </span>
    </p>
   </div>
   <div class='ocr_carea' id='block_1_10' title="bbox 370 3125 2565 4073">
    <p class='ocr_par' dir='ltr' id='par_1_10' title="bbox 375 3125 2478 3193">
     <span class='ocr_line' id='line_1_23' title="bbox 375 3125 2478 3193; baseline -0.003 -14"><span class='ocrx_word' id='word_1_185' title='bbox 375 3127 675 3193; x_wconf 82' lang='lat' dir='ltr'><strong>triumphum</strong></span> <span class='ocrx_word' id='word_1_186' title='bbox 712 3126 774 3177; x_wconf 74' lang='lat' dir='ltr'><strong>dc</strong></span> <span class='ocrx_word' id='word_1_187' title='bbox 805 3127 1143 3178; x_wconf 74' lang='lat' dir='ltr'><strong>Mithridatico</strong></span> <span class='ocrx_word' id='word_1_188' title='bbox 1186 3126 1320 3177; x_wconf 82' lang='lat' dir='ltr'><strong>bello</strong></span> <span class='ocrx_word' id='word_1_189' title='bbox 1363 3126 1596 3177; x_wconf 78' lang='lat' dir='ltr'><strong>describit</strong></span> <span class='ocrx_word' id='word_1_190' title='bbox 1627 3126 1913 3177; x_wconf 68' lang='lat' dir='ltr'><strong>Plutarchus</strong></span> <span class='ocrx_word' id='word_1_191' title='bbox 1950 3127 2005 3176; x_wconf 87' lang='lat' dir='ltr'><strong>in</strong></span> <span class='ocrx_word' id='word_1_192' title='bbox 2038 3128 2271 3179; x_wconf 85' lang='lat' dir='ltr'><strong>Lucullo.</strong></span> <span class='ocrx_word' id='word_1_193' title='bbox 2311 3129 2372 3177; x_wconf 79' lang='lat' dir='ltr'><strong>A.</strong></span> <span class='ocrx_word' id='word_1_194' title='bbox 2416 3125 2478 3173; x_wconf 82' lang='grc' dir='ltr'><strong>Μ.</strong></span> 
     </span>
    </p>

    <p class='ocr_par' dir='ltr' id='par_1_11' title="bbox 370 3212 2476 3370">
     <span class='ocr_line' id='line_1_24' title="bbox 441 3212 2476 3281; baseline -0.001 -15"><span class='ocrx_word' id='word_1_195' title='bbox 441 3212 523 3279; x_wconf 80' lang='grc' dir='ltr'><strong>(ι)</strong></span> <span class='ocrx_word' id='word_1_196' title='bbox 542 3216 683 3266; x_wconf 83' lang='lat' dir='ltr'><strong>Idem</strong></span> <span class='ocrx_word' id='word_1_197' title='bbox 702 3227 867 3265; x_wconf 75' lang='lat' dir='ltr'><strong>narrat</strong></span> <span class='ocrx_word' id='word_1_198' title='bbox 884 3217 1128 3266; x_wconf 53' lang='lat' dir='ltr'><strong>„conius</strong></span> <span class='ocrx_word' id='word_1_199' title='bbox 1145 3215 1208 3266; x_wconf 74' lang='lat' dir='ltr'><strong>ad</strong></span> <span class='ocrx_word' id='word_1_200' title='bbox 1230 3216 1500 3265; x_wconf 77' lang='lat' dir='ltr'><strong>orationem</strong></span> <span class='ocrx_word' id='word_1_201' title='bbox 1525 3232 1620 3281; x_wconf 84' lang='lat' dir='ltr'><strong>pro</strong></span> <span class='ocrx_word' id='word_1_202' title='bbox 1642 3218 1826 3266; x_wconf 79' lang='lat' dir='ltr'><strong>Scauro</strong></span> <span class='ocrx_word' id='word_1_203' title='bbox 1849 3216 1904 3265; x_wconf 85' lang='lat' dir='ltr'><strong>in</strong></span> <span class='ocrx_word' id='word_1_204' title='bbox 1930 3217 2024 3265; x_wconf 75' lang='lat' dir='ltr'><strong>hnc</strong></span> <span class='ocrx_word' id='word_1_205' title='bbox 2050 3226 2216 3266; x_wconf 76' lang='lat' dir='ltr'><strong>nostra</strong></span> <span class='ocrx_word' id='word_1_206' title='bbox 2243 3216 2446 3265; x_wconf 80' lang='lat' dir='ltr'><strong>editione</strong></span> <span class='ocrx_word' id='word_1_207' title='bbox 2461 3244 2476 3270; x_wconf 81' lang='lat'>‚</span> 
     </span>
     <span class='ocr_line' id='line_1_25' title="bbox 370 3304 772 3370; baseline 0 -17"><span class='ocrx_word' id='word_1_208' title='bbox 370 3320 481 3370; x_wconf 72' lang='lat' dir='ltr'><strong>pag.</strong></span> <span class='ocrx_word' id='word_1_209' title='bbox 504 3306 593 3353; x_wconf 80' lang='lat'><strong>30.</strong></span> <span class='ocrx_word' id='word_1_210' title='bbox 612 3304 675 3353; x_wconf 70' lang='lat' dir='ltr'><strong>A.</strong></span> <span class='ocrx_word' id='word_1_211' title='bbox 695 3304 772 3353; x_wconf 87' lang='grc' dir='ltr'><strong>Μ.</strong></span> 
     </span>
    </p>

    <p class='ocr_par' dir='ltr' id='par_1_12' title="bbox 371 3386 2565 3628">
     <span class='ocr_line' id='line_1_26' title="bbox 440 3386 2565 3461; baseline -0.004 -20"><span class='ocrx_word' id='word_1_212' title='bbox 440 3392 523 3461; x_wconf 81' lang='lat' dir='ltr'><strong>(a)</strong></span> <span class='ocrx_word' id='word_1_213' title='bbox 557 3391 732 3442; x_wconf 76' lang='lat' dir='ltr'><strong>Codex</strong></span> <span class='ocrx_word' id='word_1_214' title='bbox 764 3392 873 3441; x_wconf 70' lang='lat' dir='ltr'><strong>nic:</strong></span> <span class='ocrx_word' id='word_1_215' title='bbox 910 3412 939 3435; x_wconf 74' lang='grc' dir='ltr'>ι</span> <span class='ocrx_word' id='word_1_216' title='bbox 954 3392 1243 3441; x_wconf 77' lang='lat' dir='ltr'><strong>Hortensio.</strong></span> <span class='ocrx_word' id='word_1_217' title='bbox 1259 3402 1471 3441; x_wconf 74' lang='lat' dir='ltr'><strong>..autem</strong></span> <span class='ocrx_word' id='word_1_218' title='bbox 1495 3393 1564 3455; x_wconf 87' lang='lat' dir='ltr'><strong>Q.</strong></span> <span class='ocrx_word' id='word_1_219' title='bbox 1584 3392 1876 3442; x_wconf 77' lang='lat' dir='ltr'><strong>Hortensius</strong></span> <span class='ocrx_word' id='word_1_220' title='bbox 1890 3426 1907 3452; x_wconf 91' lang='lat'><strong>,</strong></span> <span class='ocrx_word' id='word_1_221' title='bbox 1943 3402 2041 3441; x_wconf 83' lang='lat' dir='ltr'><strong>etc.</strong></span> <span class='ocrx_word' id='word_1_222' title='bbox 2057 3414 2084 3434; x_wconf 76' lang='grc' dir='ltr'><strong>ι-</strong></span> <span class='ocrx_word' id='word_1_223' title='bbox 2123 3392 2294 3441; x_wconf 83' lang='lat' dir='ltr'><strong>relicto</strong></span> <span class='ocrx_word' id='word_1_224' title='bbox 2318 3386 2478 3455; x_wconf 70' lang='lat' dir='ltr'><strong>spatio.</strong></span> <span class='ocrx_word' id='word_1_225' title='bbox 2563 3436 2565 3453; x_wconf 42' lang='grc'>1</span> 
     </span>
     <span class='ocr_line' id='line_1_27' title="bbox 374 3478 2480 3545; baseline -0.003 -15"><span class='ocrx_word' id='word_1_226' title='bbox 374 3479 473 3530; x_wconf 82' lang='lat' dir='ltr'><strong>Sed</strong></span> <span class='ocrx_word' id='word_1_227' title='bbox 488 3478 815 3545; x_wconf 73' lang='lat' dir='ltr'><strong>supplendum</strong></span> <span class='ocrx_word' id='word_1_228' title='bbox 836 3478 950 3539; x_wconf 83' lang='lat' dir='ltr'><strong>fuit,</strong></span> <span class='ocrx_word' id='word_1_229' title='bbox 998 3489 1055 3527; x_wconf 87' lang='lat' dir='ltr'><strong>ut</strong></span> <span class='ocrx_word' id='word_1_230' title='bbox 1074 3479 1293 3529; x_wconf 57' lang='lat' dir='ltr'><strong>secamus.</strong></span> <span class='ocrx_word' id='word_1_231' title='bbox 1317 3481 1510 3529; x_wconf 73' lang='lat' dir='ltr'><strong>Patrem</strong></span> <span class='ocrx_word' id='word_1_232' title='bbox 1531 3489 1690 3528; x_wconf 79' lang='lat' dir='ltr'><strong>antem</strong></span> <span class='ocrx_word' id='word_1_233' title='bbox 1715 3478 1923 3529; x_wconf 75' lang='lat' dir='ltr'><strong>oratoris</strong></span> <span class='ocrx_word' id='word_1_234' title='bbox 1949 3479 2097 3529; x_wconf 75' lang='lat' dir='ltr'><strong>fuisse</strong></span> <span class='ocrx_word' id='word_1_235' title='bbox 2121 3480 2323 3528; x_wconf 74' lang='lat' dir='ltr'><strong>Lucium</strong></span> <span class='ocrx_word' id='word_1_236' title='bbox 2351 3484 2480 3526; x_wconf 73' lang='lat' dir='ltr'><strong>test·-</strong></span> 
     </span>
     <span class='ocr_line' id='line_1_28' title="bbox 371 3568 1503 3628; baseline -0.003 -7"><span class='ocrx_word' id='word_1_237' title='bbox 371 3580 453 3620; x_wconf 75' lang='lat' dir='ltr'><strong>tm·</strong></span> <span class='ocrx_word' id='word_1_238' title='bbox 472 3570 648 3621; x_wconf 77' lang='lat' dir='ltr'><strong>Cicero</strong></span> <span class='ocrx_word' id='word_1_239' title='bbox 674 3569 976 3628; x_wconf 68' lang='lat' dir='ltr'><strong>iuven-em,</strong></span> <span class='ocrx_word' id='word_1_240' title='bbox 997 3568 1088 3618; x_wconf 82' lang='lat' dir='ltr'><strong>lib.</strong></span> <span class='ocrx_word' id='word_1_241' title='bbox 1110 3571 1215 3627; x_wconf 87' lang='lat'><strong>111,</strong></span> <span class='ocrx_word' id='word_1_242' title='bbox 1244 3570 1327 3619; x_wconf 81' lang='lat'><strong>16.</strong></span> <span class='ocrx_word' id='word_1_243' title='bbox 1345 3570 1413 3619; x_wconf 79' lang='lat' dir='ltr'><strong>A.</strong></span> <span class='ocrx_word' id='word_1_244' title='bbox 1431 3570 1503 3618; x_wconf 96' lang='grc' dir='ltr'><strong>Μ.</strong></span> 
     </span>
    </p>

    <p class='ocr_par' dir='ltr' id='par_1_13' title="bbox 372 3653 2478 3809">
     <span class='ocr_line' id='line_1_29' title="bbox 443 3653 2478 3722; baseline -0.002 -15"><span class='ocrx_word' id='word_1_245' title='bbox 443 3653 521 3720; x_wconf 80' lang='grc'><strong>(3)</strong></span> <span class='ocrx_word' id='word_1_246' title='bbox 546 3656 613 3707; x_wconf 77' lang='grc' dir='ltr'><strong>Τὸ</strong></span> <span class='ocrx_word' id='word_1_247' title='bbox 642 3672 743 3705; x_wconf 76' lang='lat' dir='ltr'><strong>non</strong></span> <span class='ocrx_word' id='word_1_248' title='bbox 758 3656 893 3705; x_wconf 77' lang='lat' dir='ltr'><strong>abest</strong></span> <span class='ocrx_word' id='word_1_249' title='bbox 912 3670 939 3703; x_wconf 73' lang='lat' dir='ltr'><strong>a</strong></span> <span class='ocrx_word' id='word_1_250' title='bbox 960 3654 1131 3704; x_wconf 80' lang='lat' dir='ltr'><strong>codice</strong></span> <span class='ocrx_word' id='word_1_251' title='bbox 1144 3691 1161 3717; x_wconf 89' lang='lat'>‚</span> <span class='ocrx_word' id='word_1_252' title='bbox 1196 3655 1285 3705; x_wconf 69' lang='lat' dir='ltr'><strong>ned</strong></span> <span class='ocrx_word' id='word_1_253' title='bbox 1303 3656 1563 3706; x_wconf 77' lang='lat' dir='ltr'><strong>videbatur</strong></span> <span class='ocrx_word' id='word_1_254' title='bbox 1577 3655 1944 3722; x_wconf 76' lang='lat' dir='ltr'><strong>supplendum:</strong></span> <span class='ocrx_word' id='word_1_255' title='bbox 1967 3670 2083 3705; x_wconf 75' lang='lat' dir='ltr'><strong>nam</strong></span> <span class='ocrx_word' id='word_1_256' title='bbox 2097 3655 2288 3705; x_wconf 80' lang='lat' dir='ltr'><strong>Tullius</strong></span> <span class='ocrx_word' id='word_1_257' title='bbox 2305 3664 2454 3703; x_wconf 78' lang='lat' dir='ltr'><strong>revera</strong></span> <span class='ocrx_word' id='word_1_258' title='bbox 2466 3680 2478 3702; x_wconf 76' lang='grc'><strong>,</strong></span> 
     </span>
     <span class='ocr_line' id='line_1_30' title="bbox 372 3742 1710 3809; baseline 0 -16"><span class='ocrx_word' id='word_1_259' title='bbox 372 3744 591 3809; x_wconf 70' lang='lat' dir='ltr'><strong>quamvis</strong></span> <span class='ocrx_word' id='word_1_260' title='bbox 612 3745 797 3807; x_wconf 82' lang='lat' dir='ltr'><strong>junior,</strong></span> <span class='ocrx_word' id='word_1_261' title='bbox 820 3744 1085 3795; x_wconf 67' lang='lat' dir='ltr'><strong>Hortensio</strong></span> <span class='ocrx_word' id='word_1_262' title='bbox 1109 3742 1342 3793; x_wconf 68' lang='lat' dir='ltr'><strong>famodor</strong></span> <span class='ocrx_word' id='word_1_263' title='bbox 1367 3744 1536 3793; x_wconf 70' lang='lat' dir='ltr'><strong>evasit.</strong></span> <span class='ocrx_word' id='word_1_264' title='bbox 1555 3746 1618 3793; x_wconf 72' lang='lat' dir='ltr'><strong>A.</strong></span> <span class='ocrx_word' id='word_1_265' title='bbox 1637 3746 1710 3793; x_wconf 86' lang='grc' dir='ltr'><strong>Μ.</strong></span> 
     </span>
    </p>

    <p class='ocr_par' dir='ltr' id='par_1_14' title="bbox 448 3827 1817 3897">
     <span class='ocr_line' id='line_1_31' title="bbox 448 3827 1817 3897; baseline -0.001 -15"><span class='ocrx_word' id='word_1_266' title='bbox 448 3827 528 3895; x_wconf 75' lang='grc'><strong>(4)</strong></span> <span class='ocrx_word' id='word_1_267' title='bbox 553 3831 680 3882; x_wconf 79' lang='lat' dir='ltr'><strong>eod.</strong></span> <span class='ocrx_word' id='word_1_268' title='bbox 708 3855 735 3875; x_wconf 71' lang='grc' dir='ltr'><strong>α</strong></span> <span class='ocrx_word' id='word_1_269' title='bbox 750 3848 846 3896; x_wconf 79' lang='lat' dir='ltr'><strong>qne</strong></span> <span class='ocrx_word' id='word_1_270' title='bbox 866 3831 928 3881; x_wconf 74' lang='lat' dir='ltr'><strong>ad</strong></span> <span class='ocrx_word' id='word_1_271' title='bbox 948 3848 1177 3897; x_wconf 72' lang='lat' dir='ltr'><strong>personas</strong></span> <span class='ocrx_word' id='word_1_272' title='bbox 1203 3830 1432 3881; x_wconf 74' lang='lat' dir='ltr'><strong>nobilitas</strong></span> <span class='ocrx_word' id='word_1_273' title='bbox 1447 3833 1649 3882; x_wconf 73' lang='lat' dir='ltr'><strong>fertur».</strong></span> <span class='ocrx_word' id='word_1_274' title='bbox 1661 3834 1724 3882; x_wconf 82' lang='grc' dir='ltr'><strong>Δ.</strong></span> <span class='ocrx_word' id='word_1_275' title='bbox 1745 3833 1817 3881; x_wconf 98' lang='grc' dir='ltr'><strong>Μ.</strong></span> 
     </span>
    </p>

    <p class='ocr_par' dir='ltr' id='par_1_15' title="bbox 446 3916 1221 3982">
     <span class='ocr_line' id='line_1_32' title="bbox 446 3916 1221 3982; baseline 0.005 -15"><span class='ocrx_word' id='word_1_276' title='bbox 446 3916 526 3982; x_wconf 82' lang='grc'><strong>(5)</strong></span> <span class='ocrx_word' id='word_1_277' title='bbox 550 3920 629 3969; x_wconf 78' lang='lat' dir='ltr'><strong>Sic</strong></span> <span class='ocrx_word' id='word_1_278' title='bbox 646 3920 762 3971; x_wconf 77' lang='lat' dir='ltr'><strong>eod.</strong></span> <span class='ocrx_word' id='word_1_279' title='bbox 780 3920 1040 3971; x_wconf 74' lang='lat' dir='ltr'><strong>desideres.</strong></span> <span class='ocrx_word' id='word_1_280' title='bbox 1058 3924 1123 3971; x_wconf 72' lang='lat' dir='ltr'><strong>A.</strong></span> <span class='ocrx_word' id='word_1_281' title='bbox 1144 3922 1221 3971; x_wconf 92' lang='grc' dir='ltr'><strong>Μ.</strong></span> 
     </span>
    </p>

    <p class='ocr_par' dir='ltr' id='par_1_16' title="bbox 445 3998 2474 4073">
     <span class='ocr_line' id='line_1_33' title="bbox 445 3998 2474 4073; baseline -0.001 -17"><span class='ocrx_word' id='word_1_282' title='bbox 445 4004 524 4071; x_wconf 79' lang='lat'><strong>(6)</strong></span> <span class='ocrx_word' id='word_1_283' title='bbox 548 4007 704 4057; x_wconf 72' lang='lat' dir='ltr'><strong>Aulus</strong></span> <span class='ocrx_word' id='word_1_284' title='bbox 728 4006 967 4057; x_wconf 71' lang='lat' dir='ltr'><strong>Gabiniu-</strong></span> <span class='ocrx_word' id='word_1_285' title='bbox 986 4042 1004 4070; x_wconf 83' lang='lat'><strong>,</strong></span> <span class='ocrx_word' id='word_1_286' title='bbox 1042 4024 1121 4059; x_wconf 77' lang='lat' dir='ltr'><strong>an.</strong></span> <span class='ocrx_word' id='word_1_287' title='bbox 1140 4005 1289 4057; x_wconf 72' lang='lat' dir='ltr'><strong>Urbi·</strong></span> <span class='ocrx_word' id='word_1_288' title='bbox 1306 4008 1428 4071; x_wconf 81' lang='lat'><strong>605,</strong></span> <span class='ocrx_word' id='word_1_289' title='bbox 1454 4008 1764 4057; x_wconf 64' lang='lat' dir='ltr'><strong>Ptolemaeum</strong></span> <span class='ocrx_word' id='word_1_290' title='bbox 1787 3998 1839 4057; x_wconf 80' lang='lat' dir='ltr'><strong>in</strong></span> <span class='ocrx_word' id='word_1_291' title='bbox 1865 4010 2134 4073; x_wconf 75' lang='lat' dir='ltr'><strong>AEgyptum</strong></span> <span class='ocrx_word' id='word_1_292' title='bbox 2157 4022 2268 4056; x_wconf 75' lang='lat' dir='ltr'><strong>cum</strong></span> <span class='ocrx_word' id='word_1_293' title='bbox 2285 3998 2474 4055; x_wconf 65' lang='lat' dir='ltr'><strong>exercitu</strong></span> 
     </span>
    </p>
   </div>
  </div>
 </body>
</html>
