2594 4537
286 294 426 394 596
670 292 767 364 m
820 286 1378 367 oRArloNEM
1427 291 2020 367 PLANCIANAM

280 434 355 491 et
407 416 744 489 ferociter
795 413 983 485 dicta
1036 416 1644 486 commemorem?
1681 416 1974 487 Consuli
2023 420 2096 489 P.
2138 420 2432 491 Nasica-

276 526 845 626 praeco'Granius
868 524 944 593 in
970 523 1210 596 medio
1234 524 1395 597 foro
1413 580 1433 612 ‚
1461 548 1690 622 quum
1719 525 1837 597 ille
1867 525 2112 597 edicto·
2123 528 2430 622 justitio

274 637 575 709 domum
622 634 979 707 decedens
1012 642 1336 735 rogasset
1367 638 1764 725 Granium,
1807 634 1985 734 quid
2025 638 2255 709 tristis
2305 660 2426 709 es-

272 766 425 821 set:
467 775 560 821 an
604 746 805 846 quod
841 745 1543 841 rejectae'auc'tiones
1588 746 1875 818 essent?
1921 748 2156 817 Immo
2192 772 2430 837 vero,

274 862 552 958 inquit,
597 857 797 955 quod
836 857 1229 955 legationes
1257 868 1359 953 (ι).

350 1028 750 1089 Potentissime
791 1026 867 1088 ab
892 1029 1183 1107 ‘exemplis
1230 1028 1479 1106 qualitas
1526 1028 1794 1088 absoluta
1827 1031 2091 1089 firmatur
2109 1074 2126 1101 ,
2175 1030 2428 1089 licuisse

268 1124 502 1185 Plancio
532 1127 749 1185 seniori
779 1125 1045 1204 quaedam
1084 1124 1324 1183 liberius
1353 1124 1548 1183 dicere
1582 1144 1694 1205 pro
1743 1128 2016 1185 societate
2059 1126 2426 1206 publicano-

266 1242 427 1295 rum,
459 1224 563 1302 qui
593 1224 764 1281 etiam
796 1224 855 1281 in
885 1228 957 1297 Q.
986 1221 1303 1282 Scaevol'am
1340 1216 1500 1279 omni
1529 1223 1742 1281 virtute
1770 1222 2311 1301 praestantissimum
2331 1226 2428 1283 vi—

266 1342 399 1380 rum
436 1320 707 1380 fiduciam
735 1333 855 1380 suae
880 1318 1166 1379 libertatis
1193 1320 1499 1379 erexerint.
1531 1319 1679 1379 Inde
1713 1320 2065 1379 transcendit
2087 1319 2164 1380 ad
2207 1338 2426 1381 exem-

264 1420 429 1498 plum
467 1420 673 1483 famosi
710 1417 1003 1497 quondam
1022 1418 1313 1496 praeconis
1335 1421 1406 1489 Q.
1423 1417 1627 1477 Granii
1659 1430 1719 1475 et
1744 1418 2007 1497 apprime
2032 1416 2390 1479 dicacissimi
2403 1464 2426 1487 ,

263 1536 439 1594 quem
460 1536 640 1594 quum
656 1560 672 1587 ,
692 1516 883 1574 edicto
896 1514 1122 1592 justitio
1136 1556 1155 1586 ,
1176 1512 1237 1571 id
1259 1526 1374 1586 est,
1389 1512 1668 1592 praedicto
1696 1514 1756 1571 in
1773 1533 1900 1592 rep.
1913 1526 2183 1593 tempore
2205 1516 2316 1593 qui
2333 1516 2424 1594 (a)

263 1612 410 1670 nihil
440 1624 709 1689 ageretur
741 1610 993 1669 civilium
1026 1609 1422 1687 negotiorum,
1471 1600 1682 1668 Nasica
1711 1609 1911 1668 consul
1944 1611 2424 1689 compellavisset

262 1707 504 1768 obvium
548 1706 661 1767 sibi
694 1707 847 1765 forte
888 1707 1243 1778 venientem,
1286 1704 1640 1784 dixissetque
1663 1705 2004 1783 joculariter
2041 1706 2122 1787 (3)
2162 1731 2180 1765 z
2219 1712 2423 1768 Grani

260 1806 404 1883 quid
436 1806 615 1863 tristis
633 1806 728 1863 es?
746 1813 831 1862 An
855 1804 1015 1882 quod
1040 1803 1336 1862 auctiones
1353 1804 1584 1882 rejectae
1605 1806 1778 1862 sunt?
1801 1803 2055 1883 (Scimus
2075 1804 2230 1862 enim
2253 1826 2422 1884 prae·

260 1900 505 1961 conibus
530 1902 827 1959 auctiones
854 1901 1067 1962 fructui
1098 1920 1245 1972 esse,
1278 1899 1440 1977 quod
1469 1920 1578 1979 per
1617 1920 1719 1958 eos
1745 1901 1941 1959 omnia
1967 1900 2418 1975 distrahantur3

260 1999 363 2057 illo
392 2012 585 2057 autem
613 1998 844 2077 justitio
872 2016 979 2055 nec
1004 1996 1145 2075 ipsae
1175 2008 1452 2074 poterant
1481 1995 1779 2073 exerceri.)
1810 1997 1961 2055 Huic
1991 2000 2049 2055 P.
2079 1998 2350 2077 Scipioni
2380 2021 2420 2057 e

261 2096 555 2156 contrario
598 2116 718 2154 non
763 2095 887 2153 sine
918 2113 1116 2151 morsu
1148 2093 1432 2151 stomachi
1477 2092 1845 2171 respondisse
1897 2094 2180 2153 Granium
2209 2094 2366 2154 dicit
2397 2118 2416 2154 z

258 2200 446 2253 Immo
478 2194 612 2253 ideo
641 2192 817 2252 tristis
844 2212 999 2264 sum,
1032 2190 1191 2270 quod
1213 2190 1517 2270 legationis
1539 2188 1624 2270 (l.)
1650 2190 1880 2270 rejectae
1913 2192 2045 2251 sint.
2073 2192 2273 2251 Voluit
2301 2214 2416 2252 au-

262 2305 375 2350 tem
410 2291 697 2370 pudorem
726 2289 952 2349 Nasicae
978 2279 1230 2346 consulis
1261 2275 1647 2364 perstringere
1677 2286 1792 2345 hoc
1829 2287 2192 2347 amarissimo
2223 2287 2412 2350 dicto.

257 2393 406 2448 Nam
448 2387 763 2465 legationes
802 2384 877 2444 ab
911 2383 1162 2442 externis
1186 2383 1428 2461 populis
1465 2383 1652 2441 missae
1697 2381 1770 2441 ad
1821 2397 2088 2443 senatum
2133 2385 2410 2446 solebant

260 2485 523 2543 ordinari
548 2503 659 2563 pro
680 2483 978 2541 voluntate
1000 2479 1305 2538 consulum
1322 2497 1494 2556 :quas
1513 2479 1855 2558 plerumque
1881 2481 2091 2558 gratia,
2113 2501 2411 2542 nonnum·

263 2601 439 2658 quam
466 2595 526 2639 et
552 2592 790 2658 accepta
814 2579 1063 2656 pecunia
1090 2577 1356 2636 consules
1385 2575 1768 2645 ordinabant,
1803 2590 1871 2636 ut
1887 2579 2188 2638 introduci
2211 2580 2286 2640 ad
2311 2603 2408 2641 se—

258 2690 459 2737 natum
483 2689 738 2756 possent.

356 2845 544 2915 XIV.
584 2867 643 2912 1.
692 2840 895 2914 Idem
926 2840 1222 2913 tribuno
1249 2837 1450 2940 plebi
1477 2841 1982 2938 potentissimo
2001 2843 2102 2913 M.
2129 2844 2404 2914 Druso.

334 3007 409 3062 Et
433 3004 560 3062 haec
598 3001 871 3060 dicacitas
899 3001 1181 3080 praeconis
1208 3001 1372 3060 istius
1397 3021 1515 3060 non
1541 3003 1733 3060 minus
1759 2999 2104 3060 urbanitatis
2129 3002 2406 3086 habuisse

260 3102 491 3162 videtur
523 3113 701 3177 quam
728 3098 1067 3176 asperitatis
1091 3103 1243 3157 Nam
1266 3102 1351 3157 Μ.
1379 3097 1632 3158 Licinius
1655 3095 1737 3177 (5)
1763 3103 1988 3159 Drusus
2011 3117 2196 3176 quum
2219 3101 2404 3160 multa

324 3366 406 3433 (ι)
430 3357 703 3434 Optimam
724 3357 1009 3414 lectionem
1048 3362 1316 3428 legationes
1339 3370 1444 3431 pro
1471 3355 1685 3430 vulgata
1701 3361 1918 3428 legiones
1935 3357 2101 3411 habet
2128 3359 2284 3412 etiam
2301 3378 2400 3414 oo-

254 3449 357 3501 ‹lex
382 3442 716 3516 Thuringius
750 3443 899 3516 apud
924 3439 1215 3499 Graevium.

325 3535 401 3602 (²)
434 3533 533 3598 Qm'
560 3547 657 3597 pro
691 3545 805 3596 quo.

321 3617 399 3685 (3)
434 3615 584 3666 Voce
589 3614 885 3682 joculariter·
908 3608 1074 3662 utitur
1093 3609 1355 3664 Asconius
1382 3608 1451 3662 ad
1480 3608 1663 3673 Divin.
1686 3608 1913 3662 iuven-r.
1934 3607 2038 3662 XI.

320 3703 399 3767 (4)
428 3699 707 3764 Legationis
738 3713 837 3767 pro
865 3696 1139 3762 legationes
1167 3711 1318 3747 more
1347 3695 1599 3765 antiquo,
1628 3693 1776 3764 quod
1799 3705 1852 3747 et
1881 3692 2010 3747 alibi
2044 3692 2116 3747 de
2134 3694 2398 3748 similibus

246 3779 715 3832 terminationibus
740 3776 944 3831 notavi.

317 3863 397 3929 (5)
427 3863 588 3913 Recte
620 3860 940 3916 Garatonius
971 3860 1175 3915 notavit
1197 3860 1408 3932 lapsum
1437 3859 1768 3913 Ambrosiaui
1795 3859 2098 3930 interpretis
2123 3863 2262 3927 (sen
2297 3875 2396 3932 po·

246 3945 353 3995 tius
380 3945 746 4010 amanuensis)
772 3943 1045 3996 scribentis
1066 3945 1279 3995 Licinius
1315 3961 1413 4013 pro
1435 3947 1614 3997 Livius.
1635 3943 1703 3994 Et
1729 3941 1950 4014 quidem
1981 3946 2138 3994 Lis-im
2157 3943 2214 3995 in
2237 3944 2390 3996 Orat.

247 4027 275 4075 1
306 4041 405 4093 pro
430 4023 678 4076 Cornelio
709 4037 788 4076 est
809 4025 951 4096 apud
973 4025 1148 4098 ipsum
1189 4026 1476 4080 Asconium
1495 4067 1510 4094 ,
1541 4045 1702 4100 quem
1735 4043 1832 4078 nos
1857 4037 2138 4079 auctorem
2161 4027 2388 4078 Ambro-

246 4104 381 4156 siani
404 4108 771 4160 commentarii
806 4108 1180 4164 existimamus.
1209 4111 1330 4163 Jam
1363 4121 1416 4164 et
1455 4115 1568 4182 ipse
1603 4109 1861 4166 Asconius
1888 4128 2068 4164 secum
2099 4111 2392 4183 pugnavit,
