2594 4537
774 264 1550 347 PRAEFATIONES.
2090 278 2231 353 253

95 394 566 485 quibus'modo
599 394 996 485 disputatur.
1029 396 1106 460 In
1139 395 1242 459 his
1271 395 1423 459 satis
1458 396 1801 485 signorum
1836 414 1969 480 est,
1998 402 2231 467 seriam

97 526 236 566 rem
273 504 372 593 agi
403 525 419 566 :
461 518 622 585 sunt
666 500 776 565 hic
825 501 975 565 libri
1016 500 1319 588 aliquot,
1348 522 1569 564 rerum
1613 501 1827 589 pleni,
1876 507 2233 571 attentione

100 625 317 673 nostra
365 606 766 698 dignissimi,
800 630 968 697 quos
1006 606 1061 671 si
1104 622 1276 670 notoe
1322 606 1591 671 internae
1635 629 1771 672 non
1805 610 2227 690 convincant,

101 714 502 801 possessione
534 728 636 777 tot
669 712 1058 777 saeculorum
1075 758 1096 792 ,
1129 733 1327 799 quam
1358 711 1685 777 luculenta
1714 712 1837 779 illis
1866 716 2231 782 testimonia

101 820 456 901 vindicant,
492 816 768 899 dejicere
799 817 1043 882 durum
1075 817 1291 881 fuerit.

187 922 624 991 III.GeneraIe
641 936 1086 1017 argumentum·
1111 920 1495 987 Marklandi
1510 920 1593 986 de
1609 923 1777 1007 stylo
1800 927 2225 993 examinatur.

101 1031 344 1120 Nempe
381 1053 463 1095 eo
499 1050 679 1093 nunc
711 1027 1106 1093 veniendum
1142 1044 1240 1093 est
1262 1076 1280 1111 ,
1326 1044 1405 1092 ut
1432 1012 1795 1117 quaeramus
1814 1078 1832 1111 ,
1870 1031 2039 1097 sitne
2070 1054 2227 1121 pro·

101 1137 298 1201 latum
336 1134 696 1235 quidquam
717 1178 736 1217 ,
782 1133 962 1221 quod
1005 1132 1333 1214 abjudicet
1372 1134 1463 1198 Μ.
1505 1133 1721 1199 Tullio
1762 1152 2045 1226 quatuor
2076 1138 2229 1209 istas

105 1239 416 1302 orationes
435 1285 456 1319 ,
509 1236 582 1301 h.
633 1258 691 1300 e.
747 1234 930 1323 quod
973 1258 1109 1299 non
1159 1236 1449 1323 potuerit
1496 1235 1579 1300 ab
1621 1236 1733 1300 illo
1777 1236 2005 1319 scribi,
2045 1240 2231 1326 quod

105 1342 258 1407 adeo
291 1366 412 1408 nee
445 1343 764 1431 seriptum
793 1338 922 1405 sit?
949 1340 1234 1406 Multum
1265 1360 1341 1405 ea
1376 1341 1445 1405 in
1472 1363 1544 1405 re
1571 1362 1786 1429 operae
1811 1343 2031 1430 posuit
2056 1343 2231 1409 Mar·

107 1448 387 1515 klandus.
413 1448 766 1513 Videamus
785 1491 806 1531 ,
840 1469 922 1512 an
941 1496 962 1529 ,
998 1446 1180 1535 quod
1213 1447 1449 1531 voluit,
1480 1448 1843 1536 perfecerit.
1882 1448 1985 1513 Ne
2012 1466 2231 1517 autem

105 1555 288 1647 longa
335 1557 532 1622 nimis
578 1556 660 1620 sit
703 1571 771 1619 et
823 1555 1093 1619 molesta
1131 1553 1485 1643 disputatio
1499 1602 1517 1637 ,
1563 1576 1639 1619 ea
1680 1554 1959 1619 maxime
1998 1572 2233 1621 tracta-

30 1686 32 1689 *
107 1662 364 1745 buntur,
409 1686 558 1751 quoe
588 1661 910 1746 eminent,
950 1660 1134 1750 quod
1173 1662 1455 1750 speciem
1497 1660 1745 1726 habent
1788 1662 2070 1750 aliquam
2112 1686 2231 1729 ne·-

110 1770 438 1851 cessitatis3
484 1770 728 1858 quibus
761 1768 1082 1833 stantibus
1127 1784 1294 1833 stare
1334 1766 1493 1833 fides
1538 1784 1821 1857 quatuor
1860 1769 2232 1835 orationum

113 1897 232 1939 non
259 1894 493 1965 potest.
527 1876 864 1965 Siquidem
887 1875 1427 1940 asseverationem
1450 1874 1667 1943 videas
1693 1876 1814 1940 viri
1834 1874 2008 1941 docti
2024 1920 2044 1959 ‚
2074 1896 2232 1944 sunt

113 1980 172 2044 in
207 1982 322 2047 illis
365 1983 776 2047 orationibus
825 1982 971 2046 talia
1024 1981 1497 2046 sententiarum
1540 1996 1605 2045 et
1646 1981 1997 2047 verborum
2035 1982 2189 2047 vitia
2208 2044 2228 2079 ‚

113 2108 242 2172 quae
295 2110 432 2161 non
487 2089 692 2179 magis
741 2086 944 2151 tribui
991 2102 1270 2175 possunt
1320 2084 1667 2165 Ciceroni,
1725 2105 1920 2171 quam
1968 2108 2230 2151 summo

113 2208 296 2278 poetae
340 2216 568 2259 versus
613 2194 880 2275 alicujus
921 2192 1096 2257 Bavii
1123 2214 1138 2255 ε
1174 2188 1531 2282 praesertim
1554 2190 1899 2275 fluctuans
1934 2201 2001 2252 et
2028 2188 2226 2253 diseo·

117 2296 328 2383 lutum,
361 2301 544 2390 quod
587 2318 860 2367 vocatur
901 2299 986 2364 ab
1034 2302 1321 2364 Auctore
1362 2295 1447 2361 ad
1483 2295 1889 2361 Herennium
1910 2344 1929 2379 ,
1966 2295 2227 2362 dicendi

115 2427 314 2492 genus.
351 2410 581 2492 Quum
619 2424 840 2474 totum
881 2408 1011 2472 hoc
1042 2404 1292 2486 judicio
1328 2402 1617 2493 quodam
1660 2403 2002 2491 interiore,
2036 2405 2225 2484 cujus

117 2513 364 2603 quisque
394 2515 522 2580 sibi
559 2514 858 2580 conscius
892 2531 992 2579 est
1006 2563 1024 2598 ,
1058 2530 1124 2578 et
1153 2514 1333 2577 velut
1370 2527 1569 2600 gustu
1608 2509 1895 2599 quodam
1936 2526 2225 2596 constet,

117 2639 288 2704 quem
321 2621 806 2686 communicare
847 2643 998 2684 cum
1044 2618 1180 2684 aliis
1227 2617 1488 2683 difficile
1523 2633 1657 2701 est3
1696 2617 1847 2682 satis
1891 2617 2088 2682 fuerit
2120 2619 2230 2684 hic

115 2725 410 2809 profiteri,
465 2750 606 2808 me,
647 2743 996 2815 postquam
1052 2746 1190 2789 non
1243 2723 1456 2788 multo
1505 2725 1723 2788 minus
1758 2725 2231 2814 quinquaginta

115 2833 274 2896 annis
307 2831 800 2897 familiaritatem
835 2829 1182 2918 quamdam
1215 2851 1365 2893 cum
1404 2828 1497 2893 M.
1532 2828 1747 2892 Tullio
1779 2827 2012 2909 habui,
2051 2829 2229 2894 simi-

115 2929 348 3024 lemque
387 2959 542 3000 cum
571 2935 683 3001 illo
714 2936 1012 2999 notitiam
1038 2933 1381 2998 conciliare
1408 2932 1547 2996 aliis
1584 2930 1847 3012 studui,
1874 2947 2223 3020 postquam

117 3035 450 3130 diligenter,
487 3041 726 3122 semel,
759 3041 994 3105 iterum
1014 3087 1033 3122 ,
1069 3039 1333 3104 tertium
1351 3085 1371 3119 ‚
1407 3033 1721 3126 perpendi
1768 3050 1835 3099 et
1870 3037 2225 3102 examinavi

115 3141 234 3210 illos
267 3149 480 3225 locos,
515 3149 628 3236 qui
658 3144 1040 3211 Marklando
1081 3143 1423 3233 displicent
1440 3189 1459 3225 ,
1510 3140 2225 3229 nihildum-reperisse,

117 3252 274 3336 quod
302 3277 442 3318 non
477 3251 708 3319 eodem
735 3251 882 3333 jure
907 3274 1062 3316 vero
1089 3250 1391 3315 Ciceroni
1424 3263 1491 3313 et
1515 3247 1839 3336 ipsissimo
1872 3245 1991 3336 (ut
2018 3248 2222 3313 verbo

117 3373 242 3421 utar
271 3383 406 3425 non
438 3358 788 3447 Tulliano)
815 3381 1006 3448 posse
1035 3374 1262 3447 putem
1295 3355 1508 3435 objici.
1548 3351 1675 3418 Sed
1702 3369 1919 3442 potest
1944 3352 2082 3419 fieri
2099 3405 2117 3438 ,
2143 3372 2225 3420 ut

119 3460 438 3530 inveterata
473 3465 669 3530 etiam
707 3487 858 3529 cum
890 3465 1048 3554 ipsis
1073 3479 1360 3552 quatuor
1390 3459 1832 3541 orationibus,
1860 3482 2003 3548 quae
2031 3460 2101 3524 in
2125 3461 2227 3541 ju-

118 3565 334 3634 dicium
365 3569 804 3648 adducuntur,
841 3569 1255 3636 consuetudo
1283 3567 1447 3632 mihi
1474 3565 1667 3631 obsit.
1695 3566 1925 3654 Igitur,
1955 3566 2066 3652 qui
2092 3566 2233 3653 ipse

117 3671 448 3758 plurimum
491 3675 717 3740 tribuo
761 3674 854 3740 illi
901 3690 1288 3764 argumento
1309 3722 1328 3756 ,
1379 3671 1559 3760 quod
1601 3695 1639 3736 a
1684 3669 1947 3735 dicendi
1992 3691 2229 3758 genere

119 3779 355 3864 petitur,
384 3783 499 3870 qui
527 3782 600 3846 in
637 3783 828 3847 simili
866 3803 1056 3846 causa
1098 3778 1613 3868 Philopatridem
1635 3827 1654 3860 ,
1691 3776 1983 3842 libellum
2016 3791 2229 3843 totum

119 3903 281 3966 paene
305 3886 570 3951 Luciani
598 3887 808 3952 verbis
835 3903 1216 3952 contextum
1239 3935 1257 3968 ‚
1287 3907 1425 3950 non
1452 3882 1715 3949 aliunde
1740 3883 1943 3974 magis
1966 3883 2233 3948 Luciani

121 4007 238 4050 non
279 4013 414 4056 esse
467 3991 910 4082 deprehendi,
963 4015 1160 4081 quam
1208 3990 1391 4080 quod
1435 3991 1640 4080 inepti
1661 3990 2019 4056 ‘imitatoris
2066 3989 2241 4056 ludi-
