2594 4537
296 254 441 343 600'
686 214 787 343 IN.
832 270 1381 342 oaA‘rmNEM
1429 273 2044 343 PLANCIANAM

368 402 499 454 Jam
530 394 605 453 de
632 394 911 453 sodalitiis
942 412 1171 459 causam
1219 392 1448 453 dixerat
1469 400 1532 459 P.
1561 395 1822 454 Vatinius
1847 395 2058 454 eodem
2084 394 2452 454 defendente

292 497 377 551 M.
402 492 682 551 Cicerone
700 491 725 549 (
706 489 787 570 ι)
811 488 1010 566 :cujus
1030 489 1302 569 exemplo
1323 504 1496 572 negat
1522 490 1824 569 iniquitate
1847 490 1930 572 (a)
1955 484 2304 551 Laterensis
2327 513 2452 551 esse

292 584 531 647 Planc'io
545 585 885 667 permissum
902 585 1159 665 quinque
1176 588 1378 646 saltem
1393 587 1620 665 judices
1633 588 1894 666 rejicere,
1905 607 2026 667 quo
2043 588 2365 647 manifesta
2377 589 2448 645 sit

295 684 639 765 improbitas
672 682 959 742 obstinate
990 685 1338 743 connitentis
1361 685 1611 758 inimici,
1650 698 1716 744 ut
1749 706 1886 745 reus
1915 688 2210 744 innocens
2235 686 2446 764 oppri-

296 796 487 842 matur
538 780 967 859 conspiratione
1016 781 1195 865 magis
1242 784 1574 862 iniquorum
1609 782 1872 861 judicum
1889 825 1906 855 ,
1957 802 2142 869 quam
2181 784 2446 842 criminis

296 880 545 939 veritate
578 879 899 939 convictus.
992 908 997 913 ·

388 1090 454 1133 2.
488 1065 657 1135 Non
686 1066 879 1135 enim
916 1066 977 1135 si
1006 1078 1135 1135 aut
1165 1062 1497 1135 Plancius
1528 1066 1628 1135 ita
1653 1066 1830 1135 vixit
1851 1118 1872 1154 ,
1901 1078 1990 1135 ut
2021 1060 2446 1133 offenderet

289 1173 523 1245 sciens
550 1178 939 1264 neminem,
978 1188 1104 1246 aut
1142 1187 1224 1244 tu
1258 1176 1358 1245 ita
1395 1178 1688 1259 errasti,
1731 1188 1815 1245 ut
1849 1198 1976 1244 eos
2013 1172 2277 1245 ederes
2314 1174 2442 1241 im-

286 1281 643 1381 prudenS‚
679 1298 762 1355 ut
796 1308 973 1371 nos,
1011 1284 1242 1354 invito
1277 1298 1352 1355 te
1374 1339 1395 1373 ‚
1430 1299 1677 1356 tamen
1708 1284 1800 1355 ad
1841 1282 2120 1378 judices
2157 1308 2319 1354 non
2351 1280 2440 1352 ad

286 1404 657 1477 carnifices
683 1408 1128 1496 veniremus,
1154 1405 1427 1487 idcirco
1461 1408 1594 1485 ista
1622 1407 1849 1483 editio
1880 1405 1965 1487 (3)
2005 1430 2139 1508 per
2167 1430 2248 1479 se
2281 1430 2438 1477 non

285 1516 543 1589 acerba
578 1530 713 1589 est.

367 1679 755 1740 Periculosius
778 1680 1136 1759 aliquantum
1168 1682 1364 1742 suerat
1397 1696 1628 1743 evectus
1643 1724 1659 1751 ,
1688 1695 1752 1741 ut
1779 1682 1895 1740 hoc
1921 1680 2179 1739 dicendo
2196 1722 2214 1750 ,
2243 1678 2434 1738 volui-

288 1776 363 1833 sti
384 1774 468 1855 (ί.)
498 1776 830 1851 Plancium,
858 1779 1214 1852 Laterensis,
1264 1778 1423 1859 apud
1456 1780 1720 1838 inimicos
1749 1778 1976 1861 judices
2009 1778 2310 1851 accusari,
2340 1776 2432 1833 of-

292 1873 557 1931 fenderet
584 1874 805 1935 animos
830 1896 1035 1934 eorum
1063 1877 1164 1955 qui
1190 1892 1356 1935 erant
1383 1876 1456 1937 de
1491 1865 1664 1935 causa
1689 1876 2146 1956 pronuntiaturi.
2175 1874 2430 1952 Vigilan-

290 1982 377 2027 ter
402 1970 600 2048 itaque
634 1971 799 2030 illum
834 1971 1070 2049 quidem
1099 1972 1213 2032 hoc
1244 1973 1424 2031 animi
1465 1972 1738 2031 habuisse
1767 1985 2006 2030 testatus
2053 1984 2180 2041 est,
2207 1982 2274 2029 ut
2301 1990 2430 2027 reus

284 2066 499 2144 iniquis
512 2054 821 2155 'judicibus
850 2080 1111 2128 uteretur
1134 2092 1151 2127 ε
1178 2068 1281 2130 sed
1310 2068 1604 2128 fortunam
1637 2068 1821 2127 multo
1849 2068 2194 2146 prosperius
2235 2086 2430 2125 secun-

286 2162 485 2234 dasse,
517 2177 585 2223 ut
624 2165 739 2223 viri
786 2179 1057 2244 spectatae
1104 2167 1478 2226 humanitatis
1525 2180 1584 2225 et
1635 2167 1988 2244 incorruptae
2031 2164 2334 2242 religionis
2373 2164 2426 2220 in

285 2259 438 2320 hanc
464 2262 853 2340 cognitionem
884 2264 1149 2340 venirent
1173 2307 1192 2336 ,
1238 2285 1370 2344 quae
1399 2264 1698 2324 innocenti
1731 2283 1836 2322 reo
1882 2261 2086 2321 obesse
2129 2283 2252 2320 non
2292 2281 2426 2341 pos-

287 2371 395 2417 set.
430 2363 465 2418 J
468 2357 665 2419 udices
716 2379 855 2439 ergo
884 2382 1005 2420 non
1060 2363 1231 2437 laesit,
1274 2375 1334 2422 et
1371 2363 1740 2442 propositum
1771 2359 2044 2420 malitiosi
2077 2359 2426 2419 accusatoris

288 2455 563 2516 ostendit.

384 2623 608 2698 XVII.
650 2623 761 2696 An
801 2643 975 2690 vero
1012 2645 1250 2718 nuper
1283 2621 1651 2704 clarissimi
1687 2621 1877 2704 cives
1909 2645 2186 2692 nomen
2225 2617 2422 2691 editi.

285 2729 467 2799 tium
505 2726 770 2824 judicis
808 2753 962 2800 non
1003 2729 1376 2803 tulerunt?

362 2894 577 2955 Adhuc
596 2893 682 2974 (5)
714 2895 1007 2967 eamdem,
1038 2909 1319 2975 quantum
1348 2896 1526 2958 rebus
1558 2897 1699 2976 ipsis
1739 2908 2013 2975 apparet,
2045 2895 2300 2954 inculcat
2325 2895 2418 2952 ini-

285 2991 563 3070 quitatem
584 2990 823 3069 judicii,
846 2991 1006 3070 quod
1041 2992 1370 3060 Laterensis
1390 3005 1459 3052 ut
1483 3013 1556 3050 ex
1589 2991 1830 3050 edititiis
1867 2989 2142 3065 haberet,
2183 2991 2417 3050 maxime

355 3245 433 3314 (ι’)
468 3241 585 3296 Hoc
610 3242 725 3314 ipso
751 3260 918 3308 anno,
945 3261 1055 3316 quo
1078 3243 1239 3297 etiam
1261 3243 1510 3306 Plancius
1533 3243 1778 3298 defensus
1799 3255 1895 3298 est.
1923 3243 2064 3296 Nam
2085 3243 2338 3296 Asconius
2349 3241 2412 3294 ad

282 3338 418 3382 orat.
473 3347 575 3400 pro
616 3327 819 3381 Scauro
852 3338 1073 3381 testatur
1106 3327 1422 3382 Ciceronem
1455 3328 1656 3385 dixisse
1685 3347 1784 3402 pro
1806 3327 2023 3382 Vatinio
2045 3364 2062 3392 ,
2088 3327 2156 3379 L.
2191 3326 2409 3379 Domitio

284 3411 595 3466 AEnobarbo
632 3422 688 3463 et
725 3411 908 3483 Appio
941 3410 1169 3465 Claudio
1203 3410 1438 3467 Pulchro
1453 3429 1586 3466 coss.
1617 3430 1849 3485 quornm
1871 3411 1930 3462 in
1968 3409 2251 3464 consulatu
2275 3409 2412 3462 Plan-

282 3496 399 3550 cius
426 3493 674 3548 defensus
704 3493 955 3554 creditur.
980 3495 1179 3556 Confer
1205 3496 1376 3550 Cicer.
1403 3496 1472 3549 ad
1489 3496 1557 3562 Q.
1576 3495 1745 3548 Franz
1769 3495 1883 3556 111,
1913 3511 1938 3546 ι
1957 3533 1974 3556 ,
1995 3511 2122 3565 cap.
2143 3500 2202 3558 4,
2231 3505 2284 3547 et
2303 3491 2410 3546 ride

280 3576 510 3632 Paulum
534 3577 835 3631 Manutium
867 3578 925 3630 in
949 3591 1262 3647 argumento
1286 3579 1448 3653 hujus
1471 3578 1726 3633 orationis
1751 3597 1849 3650 pro
1871 3577 2108 3632 Plancio.

352 3664 432 3732 (a)
470 3660 605 3716 cod.
638 3665 970 3730 iniquitatem.

350 3747 432 3815 (3)
471 3743 656 3798 Codex
674 3745 1015 3800 Britannicus
1034 3746 1176 3818 apud
1199 3747 1552 3802 Garatonium
1573 3745 1737 3799 habet
1761 3746 1978 3797 conditio
1997 3761 2102 3815 pro
2123 3745 2268 3794 edicio
2289 3763 2306 3792 .·
2330 3761 2403 3796 ve*

282 3845 404 3889 rum
434 3839 487 3881 et
510 3827 603 3881 illa
625 3828 783 3882 lectio
803 3827 1112 3886 auctoritate
1138 3830 1473 3886 Ambrosiani
1496 3827 1824 3904 palimpsesti
1855 3825 2192 3906 deprimitur..

353 3911 432 3978 (4)
465 3909 649 3965 Codex
676 3911 837 3966 habet
868 3914 1062 3966 solvisti.

350 3998 431 4066 (5)
464 3997 650 4052 Codex
683 4003 895 4052 adhunc.
