2594 4537
542 323 939 392 ORATIO
986 323 1189 391 PRO
1238 323 1321 390 L.
1375 321 1812 390 FLACCO.
2103 318 2237 414 169

100 448 269 544 Ejus
302 446 505 518 enim
550 442 699 516 fide
742 445 1049 542 sumpsit
1088 467 1129 513 a
1165 441 1408 514 Fufiis.
1452 445 1760 515 Securus
1797 443 2235 541 Hermippus

104 565 465 630 Temnum
530 554 1051 654 proficiscitur,
1112 578 1346 652 quum
1387 556 1540 645 ,iste
1607 578 1762 624 sese
1815 557 2200 652 pecuniam
2220 605 2240 636 ,

104 697 327 771 quam
374 670 595 768 hujus
630 669 773 741 fide
816 684 1255 767 sumpserat,
1296 694 1338 740 a
1373 669 1746 769 discipulis
1781 670 1932 738 suis
1969 663 2243 738 diceret

106 783 329 856 Fufiis
378 782 941 881 persoluturum.
981 779 1312 852 Habebat
1351 783 1542 851 enim
1595 779 1848 851 rhetor
1893 781 2028 850 iste
2069 776 2246 849 ado-

106 890 465 963 lescentes
492 887 849 987 quosdam
884 888 1324 988 locupletes,
1365 913 1554 988 quos
1583 887 1884 960 dimidio
1910 888 2250 961 redderet
2285 943 2300 954 .

120 1001 535 1086 stultiores,
568 1025 789 1098 quam
828 1015 1203 1099 acceperat
1230 998 1404 1098 [ubi
1423 999 1604 1071 nihil
1627 1014 1920 1098 possent
1945 998 2248 1084 discere,

108 1112 245 1182 nisi
274 1111 758 1208 ignorantiam
798 1097 1293 1209 literarum9].'
1329 1111 1710 1184 Neminem
1743 1108 2038 1208 quidem
2073 1109 2254 1179 adeo

110 1219 477 1292 infatuare
518 1221 799 1317 potuit,
853 1235 937 1291 ut
986 1222 1053 1292 ei
1104 1245 1486 1292 nummum
1538 1221 1771 1291 ullum
1815 1217 2142 1290 crederet
2161 1229 2248 1288 ‘⁰.

110 1339 371 1432 Itaque
391 1387 411 1421 ‚
444 1359 675 1432 quum
712 1339 943 1406 Roma
970 1334 1153 1406 clam
1184 1350 1370 1406 esset
1398 1332 1799 1432 profectuS,
1839 1333 2252 1430 multosque

116 1446 421 1515 minutis
458 1443 1043 1516 mutuationibus
1083 1442 1586 1532 fraudavisset‚
1631 1445 1710 1514 in
1748 1444 1984 1514 Asiam
2023 1446 2256 1530 venit,

112 1557 667 1652 Hermippoque
712 1555 1176 1653 percontanti
1220 1553 1314 1626 de
1349 1559 1648 1626 nomine
1689 1553 2095 1640 Fufianon,
2137 1579 2254 1626 re·

115 1665 452 1764 spondit,
500 1689 579 1736 se
622 1689 917 1736 omnem
968 1667 1352 1764 pecuniam
1398 1663 1618 1738 Fufiis
1655 1665 2096 1762 persolvisse.
2141 1669 2256 1736 In-

114 1778 324 1846 terim
348 1829 368 1863 ,
424 1797 667 1874 neque
727 1777 824 1846 ita
876 1775 1101 1874 longo
1153 1776 1569 1863 intervallo,
1614 1775 1917 1848 libertus
1959 1801 1999 1848 a
2041 1774 2259 1848 Fufiis

118 1910 285 1956 cum
326 1885 549 1956 literis
584 1884 677 1956 ad
718 1887 1195 1985 Hermippum
1240 1889 1488 1958 venit:
1531 1888 1837 1984 pecunia
1869 1890 2140 1984 petitur
2166 1885 2259 1958 ab

117 2000 545 2095 Hermippo.
580 1999 1020 2100 Hermippus
1044 1997 1133 2068 ab
1164 1996 1542 2102 Heraclide
1575 2001 1792 2094 petit;
1829 2001 1980 2095 ipse
2015 2011 2256 2068 tamen

120 2105 345 2177 Fufiis
398 2105 741 2180 satisfacit
798 2107 1221 2180 absentibus
1245 2161 1265 2195 ‚
1329 2121 1403 2179 et
1453 2105 1670 2178 fidem
1723 2130 1927 2178 suam
1979 2107 2256 2178 liberat.

119 2221 329 2290 Hunc
365 2231 786 2291 aestuantem
822 2231 895 2291 et
926 2219 1516 2317 tergiversantem
1547 2215 1824 2315 judicio
1869 2217 1988 2289 ille
2025 2243 2260 2319 perse—

123 2333 417 2425 quitur:
460 2354 501 2399 a
532 2329 1167 2427 recuperatoribus
1203 2354 1416 2400 causa
1453 2333 1958 2427 cognoscitur.·

208 2438 457 2511 Nolite
504 2442 954 2527 existimare,
992 2438 1314 2535 judices,
1365 2464 1515 2509 non
1553 2463 1774 2511 unam
1817 2452 1890 2510 et
1929 2438 2256 2511 eamdem

124 2548 463 2621 omnibus
490 2552 567 2620 in
594 2547 769 2622 locis
805 2574 961 2622 esse
998 2548 1494 2622 fraudatorum
1520 2564 1598 2622 et
1623 2548 2101 2621 infitiatorum
2133 2552 2262 2623 im-

130 2658 548 2755 pudentiam
578 2686 594 2731 :
634 2658 803 2733 fecit
837 2660 1089 2732 eadem
1122 2663 1400 2745 omnia,
1439 2684 1602 2758 quae
1639 2650 1868 2732 nostri
1896 2658 2264 2733 debitores

128 2769 377 2841 solent.
412 2772 717 2867 Negavit
748 2796 904 2843 sese
939 2772 1245 2842 omnino
1278 2796 1644 2843 versuram
1675 2772 1893 2843 ullam
1922 2782 1981 2820 ¹²
2015 2770 2264 2844 fecisse

136 2883 425 2967 Romae3
490 2880 857 2952 Fufiorum
926 2906 1005 2953 se
1064 2880 1444 2953 affirmavit
1499 2904 1902 2979 numquam
1961 2886 2268 2954 omnino

130 3015 393 3062 nomen
431 2988 757 3081 audisse3
798 2996 1279 3092 Hermippum
1317 3018 1490 3065 vero
1527 2997 1802 3090 ipsum,
1835 2992 2267 3089 pudentissi-

132 3124 327 3172 mum
366 3118 589 3200 atque
626 3105 990 3202 optimum
1026 3105 1263 3175 virum
1286 3156 1308 3190 ,
1345 3118 1655 3175 veterem
1691 3106 2003 3174 amicum
2045 3117 2268 3199 atque

132 3210 489 3311 hospitem
552 3236 796 3283 meum
825 3269 845 3303 ,
913 3207 1570 3310 splendidissimum
1631 3228 1848 3311 atque
1907 3215 2269 3285 ornatissi-

136 3344 331 3393 mum
392 3322 699 3395 civitatis
748 3348 938 3407 suae,
991 3323 1277 3421 probris
1329 3324 1676 3397 omnibus
1731 3322 2276 3422 maledictisque

138 3437 417 3504 vexavit
432 3430 520 3503 ¹³.
552 3434 689 3507 Sed
713 3458 945 3532 quum
970 3460 1046 3506 se
1070 3435 1295 3507 homo
1331 3435 1673 3507 volubilis
1699 3436 2011 3534 quadam
2041 3440 2296 3539 praeci-⁶

206 3610 257 3657 9.
276 3596 473 3645 Absunt
500 3596 647 3645 verb·
680 3598 785 3645 hac
810 3612 839 3645 a
862 3598 1152 3646 coszatic.
1248 3599 1310 3647 de
1352 3597 1603 3649 Fufiorum
1643 3600 1811 3649 debito
1825 3634 1840 3659 ,
1891 3613 1986 3665 pro
2023 3616 2124 3665 quo
2159 3616 2274 3665 spo-

134 3672 263 3721 Idm
295 3675 443 3725 habet
476 3675 657 3730 deinde
676 3714 691 3739 ,
734 3677 1035 3727 -Nminem
1080 3688 1159 3725 t·-
1242 3678 1488 3744 pondent
1513 3680 1830 3745 Hermippus,
1851 3692 1900 3728 et
1928 3694 2107 3728 nomen
2127 3696 2272 3731 sunm

135 3768 241 3801 M
256 3776 302 3801 n.
326 3757 455 3803 LV.
480 3758 537 3803 L.
1242 3754 1458 3808 d'edmt.
2115 3794 2122 3803 ·

206 3848 285 3883 ιο.
304 3835 543 3883 cmdene.
562 3836 861 3901 Quisquam
888 3837 979 3885 etei
1004 3848 1149 3885 ante·
1324 3854 1401 3887 η.
1429 3842 1689 3887 Ver-suram
1711 3838 2073 3905 ullamfece‘sse.
2107 3842 2163 3890 Id
2184 3854 2274 3902 est,

136 3912 271 3959 oeuit
288 3914 557 3973 neminem,
580 3914 667 3963 sed
690 3916 826 3965 unde
846 3932 949 3965 non
981 3927 1153 3981 potent
1244 3918 1506 3984 pecuniam
1547 3932 1766 3969 mutuum
1807 3918 1900 3967 sub
1937 3920 2096 3968 usuris
2137 3938 2274 3971 aoce-

136 3990 237 4039 elici
254 3990 529 4043 efflantiu-
1244 4000 1391 4062 piene.

210 4084 290 4119 ιι.
329 4073 403 4119 De
440 4074 637 4122 nemim
681 4075 914 4142 Fufiano.
954 4076 1015 4125 Id
1048 4087 1151 4134 est,
1325 4080 1404 4128 ιδ.
1451 4078 1609 4129 Codd.
1653 4094 1822 4129 omnes
1852 4079 2266 4145 Lngomrsininni
