2594 4537
489 255 749 323 POST
792 255 1130 322 REDIT.
1185 254 1297 323 IN
1348 254 1556 324 SEN.
1600 255 1997 325 ORATIO.
2166 279 2306 351 279

142 359 526 468 jecerant,
562 375 778 445 irrisit
816 374 1227 472 squalorem
1260 389 1616 465 vestrum,
1645 390 1720 448 et
1743 377 2020 448 luctum
2043 380 2302 474 gratis·

150 485 369 554 simae
402 484 743 574 civitatis;
788 481 1101 582 fecitque
1123 540 1144 574 ‚
1178 487 1379 582 quod
1415 511 1632 559 nemo
1676 508 2020 586 umquam
2055 501 2300 584 tymn-

148 617 348 684 mm,
390 608 518 684 ut,
558 619 711 692 quo
758 599 1001 667 minus
1046 596 1328 668 occulte
1370 612 1686 668 vestrum
1736 599 2008 671 malum
2055 620 2300 696 geme-

148 705 345 775 retis
374 759 395 793 ‚
460 705 641 776 nihil
698 705 1017 796 diceret3
1086 731 1175 778 ne
1233 723 1484 805 aperte
1538 709 1994 780 incommoda
2061 710 2302 806 patriae

150 815 515 912 lugeretis
535 869 554 904 ‚
598 815 911 888 ediceret
936 828 1027 886 ²⁷.

256 927 513 1016 Quum
563 949 735 997 vero
796 929 869 996 in
926 929 1119 998 circo
1185 927 1530 998 Flaminio
1549 925 1640 1014 ²⁸,
1701 953 1854 999 non
1909 954 1950 996 a
2002 926 2300 998 tribuno

150 1033 407 1130 plebis
450 1036 707 1106 consul
758 1037 833 1105 in
876 1038 1306 1108 concionem
1326 1089 1346 1122 ‚
1391 1035 1516 1108 sed
1571 1061 1612 1108 a
1659 1038 1940 1110 latrone
1993 1037 2289 1135 archipi·

156 1157 363 1230 rata,
399 1143 801 1242 productus
835 1160 1059 1234 esset,
1098 1148 1416 1244 primum
1457 1148 1806 1244 processit
1825 1201 1844 1236 ,
1876 1169 2020 1244 qua
2053 1157 2300 1218 aucto-

150 1253 380 1324 ritate
416 1254 572 1324 vir?
605 1255 788 1342 vini,
817 1259 1087 1336 somni,
1122 1258 1355 1356 stupri
1383 1256 1680 1354 plenus»,
1711 1258 2030 1328 madenti
2057 1279 2298 1340 coma,

154 1367 575 1460 composito
616 1364 911 1462 capillo,
948 1364 1285 1462 gravibus
1316 1368 1544 1439 oculis
1559 1378 1648 1454 ²⁹,
1687 1365 2082 1444 fluentibus
2117 1363 2294 1435 buc-

152 1475 309 1558 ciss,
358 1497 603 1572 pressa
654 1499 834 1548 voce
880 1490 955 1547 et
1002 1477 1395 1549 temulenta
1426 1477 1464 1548 ε’
1497 1477 1700 1575 quod
1753 1480 1830 1546 in
1865 1477 2056 1546 cives
2091 1472 2318 1544 inde-'

152 1597 451 1656 mnatos
482 1599 668 1657 esset
682 1585 1279 1676 animadversum,
1295 1567 1368 1658 id
1385 1587 1522 1659 sibi
1549 1588 1753 1672 dixit,
1771 1589 2004 1684 gravis
2017 1599 2292 1666 auctor,

152 1693 788 1767 vehementissime
835 1695 1230 1795 displicere.
1283 1698 1426 1770 Ubi
1463 1697 1676 1770 nobis
1716 1698 1870 1769 haec
1908 1696 2296 1770 auctoritas

152 1819 309 1876 tam
350 1805 478 1877 diu
516 1821 715 1878 tanta
750 1807 1003 1879 latuit?
1054 1833 1183 1881 cur
1226 1810 1302 1878 in
1340 1809 1580 1880 lustris
1621 1824 1692 1880 et
1729 1804 2292 1879 helluationibus

152 1916 382 2015 hujus
432 1921 882 1993 calamistrati
922 1923 1272 1996 saltatoris
1293 1921 1359 1966 ³0
1401 1937 1547 1994 tam
1585 1925 1842 1994 eximia
1875 1925 2104 1992 virtus
2143 1935 2287 1990 tam

154 2030 284 2102 diu
320 2032 665 2102 cessavit?

250 2144 375 2212 VI.
409 2144 589 2212 Nam
622 2141 747 2212 ille
774 2141 953 2213 alter
990 2143 1407 2213 Caesoninus
1441 2142 1925 2227 Calventius¹‚
1977 2136 2068 2209 ab
2109 2137 2284 2208 ado-

226 2335 319 2379 ²7·
363 2317 607 2366 Ediceret.
648 2320 719 2366 Ut
762 2318 943 2367 nullam
984 2318 1181 2383 quidem
1269 2337 1416 2385 quam
1456 2320 1662 2385 turpiter
1709 2336 1760 2367 se
1808 2318 1997 2368 dederit
2037 2316 2111 2363 vir
2152 2324 2286 2362 tanta

153 2412 350 2446 causam
379 2398 607 2462 afferret,
651 2414 739 2447 cur
785 2414 888 2447 non
928 2398 1180 2463 gemeretis
1266 2398 1502 2465 praeditus
1523 2398 1809 2448 auctoritate
1829 2406 2062 2461 tantoque
2079 2394 2286 2452 honore,

152 2478 352 2527 occulte
366 2514 385 2540 ,
436 2493 528 2525 nec
580 2492 681 2542 quo
736 2478 894 2525 minus
949 2478 1180 2527 doleretis
1268 2481 1438 2529 consul
1463 2481 1648 2545 quippe
1673 2494 1914 2527 romanus.

153 2571 317 2604 meum
354 2556 578 2605 exsilium
621 2556 903 2620 impediret,
948 2557 1035 2605 sed
1051 2593 1066 2617 ‚
1113 2574 1177 2605 ne

151 2634 314 2699 palam
345 2671 362 2696 ,
421 2648 553 2685 veste
602 2646 783 2685 mutata
796 2668 812 2695 ‚
864 2636 1176 2685 incommoda

152 2714 325 2777 patrie
348 2712 605 2780 lugeretis,
636 2714 864 2763 ediceret.
890 2716 1001 2763 Hoc
1030 2732 1175 2763 nemo

153 2809 385 2859 umquam
402 2805 639 2861 tyrannus
658 2794 793 2843 fecit.
819 2794 901 2841 Sic
917 2796 969 2841 in
986 2794 1175 2843 Sextia-

152 2888 210 2921 na
240 2890 255 2921 z
294 2894 319 2917 ι
342 2871 468 2936 Quis
492 2888 722 2939 umquam
749 2871 919 2921 consul
956 2884 1173 2921 senatum

148 2952 302 3017 ipsius
326 2950 533 3001 decretis
556 2968 725 3017 parete
752 2950 1037 3017 prohibuit?
1063 2950 1173 3015 quis

150 3039 391 3095 tyrannus
416 3030 615 3079 miseros
632 3031 799 3096 lugere
816 3030 1007 3079 vetuit?
1025 3052 1051 3071 a·

216 3112 308 3159 28.
345 3108 487 3161 Circo
514 3108 770 3159 Flaminio.
802 3110 973 3159 Circus
996 3108 1168 3157 Hami-

150 3190 259 3237 nius
284 3190 385 3239 fuit
419 3200 557 3238 extra
591 3201 785 3254 portam
818 3186 1169 3238 Carmentalem

148 3284 305 3335 prope
335 3268 490 3317 edem
513 3267 787 3333 Apollinis,
817 3276 867 3316 et
890 3266 1050 3315 forum
1077 3267 1167 3314 oli-

152 3348 347 3397 torium.
387 3346 583 3415 Nomen
625 3346 756 3394 unde
805 3344 1003 3395 traxerit
1018 3376 1034 3403 ‚
1065 3362 1166 3394 non

150 3426 259 3489 satis
272 3433 483 3474 constat.
496 3424 555 3471 In
566 3422 787 3473 hocloco
800 3422 1169 3487 nonnumquam

148 3504 409 3553 conciones
450 3502 632 3552 habita
680 3514 795 3552 sunt
844 3520 873 3551 a
924 3502 1167 3551 seditiosis

150 3581 357 3633 uibunis
375 3582 554 3649 plebis.
576 3584 695 3631 Haec
716 3584 893 3632 concio
908 3582 1075 3631 habita
1096 3594 1167 3632 est

150 3678 174 3709 a
192 3661 376 3713 Clodio
392 3697 407 3722 ,
430 3660 483 3709 in
502 3678 647 3726 quam
665 3662 809 3723 jussit
831 3662 996 3711 venire
1017 3661 1169 3711 Gabi·

148 3742 281 3789 nium
324 3740 606 3799 consulem,
650 3751 707 3789 nt
742 3742 1066 3805 interrogatus
1110 3740 1171 3789 de

149 3820 399 3869 Ciceronis
422 3834 566 3867 cansa
589 3820 906 3885 responderet
920 3854 937 3881 ‚
955 3835 1043 3885 per
1060 3834 1169 3883 qua·-

148 3900 219 3947 sui
261 3909 471 3948 conatus
521 3898 880 3961 adjuvarentur.
933 3925 1004 3936 --
1056 3900 1167 3962 Qua

152 3976 437 4027 auctoritate
454 3978 571 4026 vir!
585 3979 623 4026 i.
644 3994 688 4026 e.
712 3978 923 4041 cogitate
936 4012 949 4039 ,
969 3992 1160 4041 quoeso,

1340 2576 1422 2624 ²9·
1469 2560 1701 2609 Gravibus
1734 2558 1902 2607 oculis.
1940 2558 2122 2605 Graves
2152 2550 2284 2601 oculi

1263 2650 1380 2687 sunt
1404 2656 1602 2701 eorum,
1626 2639 1713 2703 qui
1735 2636 1954 2685 nondum
1979 2634 2282 2683 edormivere

1264 2718 1526 2782 crapulam.

1336 2796 1418 2844 30.
1436 2797 1706 2845 Saleatoris.
1735 2796 1964 2851 saltator,
1991 2792 2044 2839 in
2068 2790 2282 2841 convicii

1259 2874 1374 2924 loco
1403 2876 1600 2925 dicitur.
1633 2878 1768 2923 Patet
1791 2875 1921 2922 enim
1949 2888 2012 2921 ex
2038 2883 2161 2920 orat.
2187 2884 2279 2935 pro

1259 2956 1526 3016 Deiotaro,
1559 2971 1666 3018 cap.
1707 2970 1771 3017 9,
1801 2952 2104 3001 saltationem
2145 2949 2277 3013 apud

1259 3033 1508 3081 Romanos
1534 3043 1725 3096 turpem
1752 3034 1923 3091 fuisse,
1948 3030 2050 3078 sive
2073 3036 2277 3094 propter

1256 3111 1524 3170 levitatem,
1549 3112 1650 3159 sive
1675 3122 1875 3175 propter
1908 3110 2274 3159 obscoenitatcm

1258 3200 1444 3251 motus,
1471 3206 1566 3255 qua
1583 3188 1806 3237 saltantes
1825 3188 2101 3238 utebantur.
2126 3187 2273 3234 AEmi·

1255 3270 1351 3317 lius
1379 3269 1568 3317 Probus
1586 3270 1638 3315 in
1663 3268 1999 3333 Epaminonda
2017 3304 2031 3327 ,
2060 3282 2164 3330 cap.
2202 3280 2221 3313 1
2255 3280 2268 3313 :

1256 3370 1280 3389 α
1301 3348 1487 3396 Scimus
1509 3350 1634 3395 enim
1651 3382 1665 3405 ,
1693 3350 1907 3395 musicen
1928 3348 2106 3394 nostris
2129 3346 2273 3392 mori-

1255 3427 1348 3477 bus
1367 3427 1532 3476 abesse
1548 3443 1574 3474 a
1595 3426 1830 3491 principis
1847 3440 2080 3490 persona:
2102 3424 2274 3473 saltare

1256 3522 1375 3555 vero
1402 3506 1543 3553 etiam
1577 3508 1628 3552 in
1653 3505 1784 3553 vitiis
1809 3506 1929 3569 poni
1947 3528 1988 3551 υ.
2031 3502 2237 3551 cessavit
2258 3518 2275 3546 :

1256 3586 1414 3633 otiosa
1439 3586 1548 3632 fuit.

1328 3664 1419 3712 vl.
1452 3679 1499 3712 1.
1529 3662 1672 3710 Alter
1694 3661 1968 3711 Coesonimes
1991 3660 2273 3711 Calventc‘m.

1256 3744 1315 3791 1..
1345 3740 1461 3790 Piso
1485 3738 1658 3788 consul
1682 3739 1821 3800 alter,
1842 3740 2024 3803 collega
2043 3738 2237 3788 Gabinii
2257 3754 2269 3788 :

1254 3822 1342 3885 qni
1405 3818 1655 3871 Coesonim'
1702 3833 1977 3883 cognomen
2028 3836 2055 3865 a
2104 3830 2272 3883 patre:

1261 3898 1494 3949 Calventii
1515 3906 1674 3946 antem
1693 3912 1868 3945 nomen
1886 3913 1913 3944 a
1931 3899 2084 3961 patris
2105 3914 2276 3947 socero

1257 3978 1444 4043 accepit
1468 4014 1483 4039 ,
1499 3978 1585 4043 qni
1611 3978 1764 4026 fuerat
1791 3976 2068 4026 calventius
2085 4010 2102 4035 ‚
2125 3977 2274 4025 homo
