2594 4537
373 313 468 402 48
1017 315 1116 382 Μ.
1165 313 1246 380 Τ.
1296 311 1855 382 CICERONIS

375 431 1617 532 conservarique¹⁰cupiunt.Adsunt
1634 437 1787 531 pari
1802 429 2047 504 studio
2060 433 2488 531 Pompeiani,

379 549 510 646 qui
541 545 634 618 ab
668 547 872 617 illis¹¹
897 545 1110 616 etiam
1128 547 1204 614 in
1229 545 1503 615 crimen
1523 552 1908 630 vocantur3
1950 545 2081 640 qui
2098 547 2205 614 ita
2236 543 2331 614 de
2368 567 2488 612 am·

381 657 752 732 bulatioue
777 667 836 702 ¹²
875 669 950 726 ct
986 653 1079 726 de
1121 652 1476 752 suffragiis
1513 655 1659 725 suis
1707 678 1875 725 cum
1918 652 2200 726 colonis
2238 652 2488 724 dissen-
2552 745 2554 760 .

382 781 670 853 serunt,
705 779 788 836 ut
829 764 1022 836 idem
1061 764 1154 835 de
1197 764 1571 836 communi
1605 763 1835 835 salute
1866 767 2247 836 sentirent.
2290 765 2391 832 Ac
2417 783 2491 831 ne

379 876 533 946 haec
551 875 847 972 quidem
870 879 944 944 P.
970 871 1178 945 Sullae
1195 870 1375 942 mihi
1392 871 1678 944 videtur
1698 873 1984 944 silentio
2008 869 2493 970 proetereunda

383 1009 537 1058 esse
563 987 792 1056 virtus
811 980 897 1071 ¹³,
931 981 1170 1080 quod,
1197 1002 1429 1080 quum
1460 980 1553 1053 ab
1574 982 1717 1054 hoc
1738 986 1799 1035 ¹⁴
1826 981 1945 1054 illa
1974 983 2263 1054 colonia
2296 981 2495 1053 dedu·
2554 1049 2556 1070 2

387 1109 500 1167 cta
535 1095 658 1181 sit,
690 1107 762 1164 et
781 1118 1008 1190 quum
1029 1091 1413 1164 commoda
1432 1093 1858 1164 colonorum
1880 1118 1921 1164 a
1948 1091 2271 1164 fortunis
2308 1097 2493 1165 Pom·

389 1211 814 1304 peianorum
841 1201 1252 1301 reipublicae
1277 1201 1569 1274 fortuna
1592 1202 1653 1249 ¹⁵
1682 1203 2138 1299 disjunxerit,
2174 1208 2279 1276 ita
2316 1227 2495 1275 carus

389 1315 714 1412 utrisque
769 1327 878 1384 est
924 1329 1144 1410 atque
1179 1311 1587 1408 jucundu5‚
1637 1328 1722 1384 ut
1766 1338 1921 1385 nou
1970 1314 2238 1384 alteros
2275 1313 2497 1385 demo-
2556 1405 2558 1414 Ι

389 1424 612 1510 visse,
655 1421 780 1493 sed
823 1436 1176 1518 utrosque
1217 1423 1670 1493 constituisse
1712 1422 2061 1494 videatur.

485 1536 707 1602 XXII.
744 1535 836 1601 At
866 1533 1064 1602 enim
1095 1544 1168 1602 et
1200 1530 1659 1629 gladiatores,
1694 1546 1767 1602 et
1797 1535 2035 1604 omnis
2065 1534 2202 1604 ista
2236 1533 2380 1621 vis,
2411 1555 2501 1602 ro·

390 1643 700 1740 gationis
736 1642 1070 1712 Caeciliae1
1113 1665 1326 1712 causa
1351 1640 1976 1740 comparabantur.
2002 1648 2243 1740 Atque
2272 1646 2355 1714 in
2388 1643 2503 1712 hoc

393 1752 559 1824 loco
595 1753 676 1822 in
711 1747 790 1822 L.
815 1750 1220 1840 Caecilium.
1255 1750 1861 1850 pudentissimum
1897 1765 2119 1848 atque
2150 1753 2503 1824 ornatissi·
2558 1783 2560 1792 ·

397 1884 598 1932 mum
639 1865 909 1948 virum,
944 1859 1413 1932 vehementer
1445 1863 1770 1934 invectus
1806 1876 1917 1935 est
1947 1891 1963 1931 :
2008 1864 2215 1958 cujus
2260 1887 2398 1962 ego
2432 1861 2505 1932 de

393 1975 662 2043 virtute
717 1985 790 2042 et
843 1973 1239 2041 constantia
1267 2025 1287 2058 ‚
1334 1969 1611 2066 judices
1632 2027 1650 2059 ‚
1710 1986 1995 2044 tantum
2050 1972 2263 2062 dico;
2314 1973 2509 2045 talem

395 2082 596 2153 hunc
645 2084 720 2152 in
781 2083 916 2152 ista
967 2082 1380 2178 rogatione,
1436 2106 1657 2178 quam
1706 2084 2193 2181 promulgavit
2246 2109 2403 2155 non
2436 2082 2509 2153 de

394 2191 710 2264 tollenda
731 2245 750 2280 ,
793 2190 920 2262 sed
957 2190 1050 2262 de
1079 2189 1377 2262 levanda
1403 2190 1798 2262 calamitate
1828 2190 2066 2264 fratris
2094 2193 2247 2282 sui,
2274 2191 2508 2277 fuisse,

393 2319 478 2375 ut
539 2301 954 2374 consultum
1008 2325 1160 2371 esse
1182 2310 1212 2343 ²
1276 2300 1586 2372 voluerit
1636 2299 1837 2372 fratri
1860 2356 1881 2390 ‚
1938 2326 2105 2373 cum
2159 2302 2511 2401 republica

473 2525 552 2558 ιο.
581 2506 978 2572 commorique.
1007 2506 1125 2555 ΔΜ.
1149 2505 1286 2555 dedit
1302 2522 1421 2555 con-

397 2604 711 2652 servat-eque,
741 2586 878 2651 quod
915 2586 1055 2634 multi
1093 2586 1334 2644 editores,
1369 2596 1424 2635 ut

1510 2518 1613 2557 arto
1664 2500 1855 2559 Tum-a·
1908 2511 2233 2564 calamitatem
2294 2515 2514 2565 dau-mit

1510 2589 1915 2652 Pompeianorum
1928 2626 1943 2651 ,
1965 2592 2147 2656 quibua
2166 2606 2357 2660 partem
2374 2596 2515 2645 bono·

399 2666 600 2719 Lallem.
628 2664 774 2712 etiam
797 2672 928 2711 nunc
960 2665 1144 2713 habent
1177 2664 1231 2711 iu
1256 2674 1425 2725 textu,

401 2745 623 2811 quamvis
642 2742 786 2791 multi
819 2744 948 2792 MSS
985 2752 1114 2791 stent
1147 2758 1240 2806 pro
1277 2742 1423 2793 altera

397 2825 638 2882 lectione,
658 2834 708 2871 et
747 2822 845 2886 ipsi
881 2823 1180 2886 grammatici
1216 2839 1321 2871 non
1352 2840 1424 2873 ro·

399 2902 666 2953 ‹st-nitent.
693 2902 744 2949 J.
765 2903 829 2947 V.
853 2903 906 2949 1..

477 2998 500 3030 ι
515 2999 532 3028 ι
545 3016 557 3028 .
586 2980 687 3045 Qui
701 2978 894 3029 abillis.
913 2980 1029 3029 Scil.
1045 2981 1421 3033 accusatoribus.

397 3087 466 3100 ---
483 3061 546 3108 In
571 3074 640 3107 er.
663 3071 927 3107 vocantur.
949 3062 989 3108 1.
1005 3076 1050 3109 c.
1075 3072 1381 3111 accusantur.

479 3152 563 3188 12.
605 3140 679 3186 Do
712 3138 1056 3188 ambulatione.
1104 3140 1323 3189 Subaud.
1368 3142 1423 3189 in

401 3218 616 3282 porticu.
633 3217 903 3266 Emendaut
920 3218 1118 3282 quidam
1138 3219 1422 3279 ambicione,

401 3297 506 3345 siue
537 3296 678 3344 MSS.
709 3296 969 3343 Discordia
1013 3306 1181 3346 exorta
1226 3308 1327 3347 crat
1364 3299 1425 3348 do

400 3394 492 3425 um
525 3376 775 3441 porticus,
803 3376 890 3424 ubi
921 3377 1239 3427 ambulabant
1273 3380 1425 3426 Pom-

399 3458 582 3522 peiani,
593 3465 646 3504 et
663 3455 726 3503 de
739 3456 980 3519 suffr-gii·
991 3456 1044 3503 in
1063 3456 1427 3520 magistratuum

401 3535 660 3584 electione.

477 3616 556 3662 13.
578 3614 756 3663 Virtus.
775 3616 815 3661 1.
833 3630 877 3661 e.
897 3612 1090 3661 solertia
1107 3646 1122 3670 ‚
1149 3612 1424 3663 consilium.

477 3699 560 3748 ιι.
577 3695 652 3740 Ab
674 3691 767 3741 hoc
789 3692 1002 3741 dedtecta
1026 3691 1108 3740 sie.
1129 3691 1425 3740 nominante

403 3772 460 3819 1..
491 3769 638 3818 Sulla.

486 3850 568 3897 15.
616 3848 905 3912 liee'pabh'cae
934 3846 1169 3914 fortuna.
1230 3847 1288 3895 Id
1324 3860 1425 3909 eat,

403 3928 561 3975 civilia
587 3926 846 3977 discordia.
865 3952 932 3962 —
957 3926 1282 3993 Deir-junxerit.
1309 3929 1425 3987 Alii,

1510 2682 1620 2713 rum
1644 2667 1856 2717 dictator
1870 2671 2133 2737 eripuerat,
2156 2685 2213 2723 ut
2224 2692 2343 2725 auo·
2358 2676 2515 2724 milites

1510 2744 1695 2794 divitiis
1712 2760 1930 2811 augeret.

1581 2826 1748 2875 xxn.
1767 2842 1811 2877 ι.
1829 2830 2113 2895 negationis
2130 2834 2419 2884 ceciliaed..
2432 2835 2517 2885 ca·—

1510 2903 1653 2952 ciliua
1686 2906 1896 2958 Caenia
1932 2912 2148 2961 Metellae
2184 2914 2347 2973 filius,
2387 2930 2516 2979 quam

1511 2980 1725 3031 dictator
1752 3000 1953 3035 uxorem
1984 2988 2212 3041 duxerat.
2254 2994 2416 3057 Quum
2449 2993 2515 3040 lex

1510 3060 1769 3125 Calpurnia
1788 3064 1851 3114 de
1872 3066 2061 3117 ambitu
2076 3080 2129 3118 et
2148 3071 2375 3121 ordinem
2392 3084 2517 3121 sent·

1512 3141 1691 3189 tot-ium
1726 3154 1775 3191 et
1805 3146 1887 3206 ius
1922 3149 2251 3211 petendorum
2288 3152 2519 3215 magistra·

1512 3230 1651 3267 tuum
1673 3220 1732 3269 iia
1746 3255 1761 3280 ,
1788 3225 1874 3286 qui
1912 3226 2129 3276 damnati
2163 3242 2325 3280 ment
2358 3232 2519 3280 adime·

1512 3309 1608 3357 ηις
1645 3300 1701 3347 1..
1728 3302 1954 3353 Caecilius
1983 3306 2218 3357 tribunus
2239 3310 2396 3375 plebis
2416 3324 2517 3357 am.

1513 3378 1617 3440 690
1645 3410 1659 3435 ,
1712 3379 1950 3431 Cicerone
1994 3402 2096 3435 coa.
2143 3390 2521 3453 promulgaverat

1513 3454 1695 3520 legem,
1733 3476 1879 3522 quam
1906 3473 2073 3512 tamen
2098 3482 2205 3514 uon
2230 3469 2453 3532 pertulit,
2472 3477 2523 3515 ut

1514 3534 1754 3586 damnatis
1796 3539 1860 3588 de
1905 3543 2095 3593 ambitu
2138 3547 2315 3597 licent
2366 3551 2521 3597 iterum

1512 3626 1675 3679 petere
1706 3620 2041 3683 magistratus,
2066 3623 2223 3688 idque
2256 3627 2311 3675 iu
2342 3628 2523 3692 gratiam

1512 3696 1565 3741 P.
1608 3696 1784 3756 snnae,
1822 3698 1984 3749 fratris
2018 3704 2097 3751 aui
2119 3736 2134 3762 ‚
2176 3705 2395 3756 triennio
2426 3718 2524 3754 ante

1512 3772 1743 3823 damuati.
1760 3778 1867 3825 Hoc
1886 3779 2169 3845 Torquatus
2192 3786 2438 3848 objecerat
2454 3823 2468 3847 ‚
2482 3796 2525 3831 et

1512 3852 1656 3903 diluit
1682 3856 1932 3919 ingenioae
1950 3860 2160 3911 Tullius.

1590 3948 1641 3981 a.
1676 3935 1740 3982 Ue
1766 3940 2035 3987 consultum
2062 3958 2181 3990 esse.
2208 3946 2271 3993 m
2298 3959 2402 4003 eat,
2426 3960 2525 3994 con-

408 4005 705 4071 de'junxerit:
729 4006 796 4055 al.
821 4006 1050 4055 divisa-it.
1082 4008 1206 4059 Mira
1233 4008 1433 4070 quidem
1520 4009 1677 4059 tulere
1702 4014 1926 4065 voluerit.
1950 4016 2034 4066 sic
2050 4020 2142 4069 MS
2164 4025 2343 4073 Franc.
2364 4024 2442 4073 ed.
2456 4036 2523 4087 pr.
