2594 4537
284 258 429 351 616
879 276 1165 346 GA·sP.
1220 278 1826 347 GARAToNn.

282 400 360 463 iis
392 421 429 463 a
459 412 691 463 senatu
724 418 1111 485 responsum
1140 394 1281 460 dari
1317 398 1562 486 patitur
1595 428 1640 460 ι.
1675 396 1776 461 De
1807 395 1931 461 hac
1959 396 2198 477 injuria
2239 399 2415 463 Plan-

282 506 460 569 cium
490 520 740 593 patrem
788 517 1299 589 conquerentem
1337 504 1554 592 paullo
1611 524 1806 593 supra
1843 502 2072 567 Cicero
2105 521 2370 569 excusat
2397 528 2413 569 :

285 642 313 669 α
340 634 548 701 quum
585 623 847 674 senatus
878 606 1304 696 impediretur
1321 658 1342 691 ,
1382 606 1737 697 quominus
1756 656 1775 691 ,
1807 607 1875 672 id
1902 608 2087 696 quod
2120 610 2418 675 hostibus

281 739 537 805 semper
556 731 693 779 erat
718 712 1061 796 tributum,
1096 736 1486 803 responsum
1520 714 1850 803 equitibus
1873 715 2165 779 romanis
2187 714 2418 780 redde-

282 840 484 905 retur,
518 836 639 885 etc.
659 851 685 877 n
721 822 1037 885 Catonem
1067 843 1235 886 vero·
1256 821 1474 911 ipsum
1505 819 1924 911 reprehendit
1955 819 2038 885 de
2063 818 2257 885 offic.
2293 822 2420 903 111,

286 950 412 994 aa:
458 957 486 983 «ι
514 928 656 1017 Ego
704 926 895 991 etiam
933 948 1088 991 cum
1133 927 1382 991 Catone
1433 948 1582 991 meo
1637 948 1804 1015 saepe
1853 924 2175 990 dissensi:
2229 926 2418 990 nimis

280 1034 441 1099 mihi
470 1030 1163 1126 praefracte-videbatur
1188 1034 1486 1097 aerarium
1502 1080 1522 1116 ,
1556 1032 2015 1122 vectigaliaque
2049 1030 2416 1113 defendere,

280 1139 501 1205 omnia
530 1139 891 1230 publicanis
936 1162 1170 1230 negare
1202 1172 1248 1204 ·.
1293 1141 1398 1206 Ibi
1432 1142 1649 1205 minus
1688 1138 1994 1205 adcurata
2029 1141 2416 1229 Heusingeri

280 1261 379 1311 est
412 1244 743 1311 adnotatio
782 1243 897 1333 (1).
948 1247 1117 1310 Toto
1160 1245 1447 1334 denique
1490 1246 1604 1311 illo
1647 1268 1823 1311 anno
1859 1245 2024 1309 nihil
2056 1244 2416 1334 publicanis

280 1339 576 1440 responsi
607 1349 867 1431 datum,
895 1350 1140 1413 Catone
1172 1367 1237 1415 et
1267 1350 1538 1415 consule
1568 1350 1832 1415 Metello
1863 1348 2378 1439 impedientibus
2395 1373 2414 1432 3

280 1476 676 1545 quamquam
722 1456 797 1519 C.
851 1457 1060 1520 Caesar
1104 1477 1258 1519 cum
1311 1457 1543 1520 Crasso
1598 1470 1665 1519 et
1707 1456 2020 1520 Cicerone
2058 1454 2303 1543 adsuit,
2349 1472 2416 1520 ut

278 1562 487 1645 docet,
506 1560 899 1643 scholiastes,
933 1584 1144 1627 eausoe
1156 1562 1676 1649 publicanorum,
1714 1563 1886 1627 inter
1920 1585 2034 1626 eos
2050 1610 2071 1643 ,
2099 1586 2272 1651 quos
2307 1562 2414 1627 ad·

264 1672 511 1755 jutom
539 1668 767 1733 Cicero
798 1667 1093 1756 appellat.
1132 1666 1409 1749 Quoties
1432 1668 1632 1757 igitur
1653 1689 1728 1731 ea
1753 1690 1858 1733 res
1879 1666 2218 1758 agebatur,
2241 1668 2412 1757 quod

279 1795 445 1862 saepe
478 1774 717 1837 factum
743 1772 833 1836 ait
865 1771 992 1836 Dio
1015 1820 1033 1854 ,
1065 1772 1413 1837 XXXVIII
1437 1819 1456 1854 ,
1491 1797 1555 1862 7,
1590 1774 1750 1838 Cato
1785 1772 2066 1839 dicendo
2099 1776 2412 1839 eximebat

280 1878 455 1945 diem
494 1900 511 1941 τ
574 1900 790 1965 neque
852 1877 1028 1941 enim
1072 1876 1249 1941 aliud
1305 1877 1516 1943 facere
1569 1894 1844 1967 poterat.
1896 1878 2200 1943 Tandem
2249 1904 2410 1945 anno

278 1984 411 2073 694
434 1984 845 2049 consulatum
878 1984 1067 2048 inivit
1100 1985 1343 2067 Caesar,
1379 2006 1592 2073 neque
1621 2000 1836 2049 tamen
1880 1985 1950 2048 in
1992 2002 2230 2051 senatu
2261 2010 2410 2051 con-

280 2089 447 2156 fecta
483 2112 585 2155 res
622 2105 768 2157 est:
810 2088 944 2153 sive
992 2090 1153 2153 Cato
1204 2089 1401 2153 etiam
1452 2106 1596 2154 tum
1631 2091 1923 2177 pris-tina
1971 2091 2411 2155 consuetudine

280 2196 537 2261 dicendi
562 2219 743 2261 mora
776 2194 943 2259 diem
966 2197 1341 2277 extraxerit,
1379 2209 1455 2258 ut
1480 2196 1549 2259 in
1574 2194 1692 2259 alia
1719 2219 1791 2260 re
1818 2195 1900 2260 de
1933 2197 2184 2261 Catone
2212 2199 2412 2261 Caesar

278 2303 449 2391 ipse,
478 2302 627 2366 Bell.
676 2302 810 2366 Civ.
848 2301 903 2382 1,
938 2299 1045 2382 32,
1084 2314 1310 2388 postea
1340 2301 1647 2388 scripsit·
1677 2301 1810 2368 sive
1829 2302 2052 2390 potius
2077 2303 2204 2367 hac
2238 2302 2318 2367 de
2345 2325 2410 2366 re

278 2408 441 2472 nihil
461 2408 769 2488 retulerit,
788 2423 864 2470 ut
887 2428 967 2470 ex
980 2405 1212 2488 Dione,
1230 2407 2016 2495 Appiano,Suetonioque
2047 2407 2404 2489 conficitur,

278 2515 551 2581 consul
533 2538 602 2579 ιιι
625 2513 922 2603 populari
948 2513 1197 2577 ratione
1230 2513 1855 2579 vehementissimus·
1879 2513 2176 2580 Valerius
2215 2515 2408 2579 Maxi·

278 2643 447 2701 mus,
480 2621 718 2701 11,10,
748 2643 813 2706 7,
852 2640 932 2681 ex
966 2620 1149 2682 omni
1180 2619 1568 2706 antiquitate
1601 2642 1774 2684 unus
1806 2635 1923 2701 est,
1957 2621 2074 2708 qui
2114 2620 2407 2684 Catonem

274 2725 576 2790 adversus
610 2724 991 2812 publicanos
1057 2728 1125 2790 in
1181 2725 1375 2791 Curia
1433 2725 1698 2790 dicendo
1755 2725 1922 2790 diem
1985 2727 2404 2792 attrahentem

276 2849 493 2896 narret
522 2855 559 2896 a
593 2832 841 2896 Caesare
868 2830 1135 2894 consule
1164 2829 1484 2919 prehendi
1509 2832 1798 2915 jussum,
1833 2855 2121 2922 eumque
2153 2835 2406 2898 nniver-

276 2961 349 3003 so
394 2953 623 3003 senatu
653 2952 1119 3026 prosequente,
1174 2934 1430 3025 pudore
1475 2937 1835 3003 dimissum.
1887 2937 2014 3002 Sed
2065 2938 2288 3027 potior
2315 2955 2408 3004 est

274 3045 435 3110 mihi
462 3045 692 3110 Dionis
740 3044 1086 3108 auctoritas
1104 3089 1125 3124 ,
1160 3044 1276 3131 qui
1317 3043 1464 3112 libri
1501 3043 1670 3109 illius
1709 3044 1898 3110 initio
1931 3043 2238 3110 adcurate
2277 3062 2406 3110 acta

275 3149 539 3216 Caesaris
570 3151 640 3214 in
674 3149 1018 3214 consulatu
1052 3164 1379 3230 recenset,
1429 3165 1493 3214 et
1536 3173 1676 3238 cap.
1718 3149 1789 3234 3,
1831 3150 1903 3214 id
1945 3150 2236 3216 evenisse
2273 3168 2404 3217 tum

270 3255 529 3338 scribit,
576 3277 785 3344 quum
827 3252 908 3318 de
946 3255 1187 3344 agraria
1220 3255 1362 3344 lege
1405 3255 1474 3320 in
1509 3271 1740 3320 senatu
1775 3272 2096 3346 ageretur,
2131 3279 2279 3344 quae
2313 3279 2404 3322 res

272 3377 409 3426 erat
458 3361 664 3430 multo
698 3361 1086 3449 gravissima.
1134 3359 1520 3425 Plutarchus
1554 3359 1982 3450 adstipulatur
2036 3363 2106 3425 in
2144 3363 2404 3428 Catonis

270 3468 418 3549 vita,
450 3488 586 3555 cap.
626 3464 745 3548 333
774 3463 889 3529 sed
920 3481 1126 3529 rostra
1156 3465 1321 3530 male
1355 3466 1548 3529 curiae
1579 3466 1918 3530 substituit
1935 3517 1953 3550 ,
1993 3489 2406 3556 erroremque

270 3575 407 3662 ipse
470 3594 665 3641 suum
727 3569 985 3658 prodit,
1034 3570 1195 3635 dum
1250 3587 1512 3636 senatus
1581 3572 1894 3638 Catonem
1957 3575 2403 3661 prosequentis

271 3681 669 3745 mentionem
700 3677 886 3760 facit,
924 3678 1039 3764 qui
1072 3693 1245 3743 certe
1280 3701 1417 3744 non
1445 3679 1664 3744 coibat
1695 3679 1767 3743 in
1799 3680 1968 3746 foro.
1991 3681 2222 3745 Ateius
2251 3704 2404 3769 quo-

271 3809 402 3874 que
427 3785 657 3874 Capito
683 3782 861 3872 apud
892 3782 1171 3848 Gellium
1190 3833 1209 3868 ,
1237 3784 1354 3867 IV,
1399 3809 1511 3869 ιο,
1545 3786 1660 3875 qui
1694 3809 1864 3868 rem,
1892 3785 1974 3850 de
2011 3810 2140 3874 qua
2179 3809 2402 3853 consu-

336 4013 413 4078 (ι)
450 4013 688 4062 Aecum-te
712 4014 875 4064 locum
896 4016 1043 4064 istum
1069 4031 1201 4066 nunc
1230 4019 1456 4067 tractavit
1483 4016 1678 4066 Beierus
1702 4017 1764 4064 V.
1789 4015 1869 4071 Cl-
1897 4018 1996 4068 Οι.
