2594 4537
326 261 470 347 416
976 256 1071 323 M.
1125 256 1201 322 T.
1256 256 1816 325 CICERONIS

326 404 413 453 ac
439 391 680 451 mente
710 374 999 471 opini0‚
1039 396 1275 469 quum
1303 378 1540 473 expeti
1579 374 1762 445 nihil
1791 372 1884 446 ab
1925 375 2087 459 ἦς’,
2127 374 2329 471 quod
2369 376 2458 446 sit

328 488 671 584 injustum
714 498 931 579 atque
972 482 1474 571 inhonestum,
1515 484 1884 557 arbitrere.
1919 488 2308 557 Hominem
2343 486 2458 555 in·

328 600 570 669 venire
616 598 749 665 ista
796 592 995 665 labes
1038 608 1194 664 tum
1216 648 1237 682 ‚
1294 620 1524 691 quum
1567 597 1807 667 omnia
1853 594 2150 666 tenebat
2171 649 2191 683 ,
2233 595 2460 666 nemi·

328 731 492 781 uem
536 704 807 803 potuit,
850 704 967 774 cui
1001 727 1195 773 meas
1240 703 1428 775 aedes
1470 702 1832 776 addiceret
1851 701 1905 792 ³,
1947 705 2068 775 cui
2099 703 2453 791 traderet,

326 818 441 891 cui
476 814 779 885 donaret
811 840 827 882 :
866 816 1020 911 ipse
1058 838 1286 909 quum
1322 812 1462 885 loci
1505 813 1736 902 illius,
1771 838 2002 915 quum
2035 812 2301 883 aedium
2343 838 2456 883 cu-

327 924 621 1025 piditate
664 922 1027 1019 flagraret,
1064 921 1161 993 ob
1198 946 1502 1021 eamque
1533 946 1818 994 causam
1845 946 2072 993 unam.
2097 947 2246 993 una
2269 921 2458 1017 justa

326 1036 443 1109 illa
472 1039 847 1133 rogatione
873 1058 999 1105 sua
1024 1034 1133 1103 vir
1158 1032 1400 1104 bonus
1427 1032 1806 1104 dominum
1832 1056 1908 1104 se
1933 1033 2014 1103 in
2037 1034 2218 1103 meis
2245 1030 2458 1103 bonis

329 1168 479 1217 esse
514 1134 891 1229 voluisset3
933 1156 1174 1213 tamen
1216 1143 1342 1214 illo
1378 1147 1536 1240 ipso
1572 1144 1650 1213 in
1685 1140 1933 1215 furore
1970 1167 2108 1214 suo
2151 1166 2310 1213 non
2352 1156 2460 1212 est

326 1277 541 1338 ausus
585 1276 819 1323 meam
874 1251 1173 1323 domum
1194 1304 1215 1337 ‚
1268 1251 1382 1347 cuj
1395 1276 1477 1321 us
1531 1252 1924 1350 cupiditate
1973 1251 2458 1323 inflammatus

326 1377 516 1451 erat,
569 1364 956 1462 possidere.
1012 1366 1201 1434 Deos
1252 1362 1692 1434 immortales
1739 1362 2152 1434 existimatis
2172 1416 2191 1447 ‚
2248 1363 2458 1457 cujus

323 1471 571 1545 labore
606 1487 677 1544 et
724 1472 1023 1543 consilio
1068 1496 1197 1542 sua
1230 1472 1371 1570 ipsi
1405 1472 1674 1569 templa
1713 1486 2138 1559 tenuerunt,
2183 1476 2261 1542 in
2301 1473 2458 1565 ejus

323 1582 623 1656 domum
655 1580 990 1654 afflictam
1025 1595 1100 1652 et
1132 1604 1454 1653 eversam
1491 1605 1620 1680 per
1651 1582 1914 1652 unius*
1958 1580 2278 1652 hominis
2303 1605 2456 1652 sce-

324 1694 727 1765 leratissimi
765 1688 1121 1763 nefarium
1158 1692 1618 1763 latrocinium
1660 1692 2068 1789 immigrare
2100 1691 2457 1762 voluisse?

326 1803 517 1873 Civis
554 1816 664 1872 est
702 1825 917 1872 nemo
954 1802 1030 1870 in
1068 1814 1271 1871 tanto
1307 1801 1622 1900 populo,
1669 1814 1864 1871 extra
1897 1802 2452 1871 contaminatam

324 1910 515 1983 illam
560 1924 633 1981 et
674 1925 1047 1983 cruentam
1082 1915 1158 1982 P.
1209 1910 1442 1982 Clodii
1489 1934 1784 1981 manum
1807 1965 1826 1998 ‚
1869 1911 2000 2007 qui
2040 1933 2195 1981 rem
2233 1909 2452 1981 ullam

326 2018 415 2091 de
452 2024 629 2091 meis
678 2018 893 2091 bonis
938 2022 1249 2118 attigerit
1273 2074 1293 2107 ‚
1329 2024 1458 2118 qui
1503 2044 1652 2091 non
1699 2044 1839 2119 pro
1877 2021 2026 2092 suis
2071 2020 2336 2119 opibus
2379 2022 2450 2090 in

326 2130 448 2202 illa
496 2144 917 2228 tempestate
976 2127 1381 2202 defenderit
1418 2158 1436 2199 z
1487 2144 1598 2217 at,
1644 2134 1775 2226 qui
1812 2128 2049 2225 aliqua
2095 2154 2172 2201 se
2209 2144 2450 2199 conta-

326 2241 541 2340 gione
599 2224 855 2338 praedae
880 2294 900 2328 ‚
960 2242 1317 2313 societatis
1339 2295 1359 2326 ‚
1435 2240 1820 2338 emptionis
1843 2293 1862 2328 ,
1928 2241 2449 2311 contaminave-

324 2365 535 2438 runt,
564 2349 841 2436 ,nullius
860 2374 1099 2446 neque
1137 2351 1417 2449 privati,
1456 2373 1696 2446 neque
1729 2348 2002 2446 publici
2025 2348 2276 2446 judicii
2305 2371 2450 2446 poe·

325 2481 493 2529 nam
523 2455 841 2552 effugere
871 2473 1287 2554 potuerunt.
1335 2461 1434 2528 Ex
1465 2459 1575 2529 his
1609 2459 1829 2556 igitur
1858 2458 2104 2546 bonis,
2142 2482 2448 2555 quorum

326 2640 437 2674 rum
461 2639 573 2671 eum
596 2623 746 2671 latere
769 2637 928 2687 pone.
964 2623 1153 2672 Deinde
1181 2626 1343 2687 cuim-

326 2701 465 2752 modi
488 2713 601 2750 eunt
628 2701 697 2748 dii
710 2703 733 2748 i'
756 2703 885 2750 Nam
913 2703 1079 2765 quales
1106 2703 1179 2752 illi
1206 2721 1346 2769 repe-

1431 2625 1550 2673 bant
1588 2641 1617 2674 a
1656 2624 1781 2688 diis,
1815 2625 1954 2690 quod
2001 2626 2224 2690 plerique
2269 2626 2448 2676 faciunt

1431 2703 1672 2754 homines.

324 2783 513 2832 rientur
528 2816 543 2843 ,
576 2782 684 2832 talis
705 2794 763 2831 ut
786 2783 851 2831 nit
876 2784 1019 2832 etiam
1042 2785 1111 2845 ie,
1138 2786 1224 2849 qni
1244 2785 1344 2834 illie

326 2863 519 2928 placere
542 2879 600 2910 ae
624 2879 797 2928 parere
821 2863 953 2912 volet
966 2896 981 2921 ,
1004 2879 1155 2928 opera
1178 2881 1346 2914 neees-

326 2943 457 2992 nrio
481 2943 641 2992 danda
662 2943 754 2992 erit
768 2977 783 3002 ,
806 2955 853 2992 et
880 2955 939 2993 nt
955 2959 1099 3008 quam
1122 2945 1345 3009 proxime

325 3023 391 3070 ad
430 3038 599 3071 eornm
640 3023 1003 3072 cimilitudinem
1038 3023 1253 3073 accedat.
1292 3022 1346 3068 Si

326 3115 507 3150 numen
532 3099 674 3152 fidele
701 3113 800 3160 eet,
826 3101 967 3150 illum
997 3117 1193 3167 qnoque
1226 3101 1346 3150 fide·

326 3181 421 3229 lem
436 3197 537 3229 esse
550 3191 762 3245 oportet.
778 3181 1060 3244 Siliberum,
1072 3182 1350 3246 illumque-

329 3275 426 3322 qne
448 3259 671 3308 liberum.
692 3259 745 3307 Si
760 3258 1061 3318 beneficum,
1078 3259 1219 3308 illum
1230 3275 1348 3324 quo-

329 3353 425 3401 qne
442 3337 732 3386 beneficum.
748 3339 801 3388 Si
812 3340 1190 3404 magnanimum,
1206 3339 1348 3388 illum

327 3431 524 3480 qnoque
540 3418 895 3480 magnanimum
914 3434 1019 3467 esee
1041 3417 1292 3482 oportebit
1305 3441 1349 3468 n.

399 3511 450 3545 a.
475 3497 637 3558 Quum
670 3495 835 3560 expeti
854 3495 983 3544 m'ln'l
1012 3497 1080 3544 ab
1106 3496 1192 3559 iis,
1216 3496 1354 3562 quod

324 3575 391 3623 sie
412 3572 643 3640 injustum
664 3587 815 3638 acque
830 3574 1150 3624 inhonestum.
1172 3578 1346 3640 Itaque

330 3653 471 3701 Plato
492 3665 543 3702 et
572 3651 657 3700 alii
672 3649 959 3718 philosophi
978 3655 1223 3714 sentiunt,
1242 3670 1350 3702 nou

326 3732 423 3780 nisi
454 3734 719 3796 sapientem
760 3744 929 3781 tenere
968 3744 1121 3783 artem
1152 3733 1342 3782 orandi.

325 3811 455 3860 nine
495 3811 724 3872 Persius,
764 3814 867 3862 Sat.
896 3813 978 3872 11,
1005 3822 1057 3860 et
1088 3813 1342 3860 Juvenu-

328 3890 471 3938 satira
510 3890 695 3938 decime
738 3891 1047 3953 exagitarunt
1084 3890 1219 3953 illos,
1254 3893 1342 3956 qni

331 3982 479 4030 nna,
502 3978 553 4014 et
584 3968 781 4029 inania,
818 3979 867 4016 et
892 3968 989 4016 sibi
1024 3970 1171 4020 noxi·
1206 3981 1344 4035 pete-

1502 2784 1552 2832 3.
1573 2783 1662 2833 Cui
1677 2799 1814 2832 meas
1836 2785 1965 2834 πᾶσι
2002 2787 2269 2837 addiceret.
2295 2793 2366 2838 In
2389 2805 2444 2838 ex

1431 2862 1667 2911 lambino
1686 2865 1948 2922 Gruterus,
1975 2879 2238 2930 omnesque
2253 2881 2444 2933 postea:

1433 2951 1484 2990 et
1541 2941 1762 2990 ordinem
1814 2953 2004 2992 tuntum
2065 2944 2247 2995 habent
2305 2949 2445 2996 alium

1434 3023 1583 3070 Hei-v.
1627 3030 1678 3068 et
1721 3023 1916 3074 Manat.
1954 3023 2242 3076 exhibentes
2265 3063 2279 3086 ‚
2327 3051 2354 3072 ι
2371 3031 2444 3078 eui

1433 3099 1560 3150 edes
1577 3116 1704 3150 meu
1713 3123 1754 3148 ιο.
1772 3102 1870 3150 Sed
1887 3101 2044 3153 editio
2054 3107 2198 3152 Rom.
2211 3107 2446 3174 princeps,

1435 3191 1486 3228 et
1502 3182 1628 3228 Ven.
1655 3182 1819 3242 1483,
1865 3193 1915 3230 et
1951 3182 2114 3248 Naug.
2159 3187 2280 3234 -eni
2315 3188 2446 3236 sedes

1433 3275 1563 3308 meas
1587 3258 1890 3326 addiceret».
2293 3293 2298 3296 -

1508 3347 1560 3395 4.
1581 3341 1679 3386 Per
1713 3338 1872 3390 unius.
1919 3339 2072 3389 Unius
2108 3342 2281 3407 frigere
2315 3357 2444 3409 punt

1437 3419 1623 3466 Ernest.
1655 3427 1704 3466 et
1723 3418 1888 3468 mallet
1917 3418 2068 3468 istius.
2099 3424 2258 3470 Immo
2279 3423 2330 3472 id
2355 3435 2444 3474 tm

1435 3497 1626 3560 elegans
1649 3509 1745 3558 eet,
1775 3508 1920 3562 atque
1945 3511 2380 3566 opportunnm‚ut
2401 3521 2446 3554 ne

1435 3575 1513 3624 vel
1531 3575 1680 3624 unico
1701 3591 1763 3625 ex
1781 3577 1954 3626 codice
1974 3579 2246 3642 approbare
2267 3595 2440 3646 posset.

1433 3655 1584 3718 Quod
1611 3656 1686 3702 vir
1710 3672 1914 3721 magnus
1951 3659 2178 3722 profecto
2209 3663 2441 3724 sensisset,

1435 3735 1528 3783 nisi
1563 3735 1609 3783 ei
1644 3735 1743 3783 loci
1784 3737 1964 3785 similes
2004 3739 2324 3801 excidissent,
2365 3745 2443 3806 qui

1429 3814 1561 3878 apud
1576 3813 1792 3864 Tullium
1811 3816 2087 3880 complures
2105 3829 2312 3870 exet-tut.
2335 3822 2442 3871 Col·

1428 3893 1545 3956 legit
1559 3893 1662 3953 jam
1685 3893 1954 3944 nonnullos
1969 3897 2196 3946 Gravius
2213 3900 2276 3948 ad
2291 3914 2394 3964 cap.
2411 3909 2440 3956 ι

1433 3972 1487 4019 in
1506 3971 1674 4021 vatin.
