2594 4537
183 372 188 380 Ι
423 286 432 292 ’
537 278 932 346 ORATIO
981 278 1192 346 PRO
1240 277 1395 347 CN.
1445 276 1939 348 PLANCIO.
2167 274 2307 376 547

163 398 442 471 fuerint
477 410 874 496 praerogata
893 396 970 467 4?
1002 401 1172 490 Quo
1213 396 1507 495 quidem
1552 410 1880 497 tempore
1899 455 1922 489 ,
1948 401 2009 471 si
2034 398 2109 471 id
2126 455 2146 487 ‚
2182 404 2312 475 La·

163 510 477 581 terensis
504 562 525 597 ,
573 506 810 581 facere
855 508 1206 581 voluisses
1223 560 1245 597 ‚
1280 523 1409 580 aut
1454 508 1514 581 si
1564 510 1929 606 gravitatis
1974 532 2126 583 esse
2171 534 2310 609 pu·

164 634 398 691 tasses
437 633 624 706 tuae,
677 616 882 721 quod
929 619 1149 690 multi
1199 617 1490 690 nobiles
1541 643 1730 718 saepe
1780 618 2142 711 fecerunt,
2187 638 2314 710 ut,

163 754 408 828 quum
455 732 700 801 minus
734 728 1130 801 valuissent
1159 726 1523 827 suffragiis
1538 726 1595 816 ⁵,
1632 756 1853 827 quam
1900 746 2276 830 putassent
2294 788 2315 824 ,

169 854 462 939 postea,
497 839 798 939 prolatis
830 840 1140 913 comitiis
1158 894 1179 926 ‚
1205 854 1757 939 prosternerent
1782 866 1857 915 se
1880 897 1899 932 ‚
1934 859 2009 916 et
2036 845 2316 943 populo

165 974 482 1023 romano
505 1006 526 1037 ‚
585 948 816 1023 fracto
875 953 1121 1022 animo
1183 965 1403 1050 atque
1462 950 1721 1023 humili
1772 954 2317 1052 supplicarent3

167 1084 324 1131 non
371 1058 674 1147 dubito,
718 1064 898 1158 quin
941 1063 1181 1133 omnis
1231 1060 1323 1133 ad
1374 1076 1445 1133 te
1496 1086 1930 1135 conversura
1974 1090 2051 1137 se
2097 1064 2322 1138 fuerit

165 1169 596 1243 multitudo.
653 1174 1070 1269 Numquam
1125 1172 1325 1243 enim
1385 1170 1761 1261 nobilitas,
1814 1175 2093 1274 integra
2133 1200 2316 1275 prae·

165 1282 422 1353 sertim
457 1295 678 1379 atque
703 1283 1060 1353 innocens
1077 1336 1099 1370 ‚
1135 1305 1178 1351 a
1215 1283 1501 1380 populo
1530 1308 1833 1355 romano
1866 1287 2176 1385 supplex
2210 1312 2321 1360 re·

163 1388 470 1489 pudiata
505 1390 668 1463 fuit.
718 1390 900 1481 Sed,
934 1395 995 1463 si
1047 1389 1182 1463 tibi
1233 1392 1543 1490 gravitas
1590 1408 1751 1483 tua,
1788 1408 1862 1465 et
1888 1396 2316 1491 magnitudo

168 1502 394 1573 animi
417 1556 438 1592 ,
474 1501 704 1599 pluris
733 1499 874 1572 fuit
891 1555 911 1590 ‚
941 1504 1128 1574 sicut
1153 1526 1308 1573 esse
1333 1502 1593 1575 debuit
1616 1558 1637 1591 ‚
1666 1500 1935 1602 quam⁶
1974 1502 2269 1577 aedilitas
2298 1534 2313 1574 ε

169 1609 369 1699 noli,
406 1636 640 1709 quum
671 1610 940 1683 habeas
976 1613 1050 1683 id
1075 1664 1095 1701 ‚
1127 1611 1331 1710 quod
1363 1614 1737 1700 malueris,
1776 1612 2183 1687 desiderare
2220 1616 2321 1699 id,

171 1718 378 1817 quod
431 1720 736 1792 minoris
791 1723 1090 1818 putaris.
1141 1722 1503 1819 Equidem
1545 1726 1865 1821 primum
1912 1740 2001 1795 ut
2040 1724 2323 1800 honore

173 1830 442 1927 dignus
473 1852 743 1920 essem,
778 1833 1090 1904 maxime
1125 1856 1414 1931 semper
1448 1831 1805 1924 laboravi3
1842 1836 2165 1908 secundo
2187 1891 2208 1927 ,
2238 1852 2323 1909 ut

174 1943 666 2030 existimarem
707 1944 1004 2015 tertium
1057 1940 1236 2013 mihi
1275 1940 1417 2015 fuit
1452 1942 1671 2033 illud,
1707 1944 1911 2042 quod
1956 1946 2321 2044 plerisque

177 2052 502 2148 primum
537 2067 644 2124 est
667 2104 688 2141 ‚
720 2054 878 2151 ipse
917 2051 1157 2126 honos
1187 2078 1204 2121 ε
1259 2056 1389 2150 qui
1424 2054 1511 2125 iis
1547 2053 1872 2151 denique
1910 2053 2131 2128 debet
2167 2078 2321 2129 esse

170 2162 542 2255 jucundus
562 2216 581 2251 ,
631 2186 950 2261 quorum
999 2162 1329 2261 dignitati
1376 2163 1695 2262 populus
1736 2186 2083 2235 romanus
2117 2166 2317 2238 testi-

175 2275 549 2360 monium,
587 2298 736 2345 non
773 2273 1212 2346 beneficium
1241 2273 1627 2346 ambitioni
1654 2273 1877 2346 dedit.

272 2387 464 2454 xxl.
525 2387 802 2474 Quaeris
851 2388 1069 2456 etiam
1088 2439 1108 2473 ‚
1165 2387 1567 2458 Laterensis
1588 2441 1607 2476 ‚
1651 2385 1832 2483 quid
1882 2385 2319 2484 imaginibus

175 2493 356 2583 tuis,
395 2494 575 2592 quid
611 2498 1070 2567 ornatissimo
1112 2511 1333 2594 atque
1372 2499 1653 2596 optimo
1688 2501 1845 2570 viro
1868 2552 1887 2586 ,
1919 2500 2106 2595 patri
2146 2511 2276 2571 tuo
2296 2554 2315 2589 ,

172 2603 619 2702 respondeas
659 2619 972 2677 mortun.
1027 2607 1198 2679 Noli
1253 2608 1387 2680 ista
1439 2606 1811 2697 meditari;
1861 2621 2082 2706 atque
2134 2607 2313 2679 illud

172 2740 347 2788 cave
383 2721 666 2814 potius,
705 2741 800 2788 ne
837 2732 962 2788 tua
999 2719 1134 2788 ista
1178 2718 1477 2816 querela
1510 2717 1868 2816 dolorque
1912 2721 2183 2792 nimius
2220 2717 2313 2790 ab

171 2824 315 2896 illis
372 2827 910 2924 sapientissimis
973 2827 1144 2896 viris
1201 2825 1800 2925 reprehendatur.
1858 2825 2059 2896 Vidit
2115 2826 2313 2896 enim

172 2949 382 3034 pater
415 2951 626 3027 tuu3‚
665 2938 983 3035 Appium
1019 2933 1401 3008 Claudium
1428 2990 1447 3023 ,
1490 2935 2021 3009 nobilissimum
2072 2933 2311 3005 homi-

172 3069 342 3117 nem
360 3099 380 3128 ‚
419 3049 584 3118 vivo
619 3061 828 3145 patre
859 3070 992 3118 suo
1013 3097 1033 3132 ‚
1059 3047 1565 3143 potentissimo
1598 3061 1673 3117 et
1704 3045 2097 3118 clarissimo
2127 3045 2315 3131 cive,

171 3159 252 3226 C.
289 3155 627 3246 claudio,
663 3155 945 3228 aedilem
979 3180 1131 3228 non
1157 3179 1315 3228 esse
1342 3151 1608 3228 factum
1631 3209 1651 3242 ‚
1685 3168 1759 3226 et
1793 3151 2128 3226 eumdem
2159 3153 2317 3222 sine

169 3265 466 3364 repulsa
507 3264 780 3341 factum
829 3291 984 3339 esse
1033 3266 1453 3340 consulem:
1493 3263 1710 3351 vidit,
1758 3263 2131 3335 hominem
2179 3261 2317 3336 sibi

175 3379 484 3448 maxime
543 3377 1016 3472 conjunctum
1047 3429 1067 3466 ‚
1133 3378 1505 3476 egregium
1566 3376 1801 3445 virum
1832 3428 1851 3462 ‚
1913 3377 1996 3446 L.
2056 3375 2315 3446 Volca-

242 3563 294 3610 4.
321 3555 633 3618 Proerogaea.
662 3552 887 3603 Graevius
917 3564 968 3602 et
999 3551 1197 3602 uilem.
1287 3563 1393 3600 tum
1454 3550 1729 3616 superbiam
1784 3550 2077 3602 retundebat
2100 3584 2117 3611 ,
2186 3566 2315 3614 quos

159 3631 487 3698 pust-offatim
510 3649 574 3681 ex
600 3632 748 3682 codd.
771 3633 940 3696 Regiis
965 3643 1014 3680 et
1035 3633 1202 3696 priore
1288 3633 1468 3696 sepina
1511 3629 1575 3678 ad
1623 3630 1853 3678 humilem
1905 3630 2315 3694 supplic-tion

167 3715 358 3762 Venet.
372 3711 558 3760 Summi
583 3712 892 3776 magistratus
918 3711 1202 3761 centuriatis
1290 3710 1587 3760 descendere
1628 3709 1862 3775 cogebat,
1897 3723 2163 3773 eorumque
2196 3724 2317 3773 gau·

167 3790 386 3838 comiffln
400 3827 416 3852 ,
441 3790 551 3850 alii,
573 3799 630 3838 ut
645 3791 836 3852 adila,
857 3791 1055 3840 tributis
1073 3807 1204 3840 cm-
1293 3790 1441 3839 debat
1462 3793 1722 3840 anxietate.

169 3873 366 3920 bantur.
1177 3925 1180 3930 ,
1324 3919 1333 3924 ,
1362 3869 1417 3920 6.
1443 3867 1737 3936 Magnitudo
1763 3867 1919 3916 anirm'
1934 3866 2094 3932 pluris
2103 3865 2235 3933 [κίε.
2258 3905 2270 3916 .
2294 3905 2306 3916 .

247 3948 296 3996 5.
325 3950 486 4014 Quum
517 3949 674 3997 minus
709 3948 986 3998 valuissent
1012 3945 1202 4014 affra·
1293 3965 1445 4016 quam
1482 3945 1717 3998 aedile‘eas.
1771 3949 2073 3996 latet-ensem
2119 3948 2285 3998 laudnt
2298 3983 2317 4006 ,

164 4027 287 4092 giis.
309 4028 530 4092 Populos
555 4043 684 4078 rom.
707 4027 758 4076 in
777 4027 990 4078 comitiis
1015 4042 1208 4095 magna-
1295 4029 1433 4093 quod
1449 4041 1592 4078 antea
1616 4029 1891 4080 vibonem·
1914 4028 2153 4092 petitione
2175 4027 2323 4076 detti·

1834 4216 1843 4239 Ι
1910 4112 2022 4185 35.
