<?xml version="1.0" encoding="UTF-8"?>
<!DOCTYPE html PUBLIC "-//W3C//DTD XHTML 1.0 Transitional//EN"
    "http://www.w3.org/TR/xhtml1/DTD/xhtml1-transitional.dtd">
<html xmlns="http://www.w3.org/1999/xhtml" xml:lang="en" lang="en">
 <head>
  <title>
</title>
<meta http-equiv="Content-Type" content="text/html;charset=utf-8" />
  <meta name='ocr-system' content='tesseract 3.04.00' />
  <meta name='ocr-capabilities' content='ocr_page ocr_carea ocr_par ocr_line ocrx_word'/>
</head>
<body>
  <div class='ocr_page' id='page_1' title='image "./mtciceronisquae05lemagoog_0095.png"; bbox 0 0 2594 4537; ppageno 0'>
   <div class='ocr_carea' id='block_1_1' title="bbox 372 332 2231 418">
    <p class='ocr_par' dir='ltr' id='par_1_1' title="bbox 372 332 2231 418">
     <span class='ocr_line' id='line_1_1' title="bbox 372 332 2231 418; baseline 0.002 -5"><span class='ocrx_word' id='word_1_1' title='bbox 372 332 1117 413; x_wconf 71' lang='grc' dir='ltr'><strong>οοΜΜΕΝΤΑΒῙυΒ</strong></span> <span class='ocrx_word' id='word_1_2' title='bbox 1167 339 1491 412; x_wconf 67' lang='lat' dir='ltr'><strong>senon</strong></span> <span class='ocrx_word' id='word_1_3' title='bbox 1534 334 1919 415; x_wconf 77' lang='lat' dir='ltr'><strong>AMssRos.</strong></span> <span class='ocrx_word' id='word_1_4' title='bbox 2136 332 2231 418; x_wconf 71' lang='grc'><strong>83</strong></span> 
     </span>
    </p>
   </div>
   <div class='ocr_carea' id='block_1_2' title="bbox 109 457 2230 654">
    <p class='ocr_par' dir='ltr' id='par_1_2' title="bbox 109 457 2230 654">
     <span class='ocr_line' id='line_1_2' title="bbox 109 457 2230 562; baseline 0.003 -28"><span class='ocrx_word' id='word_1_5' title='bbox 109 468 192 535; x_wconf 87' lang='lat' dir='ltr'><strong>sit</strong></span> <span class='ocrx_word' id='word_1_6' title='bbox 229 466 306 535; x_wconf 86' lang='lat' dir='ltr'><strong>in</strong></span> <span class='ocrx_word' id='word_1_7' title='bbox 355 460 642 537; x_wconf 86' lang='lat' dir='ltr'><strong>tabulas</strong></span> <span class='ocrx_word' id='word_1_8' title='bbox 692 457 1016 562; x_wconf 81' lang='lat' dir='ltr'><strong>publicas</strong></span> <span class='ocrx_word' id='word_1_9' title='bbox 1065 462 1421 536; x_wconf 81' lang='lat' dir='ltr'><strong>retulisse.</strong></span> <span class='ocrx_word' id='word_1_10' title='bbox 1482 468 1550 537; x_wconf 90' lang='grc' dir='ltr'><strong>Ο</strong></span> <span class='ocrx_word' id='word_1_11' title='bbox 1600 464 1701 536; x_wconf 82' lang='lat' dir='ltr'><strong>dii</strong></span> <span class='ocrx_word' id='word_1_12' title='bbox 1742 466 2230 543; x_wconf 75' lang='lat' dir='ltr'><strong>immortales!</strong></span> 
     </span>
     <span class='ocr_line' id='line_1_3' title="bbox 111 576 526 654; baseline -0.005 -21"><span class='ocrx_word' id='word_1_13' title='bbox 111 580 176 634; x_wconf 83' lang='lat' dir='ltr'><strong>Et</strong></span> <span class='ocrx_word' id='word_1_14' title='bbox 205 576 526 654; x_wconf 80' lang='lat' dir='ltr'><strong>reliquum.</strong></span> 
     </span>
    </p>
   </div>
   <div class='ocr_carea' id='block_1_3' title="bbox 111 686 2243 865">
    <p class='ocr_par' dir='ltr' id='par_1_3' title="bbox 111 686 2243 865">
     <span class='ocr_line' id='line_1_4' title="bbox 175 686 2241 769; baseline 0 -21"><span class='ocrx_word' id='word_1_15' title='bbox 175 694 350 749; x_wconf 82' lang='lat' dir='ltr'><strong>Juxta</strong></span> <span class='ocrx_word' id='word_1_16' title='bbox 365 686 448 769; x_wconf 88' lang='lat'><strong>(1)</strong></span> <span class='ocrx_word' id='word_1_17' title='bbox 467 686 810 767; x_wconf 78' lang='lat' dir='ltr'><strong>dignitatem</strong></span> <span class='ocrx_word' id='word_1_18' title='bbox 835 706 1101 767; x_wconf 70' lang='lat' dir='ltr'><strong>persona</strong></span> <span class='ocrx_word' id='word_1_19' title='bbox 1119 689 1184 747; x_wconf 81' lang='lat' dir='ltr'><strong>in</strong></span> <span class='ocrx_word' id='word_1_20' title='bbox 1213 703 1512 749; x_wconf 76' lang='lat' dir='ltr'>excessum</span> <span class='ocrx_word' id='word_1_21' title='bbox 1538 688 1701 748; x_wconf 69' lang='lat' dir='ltr'><strong>loom</strong></span> <span class='ocrx_word' id='word_1_22' title='bbox 1728 700 1884 749; x_wconf 78' lang='lat' dir='ltr'><strong>totus</strong></span> <span class='ocrx_word' id='word_1_23' title='bbox 1916 688 2241 749; x_wconf 63' lang='lat' dir='ltr'><strong>effunditur</strong></span> 
     </span>
     <span class='ocr_line' id='line_1_5' title="bbox 111 783 2243 865; baseline 0.002 -22"><span class='ocrx_word' id='word_1_24' title='bbox 111 804 228 843; x_wconf 87' lang='lat' dir='ltr'><strong>cum</strong></span> <span class='ocrx_word' id='word_1_25' title='bbox 272 783 672 865; x_wconf 82' lang='lat' dir='ltr'><strong>indignatione</strong></span> <span class='ocrx_word' id='word_1_26' title='bbox 721 783 1064 843; x_wconf 86' lang='lat' dir='ltr'><strong>vehementi.</strong></span> <span class='ocrx_word' id='word_1_27' title='bbox 1123 783 1220 845; x_wconf 88' lang='lat' dir='ltr'><strong>Fit</strong></span> <span class='ocrx_word' id='word_1_28' title='bbox 1269 784 1425 843; x_wconf 87' lang='lat' dir='ltr'><strong>enim</strong></span> <span class='ocrx_word' id='word_1_29' title='bbox 1464 785 1798 863; x_wconf 86' lang='lat' dir='ltr'><strong>conjectura</strong></span> <span class='ocrx_word' id='word_1_30' title='bbox 1852 784 2115 852; x_wconf 82' lang='lat' dir='ltr'><strong>incidens</strong></span> <span class='ocrx_word' id='word_1_31' title='bbox 2165 806 2243 847; x_wconf 83' lang='lat' dir='ltr'><strong>an</strong></span> 
     </span>
    </p>
   </div>
   <div class='ocr_carea' id='block_1_4' title="bbox 109 870 2249 1449">
    <p class='ocr_par' dir='ltr' id='par_1_4' title="bbox 109 870 2249 1449">
     <span class='ocr_line' id='line_1_6' title="bbox 109 870 2246 965; baseline 0.005 -26"><span class='ocrx_word' id='word_1_32' title='bbox 109 888 168 940; x_wconf 86' lang='lat' dir='ltr'><strong>P.</strong></span> <span class='ocrx_word' id='word_1_33' title='bbox 189 882 364 943; x_wconf 70' lang='lat' dir='ltr'><strong>Sulla:</strong></span> <span class='ocrx_word' id='word_1_34' title='bbox 389 881 989 951; x_wconf 53' lang='lat' dir='ltr'><strong>nomenssubtraxerit</strong></span> <span class='ocrx_word' id='word_1_35' title='bbox 1014 884 1250 957; x_wconf 87' lang='lat' dir='ltr'><strong>Cicero,</strong></span> <span class='ocrx_word' id='word_1_36' title='bbox 1285 895 1344 942; x_wconf 91' lang='lat' dir='ltr'><strong>et</strong></span> <span class='ocrx_word' id='word_1_37' title='bbox 1380 882 1445 943; x_wconf 93' lang='lat' dir='ltr'><strong>id</strong></span> <span class='ocrx_word' id='word_1_38' title='bbox 1471 870 1655 963; x_wconf 82' lang='lat' dir='ltr'><strong>egerit</strong></span> <span class='ocrx_word' id='word_1_39' title='bbox 1682 904 1755 945; x_wconf 86' lang='lat' dir='ltr'><strong>ne</strong></span> <span class='ocrx_word' id='word_1_40' title='bbox 1783 884 1845 945; x_wconf 90' lang='lat' dir='ltr'><strong>in</strong></span> <span class='ocrx_word' id='word_1_41' title='bbox 1872 885 2099 947; x_wconf 83' lang='lat' dir='ltr'><strong>tabulas</strong></span> <span class='ocrx_word' id='word_1_42' title='bbox 2131 907 2246 965; x_wconf 77' lang='lat' dir='ltr'><strong>pu·-</strong></span> 
     </span>
     <span class='ocr_line' id='line_1_7' title="bbox 109 970 2245 1059; baseline 0.004 -22"><span class='ocrx_word' id='word_1_43' title='bbox 109 976 272 1039; x_wconf 80' lang='lat' dir='ltr'><strong>blicas</strong></span> <span class='ocrx_word' id='word_1_44' title='bbox 299 970 639 1039; x_wconf 77' lang='lat' dir='ltr'><strong>referretur.</strong></span> <span class='ocrx_word' id='word_1_45' title='bbox 667 984 801 1040; x_wconf 84' lang='lat' dir='ltr'><strong>Non</strong></span> <span class='ocrx_word' id='word_1_46' title='bbox 829 970 1034 1039; x_wconf 85' lang='lat' dir='ltr'><strong>debuit</strong></span> <span class='ocrx_word' id='word_1_47' title='bbox 1059 999 1198 1059; x_wconf 81' lang='lat' dir='ltr'><strong>ergo</strong></span> <span class='ocrx_word' id='word_1_48' title='bbox 1223 979 1523 1040; x_wconf 84' lang='lat' dir='ltr'><strong>humiliter</strong></span> <span class='ocrx_word' id='word_1_49' title='bbox 1552 995 1612 1040; x_wconf 89' lang='lat' dir='ltr'><strong>et</strong></span> <span class='ocrx_word' id='word_1_50' title='bbox 1642 979 1842 1043; x_wconf 78' lang='lat' dir='ltr'><strong>timide</strong></span> <span class='ocrx_word' id='word_1_51' title='bbox 1868 981 2019 1043; x_wconf 86' lang='lat' dir='ltr'><strong>banc</strong></span> <span class='ocrx_word' id='word_1_52' title='bbox 2050 979 2245 1045; x_wconf 75' lang='lat' dir='ltr'><strong>desen·</strong></span> 
     </span>
     <span class='ocr_line' id='line_1_8' title="bbox 109 1064 2247 1163; baseline 0.004 -30"><span class='ocrx_word' id='word_1_53' title='bbox 109 1077 346 1149; x_wconf 80' lang='lat' dir='ltr'><strong>sionem,</strong></span> <span class='ocrx_word' id='word_1_54' title='bbox 394 1076 500 1136; x_wconf 89' lang='lat' dir='ltr'><strong>sed</strong></span> <span class='ocrx_word' id='word_1_55' title='bbox 545 1096 678 1136; x_wconf 90' lang='lat' dir='ltr'><strong>cum</strong></span> <span class='ocrx_word' id='word_1_56' title='bbox 727 1070 952 1156; x_wconf 86' lang='lat' dir='ltr'><strong>impetu</strong></span> <span class='ocrx_word' id='word_1_57' title='bbox 997 1069 1452 1159; x_wconf 65' lang='lat' dir='ltr'><strong>flagrantissimae</strong></span> <span class='ocrx_word' id='word_1_58' title='bbox 1500 1064 1913 1159; x_wconf 67' lang='lat' dir='ltr'><strong>indignationis</strong></span> <span class='ocrx_word' id='word_1_59' title='bbox 1962 1082 2207 1163; x_wconf 84' lang='lat' dir='ltr'><strong>implere</strong></span> <span class='ocrx_word' id='word_1_60' title='bbox 2226 1117 2247 1155; x_wconf 55' lang='lat'><em>5</em></span> 
     </span>
     <span class='ocr_line' id='line_1_9' title="bbox 111 1174 2249 1260; baseline 0.003 -27"><span class='ocrx_word' id='word_1_61' title='bbox 111 1174 260 1253; x_wconf 83' lang='lat' dir='ltr'><strong>quasi</strong></span> <span class='ocrx_word' id='word_1_62' title='bbox 299 1174 548 1233; x_wconf 80' lang='lat' dir='ltr'><strong>monstri</strong></span> <span class='ocrx_word' id='word_1_63' title='bbox 581 1174 767 1236; x_wconf 88' lang='lat' dir='ltr'><strong>simile</strong></span> <span class='ocrx_word' id='word_1_64' title='bbox 790 1176 898 1251; x_wconf 79' lang='lat' dir='ltr'><strong>sit,</strong></span> <span class='ocrx_word' id='word_1_65' title='bbox 939 1174 1000 1235; x_wconf 89' lang='lat' dir='ltr'><strong>in</strong></span> <span class='ocrx_word' id='word_1_66' title='bbox 1031 1188 1192 1235; x_wconf 84' lang='lat' dir='ltr'><strong>tanto</strong></span> <span class='ocrx_word' id='word_1_67' title='bbox 1222 1177 1461 1237; x_wconf 87' lang='lat' dir='ltr'><strong>consule</strong></span> <span class='ocrx_word' id='word_1_68' title='bbox 1490 1174 1709 1257; x_wconf 84' lang='lat' dir='ltr'><strong>aliquid</strong></span> <span class='ocrx_word' id='word_1_69' title='bbox 1740 1178 1998 1260; x_wconf 81' lang='lat' dir='ltr'><strong>potuisse</strong></span> <span class='ocrx_word' id='word_1_70' title='bbox 2026 1178 2249 1239; x_wconf 79' lang='lat' dir='ltr'><strong>fraudis</strong></span> 
     </span>
     <span class='ocr_line' id='line_1_10' title="bbox 111 1269 2249 1355; baseline 0.004 -28"><span class='ocrx_word' id='word_1_71' title='bbox 111 1272 374 1331; x_wconf 76' lang='lat' dir='ltr'><strong>exsistere</strong></span> <span class='ocrx_word' id='word_1_72' title='bbox 391 1272 500 1351; x_wconf 70' lang='lat' dir='ltr'><strong>(a).</strong></span> <span class='ocrx_word' id='word_1_73' title='bbox 527 1276 632 1333; x_wconf 77' lang='lat' dir='ltr'><strong>Hae</strong></span> <span class='ocrx_word' id='word_1_74' title='bbox 651 1285 787 1333; x_wconf 90' lang='lat' dir='ltr'><strong>sunt</strong></span> <span class='ocrx_word' id='word_1_75' title='bbox 809 1269 1176 1333; x_wconf 82' lang='lat' dir='ltr'><strong>defensiones</strong></span> <span class='ocrx_word' id='word_1_76' title='bbox 1187 1293 1319 1352; x_wconf 80' lang='lat' dir='ltr'><strong>quae</strong></span> <span class='ocrx_word' id='word_1_77' title='bbox 1342 1274 1405 1335; x_wconf 87' lang='lat' dir='ltr'><strong>in</strong></span> <span class='ocrx_word' id='word_1_78' title='bbox 1420 1274 1686 1353; x_wconf 78' lang='lat' dir='ltr'><strong>personis</strong></span> <span class='ocrx_word' id='word_1_79' title='bbox 1703 1272 2025 1335; x_wconf 81' lang='lat' dir='ltr'><strong>illustribus</strong></span> <span class='ocrx_word' id='word_1_80' title='bbox 2049 1294 2249 1355; x_wconf 84' lang='lat' dir='ltr'><strong>quem-</strong></span> 
     </span>
     <span class='ocr_line' id='line_1_11' title="bbox 113 1364 1102 1449; baseline 0.002 -24"><span class='ocrx_word' id='word_1_81' title='bbox 113 1364 234 1427; x_wconf 78' lang='lat' dir='ltr'><strong>dam</strong></span> <span class='ocrx_word' id='word_1_82' title='bbox 261 1368 536 1449; x_wconf 83' lang='lat' dir='ltr'><strong>spiritum</strong></span> <span class='ocrx_word' id='word_1_83' title='bbox 568 1366 753 1428; x_wconf 83' lang='lat' dir='ltr'><strong>laudis</strong></span> <span class='ocrx_word' id='word_1_84' title='bbox 783 1368 1102 1429; x_wconf 77' lang='lat' dir='ltr'><strong>imitantur.</strong></span> 
     </span>
    </p>
   </div>
   <div class='ocr_carea' id='block_1_5' title="bbox 115 1558 2273 2780">
    <p class='ocr_par' dir='ltr' id='par_1_5' title="bbox 115 1558 2273 2107">
     <span class='ocr_line' id='line_1_12' title="bbox 203 1558 2249 1657; baseline 0.004 -30"><span class='ocrx_word' id='word_1_85' title='bbox 203 1583 268 1627; x_wconf 71' lang='grc' dir='ltr'><strong>τι.</strong></span> <span class='ocrx_word' id='word_1_86' title='bbox 317 1558 608 1629; x_wconf 86' lang='lat' dir='ltr'><strong>Institui</strong></span> <span class='ocrx_word' id='word_1_87' title='bbox 645 1571 1016 1633; x_wconf 81' lang='lat' dir='ltr'><strong>senatores</strong></span> <span class='ocrx_word' id='word_1_88' title='bbox 1053 1560 1183 1657; x_wconf 89' lang='lat' dir='ltr'><strong>qui</strong></span> <span class='ocrx_word' id='word_1_89' title='bbox 1216 1558 1461 1631; x_wconf 88' lang='lat' dir='ltr'><strong>omnia</strong></span> <span class='ocrx_word' id='word_1_90' title='bbox 1502 1558 1827 1633; x_wconf 83' lang='lat' dir='ltr'><strong>indicum</strong></span> <span class='ocrx_word' id='word_1_91' title='bbox 1867 1558 2096 1647; x_wconf 85' lang='lat' dir='ltr'><strong>dicta,</strong></span> <span class='ocrx_word' id='word_1_92' title='bbox 2134 1563 2249 1635; x_wconf 85' lang='lat' dir='ltr'><strong>in·</strong></span> 
     </span>
     <span class='ocr_line' id='line_1_13' title="bbox 115 1668 2251 1769; baseline 0.005 -34"><span class='ocrx_word' id='word_1_93' title='bbox 115 1681 500 1767; x_wconf 75' lang='lat' dir='ltr'><strong>tei-rogata,</strong></span> <span class='ocrx_word' id='word_1_94' title='bbox 527 1692 870 1767; x_wconf 86' lang='lat' dir='ltr'><strong>responsa</strong></span> <span class='ocrx_word' id='word_1_95' title='bbox 901 1668 1452 1769; x_wconf 80' lang='lat' dir='ltr'><strong>perscriberent.</strong></span> <span class='ocrx_word' id='word_1_96' title='bbox 1482 1675 1573 1743; x_wconf 82' lang='lat' dir='ltr'><strong>At</strong></span> <span class='ocrx_word' id='word_1_97' title='bbox 1605 1694 1793 1767; x_wconf 84' lang='lat' dir='ltr'><strong>quos</strong></span> <span class='ocrx_word' id='word_1_98' title='bbox 1826 1672 2067 1748; x_wconf 77' lang='lat' dir='ltr'><strong>viros?</strong></span> <span class='ocrx_word' id='word_1_99' title='bbox 2096 1696 2251 1745; x_wconf 87' lang='lat' dir='ltr'><strong>non</strong></span> 
     </span>
     <span class='ocr_line' id='line_1_14' title="bbox 117 1782 2252 1883; baseline 0.002 -28"><span class='ocrx_word' id='word_1_100' title='bbox 117 1783 339 1855; x_wconf 91' lang='lat' dir='ltr'><strong>solum</strong></span> <span class='ocrx_word' id='word_1_101' title='bbox 357 1808 643 1857; x_wconf 84' lang='lat' dir='ltr'><strong>summa</strong></span> <span class='ocrx_word' id='word_1_102' title='bbox 675 1782 854 1873; x_wconf 79' lang='lat' dir='ltr'><strong>fide,</strong></span> <span class='ocrx_word' id='word_1_103' title='bbox 889 1785 1017 1859; x_wconf 86' lang='lat' dir='ltr'><strong>sed</strong></span> <span class='ocrx_word' id='word_1_104' title='bbox 1055 1786 1271 1857; x_wconf 84' lang='lat' dir='ltr'><strong>etiam</strong></span> <span class='ocrx_word' id='word_1_105' title='bbox 1310 1807 1495 1883; x_wconf 88' lang='lat' dir='ltr'><strong>quos</strong></span> <span class='ocrx_word' id='word_1_106' title='bbox 1532 1786 1849 1859; x_wconf 83' lang='lat' dir='ltr'><strong>sciebam</strong></span> <span class='ocrx_word' id='word_1_107' title='bbox 1880 1792 2252 1876; x_wconf 86' lang='lat' dir='ltr'><strong>memoria,</strong></span> 
     </span>
     <span class='ocr_line' id='line_1_15' title="bbox 117 1893 2254 1993; baseline 0.004 -31"><span class='ocrx_word' id='word_1_108' title='bbox 117 1894 428 1981; x_wconf 84' lang='lat' dir='ltr'><strong>scientia,</strong></span> <span class='ocrx_word' id='word_1_109' title='bbox 470 1893 836 1967; x_wconf 84' lang='lat' dir='ltr'><strong>celeritate</strong></span> <span class='ocrx_word' id='word_1_110' title='bbox 868 1893 1232 1969; x_wconf 84' lang='lat' dir='ltr'><strong>scribendi</strong></span> <span class='ocrx_word' id='word_1_111' title='bbox 1262 1893 1597 1967; x_wconf 80' lang='lat' dir='ltr'><strong>facillime</strong></span> <span class='ocrx_word' id='word_1_112' title='bbox 1638 1918 1801 1993; x_wconf 82' lang='lat' dir='ltr'><strong>quae</strong></span> <span class='ocrx_word' id='word_1_113' title='bbox 1837 1896 2254 1971; x_wconf 80' lang='lat' dir='ltr'><strong>dicerentur</strong></span> 
     </span>
     <span class='ocr_line' id='line_1_16' title="bbox 119 2006 2273 2107; baseline 0.003 -30"><span class='ocrx_word' id='word_1_114' title='bbox 119 2009 447 2106; x_wconf 81' lang='lat' dir='ltr'><strong>persequi</strong></span> <span class='ocrx_word' id='word_1_115' title='bbox 497 2032 730 2107; x_wconf 82' lang='lat' dir='ltr'><strong>posse.</strong></span> <span class='ocrx_word' id='word_1_116' title='bbox 2266 2006 2273 2010; x_wconf 63' lang='grc'>’</span> 
     </span>
    </p>

    <p class='ocr_par' dir='ltr' id='par_1_6' title="bbox 121 2128 2257 2780">
     <span class='ocr_line' id='line_1_17' title="bbox 191 2128 2254 2213; baseline 0.001 -23"><span class='ocrx_word' id='word_1_117' title='bbox 191 2128 281 2190; x_wconf 79' lang='lat' dir='ltr'><strong>Ad</strong></span> <span class='ocrx_word' id='word_1_118' title='bbox 306 2130 646 2191; x_wconf 85' lang='lat' dir='ltr'><strong>diluendam</strong></span> <span class='ocrx_word' id='word_1_119' title='bbox 669 2133 1081 2210; x_wconf 66' lang='lat' dir='ltr'><strong>quaestionem,</strong></span> <span class='ocrx_word' id='word_1_120' title='bbox 1103 2148 1266 2213; x_wconf 79' lang='lat' dir='ltr'><strong>quae,</strong></span> <span class='ocrx_word' id='word_1_121' title='bbox 1291 2144 1359 2192; x_wconf 88' lang='lat' dir='ltr'><strong>ut</strong></span> <span class='ocrx_word' id='word_1_122' title='bbox 1384 2133 1671 2206; x_wconf 80' lang='lat' dir='ltr'><strong>diximus,</strong></span> <span class='ocrx_word' id='word_1_123' title='bbox 1694 2132 1957 2193; x_wconf 88' lang='lat' dir='ltr'><strong>incidens</strong></span> <span class='ocrx_word' id='word_1_124' title='bbox 1979 2146 2116 2194; x_wconf 85' lang='lat' dir='ltr'><strong>nata</strong></span> <span class='ocrx_word' id='word_1_125' title='bbox 2134 2146 2254 2211; x_wconf 86' lang='lat' dir='ltr'><strong>est,</strong></span> 
     </span>
     <span class='ocr_line' id='line_1_18' title="bbox 121 2225 2255 2312; baseline 0.003 -27"><span class='ocrx_word' id='word_1_126' title='bbox 121 2244 186 2285; x_wconf 80' lang='lat' dir='ltr'><strong>an</strong></span> <span class='ocrx_word' id='word_1_127' title='bbox 235 2228 440 2289; x_wconf 78' lang='lat' dir='ltr'><strong>falsum</strong></span> <span class='ocrx_word' id='word_1_128' title='bbox 492 2230 694 2290; x_wconf 83' lang='lat' dir='ltr'><strong>consul</strong></span> <span class='ocrx_word' id='word_1_129' title='bbox 739 2230 802 2290; x_wconf 89' lang='lat' dir='ltr'><strong>in</strong></span> <span class='ocrx_word' id='word_1_130' title='bbox 836 2227 1064 2292; x_wconf 85' lang='lat' dir='ltr'><strong>tabulas</strong></span> <span class='ocrx_word' id='word_1_131' title='bbox 1102 2230 1368 2312; x_wconf 85' lang='lat' dir='ltr'><strong>publicas</strong></span> <span class='ocrx_word' id='word_1_132' title='bbox 1399 2225 1697 2304; x_wconf 85' lang='lat' dir='ltr'><strong>retulerit,</strong></span> <span class='ocrx_word' id='word_1_133' title='bbox 1757 2230 2089 2292; x_wconf 82' lang='lat' dir='ltr'><strong>inferuntur</strong></span> <span class='ocrx_word' id='word_1_134' title='bbox 2128 2230 2255 2293; x_wconf 83' lang='lat' dir='ltr'><strong>haec</strong></span> 
     </span>
     <span class='ocr_line' id='line_1_19' title="bbox 121 2317 2256 2407; baseline 0.003 -25"><span class='ocrx_word' id='word_1_135' title='bbox 121 2328 369 2404; x_wconf 79' lang='lat' dir='ltr'><strong>exempla</strong></span> <span class='ocrx_word' id='word_1_136' title='bbox 418 2325 800 2402; x_wconf 80' lang='lat' dir='ltr'><strong>validissima,</strong></span> <span class='ocrx_word' id='word_1_137' title='bbox 849 2329 1009 2407; x_wconf 87' lang='lat' dir='ltr'><strong>quod</strong></span> <span class='ocrx_word' id='word_1_138' title='bbox 1053 2329 1126 2387; x_wconf 85' lang='lat' dir='ltr'><strong>ad</strong></span> <span class='ocrx_word' id='word_1_139' title='bbox 1165 2317 1537 2390; x_wconf 85' lang='lat' dir='ltr'><strong>scribendum</strong></span> <span class='ocrx_word' id='word_1_140' title='bbox 1572 2349 1783 2402; x_wconf 88' lang='lat' dir='ltr'><strong>omne,</strong></span> <span class='ocrx_word' id='word_1_141' title='bbox 1832 2326 1992 2407; x_wconf 86' lang='lat' dir='ltr'><strong>quod</strong></span> <span class='ocrx_word' id='word_1_142' title='bbox 2036 2328 2256 2390; x_wconf 85' lang='lat' dir='ltr'><strong>indices</strong></span> 
     </span>
     <span class='ocr_line' id='line_1_20' title="bbox 121 2405 2257 2506; baseline 0.003 -24"><span class='ocrx_word' id='word_1_143' title='bbox 121 2425 586 2500; x_wconf 81' lang='lat' dir='ltr'><strong>pronuntiarent,</strong></span> <span class='ocrx_word' id='word_1_144' title='bbox 599 2405 844 2484; x_wconf 73' lang='lat' dir='ltr'><strong>idoneos</strong></span> <span class='ocrx_word' id='word_1_145' title='bbox 871 2425 1194 2488; x_wconf 85' lang='lat' dir='ltr'><strong>admoverit</strong></span> <span class='ocrx_word' id='word_1_146' title='bbox 1221 2436 1535 2487; x_wconf 68' lang='lat' dir='ltr'><strong>senatores.</strong></span> <span class='ocrx_word' id='word_1_147' title='bbox 1564 2428 1640 2488; x_wconf 87' lang='lat' dir='ltr'><strong>Et</strong></span> <span class='ocrx_word' id='word_1_148' title='bbox 1662 2427 1970 2506; x_wconf 76' lang='lat' dir='ltr'><strong>vigilanter</strong></span> <span class='ocrx_word' id='word_1_149' title='bbox 1995 2411 2116 2487; x_wconf 86' lang='lat' dir='ltr'><strong>duo</strong></span> <span class='ocrx_word' id='word_1_150' title='bbox 2142 2424 2257 2488; x_wconf 86' lang='lat' dir='ltr'><strong>illis</strong></span> 
     </span>
     <span class='ocr_line' id='line_1_21' title="bbox 123 2518 2253 2602; baseline 0.002 -22"><span class='ocrx_word' id='word_1_151' title='bbox 123 2523 429 2602; x_wconf 68' lang='lat' dir='ltr'><strong>praecipua,</strong></span> <span class='ocrx_word' id='word_1_152' title='bbox 457 2535 520 2582; x_wconf 90' lang='lat' dir='ltr'><strong>et</strong></span> <span class='ocrx_word' id='word_1_153' title='bbox 543 2540 676 2602; x_wconf 77' lang='lat' dir='ltr'><strong>quae</strong></span> <span class='ocrx_word' id='word_1_154' title='bbox 702 2518 776 2582; x_wconf 87' lang='lat' dir='ltr'><strong>ad</strong></span> <span class='ocrx_word' id='word_1_155' title='bbox 808 2535 1192 2584; x_wconf 83' lang='lat' dir='ltr'><strong>strumentum</strong></span> <span class='ocrx_word' id='word_1_156' title='bbox 1221 2524 1361 2584; x_wconf 85' lang='lat' dir='ltr'><strong>fidei</strong></span> <span class='ocrx_word' id='word_1_157' title='bbox 1388 2526 1709 2586; x_wconf 84' lang='lat' dir='ltr'><strong>necessaria</strong></span> <span class='ocrx_word' id='word_1_158' title='bbox 1741 2537 1911 2600; x_wconf 87' lang='lat' dir='ltr'><strong>sunt,</strong></span> <span class='ocrx_word' id='word_1_159' title='bbox 1950 2525 2253 2602; x_wconf 87' lang='lat' dir='ltr'><strong>adscribit,</strong></span> 
     </span>
     <span class='ocr_line' id='line_1_22' title="bbox 123 2607 2257 2704; baseline 0.003 -29"><span class='ocrx_word' id='word_1_160' title='bbox 123 2617 288 2676; x_wconf 86' lang='lat' dir='ltr'><strong>animi</strong></span> <span class='ocrx_word' id='word_1_161' title='bbox 309 2620 702 2698; x_wconf 82' lang='lat' dir='ltr'><strong>integritatem</strong></span> <span class='ocrx_word' id='word_1_162' title='bbox 724 2633 784 2680; x_wconf 89' lang='lat' dir='ltr'><strong>et</strong></span> <span class='ocrx_word' id='word_1_163' title='bbox 805 2607 1172 2680; x_wconf 81' lang='lat' dir='ltr'><strong>velocitatem</strong></span> <span class='ocrx_word' id='word_1_164' title='bbox 1200 2619 1526 2696; x_wconf 86' lang='lat' dir='ltr'><strong>scribendi,</strong></span> <span class='ocrx_word' id='word_1_165' title='bbox 1556 2634 1626 2681; x_wconf 89' lang='lat' dir='ltr'><strong>ut</strong></span> <span class='ocrx_word' id='word_1_166' title='bbox 1644 2619 1785 2682; x_wconf 83' lang='lat' dir='ltr'><strong>fides</strong></span> <span class='ocrx_word' id='word_1_167' title='bbox 1811 2641 1931 2681; x_wconf 85' lang='lat' dir='ltr'><strong>non</strong></span> <span class='ocrx_word' id='word_1_168' title='bbox 1959 2620 2257 2704; x_wconf 83' lang='lat' dir='ltr'><strong>deceperit</strong></span> 
     </span>
     <span class='ocr_line' id='line_1_23' title="bbox 123 2714 2247 2780; baseline 0.005 -11"><span class='ocrx_word' id='word_1_169' title='bbox 123 2714 413 2776; x_wconf 71' lang='lat' dir='ltr'><strong>veritatem</strong></span> <span class='ocrx_word' id='word_1_170' title='bbox 425 2757 2247 2780; x_wconf 79' lang='grc'><strong>..............................................</strong></span> 
     </span>
    </p>
   </div>
   <div class='ocr_carea' id='block_1_6' title="bbox 141 2837 2249 2878">
    <p class='ocr_par' dir='ltr' id='par_1_7' title="bbox 141 2837 2249 2878">
     <span class='ocr_line' id='line_1_24' title="bbox 141 2837 2249 2878; baseline 0.005 -12"><span class='ocrx_word' id='word_1_171' title='bbox 141 2851 1910 2876; x_wconf 72' lang='lat'><strong>.............................................</strong></span> <span class='ocrx_word' id='word_1_172' title='bbox 1931 2837 2249 2878; x_wconf 60' lang='lat' dir='ltr'><strong>Conversus</strong></span> 
     </span>
    </p>
   </div>
   <div class='ocr_carea' id='block_1_7' title="bbox 213 3007 1997 3081">
    <p class='ocr_par' dir='ltr' id='par_1_8' title="bbox 213 3007 1997 3081">
     <span class='ocr_line' id='line_1_25' title="bbox 213 3007 1997 3081; baseline 0 -1"><span class='ocrx_word' id='word_1_173' title='bbox 213 3011 500 3080; x_wconf 82' lang='lat' dir='ltr'><strong>XXXII.</strong></span> <span class='ocrx_word' id='word_1_174' title='bbox 545 3029 609 3078; x_wconf 82' lang='lat'><strong>1.</strong></span> <span class='ocrx_word' id='word_1_175' title='bbox 647 3011 714 3080; x_wconf 93' lang='lat' dir='ltr'>O</span> <span class='ocrx_word' id='word_1_176' title='bbox 748 3012 1090 3080; x_wconf 80' lang='lat' dir='ltr'><strong>miserum</strong></span> <span class='ocrx_word' id='word_1_177' title='bbox 1125 3007 1485 3081; x_wconf 76' lang='lat' dir='ltr'><strong>infelicem</strong></span> <span class='ocrx_word' id='word_1_178' title='bbox 1520 3008 1726 3080; x_wconf 85' lang='lat' dir='ltr'><strong>illum</strong></span> <span class='ocrx_word' id='word_1_179' title='bbox 1762 3007 1997 3081; x_wconf 81' lang='lat' dir='ltr'><strong>diem!</strong></span> 
     </span>
    </p>
   </div>
   <div class='ocr_carea' id='block_1_8' title="bbox 127 3129 2258 3401">
    <p class='ocr_par' dir='ltr' id='par_1_9' title="bbox 127 3129 2258 3401">
     <span class='ocr_line' id='line_1_26' title="bbox 199 3129 2256 3227; baseline 0.002 -20"><span class='ocrx_word' id='word_1_180' title='bbox 199 3148 466 3208; x_wconf 74' lang='lat' dir='ltr'><strong>Orator-ie</strong></span> <span class='ocrx_word' id='word_1_181' title='bbox 487 3147 756 3227; x_wconf 84' lang='lat' dir='ltr'><strong>deplorat</strong></span> <span class='ocrx_word' id='word_1_182' title='bbox 776 3147 951 3208; x_wconf 86' lang='lat' dir='ltr'><strong>etiam</strong></span> <span class='ocrx_word' id='word_1_183' title='bbox 977 3143 1122 3207; x_wconf 84' lang='lat' dir='ltr'><strong>illud</strong></span> <span class='ocrx_word' id='word_1_184' title='bbox 1138 3162 1366 3227; x_wconf 87' lang='lat' dir='ltr'><strong>tempus</strong></span> <span class='ocrx_word' id='word_1_185' title='bbox 1381 3192 1399 3222; x_wconf 89' lang='lat'>‚</span> <span class='ocrx_word' id='word_1_186' title='bbox 1430 3167 1551 3226; x_wconf 87' lang='lat' dir='ltr'><strong>quo</strong></span> <span class='ocrx_word' id='word_1_187' title='bbox 1579 3145 1881 3209; x_wconf 83' lang='lat' dir='ltr'><strong>damnatus</strong></span> <span class='ocrx_word' id='word_1_188' title='bbox 1894 3162 1982 3210; x_wconf 85' lang='lat' dir='ltr'><strong>est</strong></span> <span class='ocrx_word' id='word_1_189' title='bbox 2004 3129 2256 3211; x_wconf 83' lang='lat' dir='ltr'><strong>ambitus</strong></span> 
     </span>
     <span class='ocr_line' id='line_1_27' title="bbox 127 3243 2258 3328; baseline 0.005 -29"><span class='ocrx_word' id='word_1_190' title='bbox 127 3243 350 3304; x_wconf 86' lang='lat' dir='ltr'><strong>crimine</strong></span> <span class='ocrx_word' id='word_1_191' title='bbox 371 3243 492 3324; x_wconf 82' lang='lat'>(3),</span> <span class='ocrx_word' id='word_1_192' title='bbox 539 3257 608 3304; x_wconf 89' lang='lat' dir='ltr'><strong>ut</strong></span> <span class='ocrx_word' id='word_1_193' title='bbox 630 3245 692 3304; x_wconf 90' lang='lat' dir='ltr'><strong>in</strong></span> <span class='ocrx_word' id='word_1_194' title='bbox 723 3264 796 3304; x_wconf 89' lang='lat' dir='ltr'><strong>eo</strong></span> <span class='ocrx_word' id='word_1_195' title='bbox 828 3243 1053 3328; x_wconf 85' lang='lat' dir='ltr'><strong>desinat</strong></span> <span class='ocrx_word' id='word_1_196' title='bbox 1089 3245 1407 3306; x_wconf 81' lang='lat' dir='ltr'><strong>invidiosus</strong></span> <span class='ocrx_word' id='word_1_197' title='bbox 1444 3265 1605 3318; x_wconf 69' lang='lat' dir='ltr'><strong>esse,</strong></span> <span class='ocrx_word' id='word_1_198' title='bbox 1650 3245 1711 3304; x_wconf 85' lang='lat' dir='ltr'><strong>in</strong></span> <span class='ocrx_word' id='word_1_199' title='bbox 1746 3265 1865 3324; x_wconf 88' lang='lat' dir='ltr'><strong>quo</strong></span> <span class='ocrx_word' id='word_1_200' title='bbox 1900 3247 2258 3309; x_wconf 81' lang='lat' dir='ltr'><strong>miserandus</strong></span> 
     </span>
     <span class='ocr_line' id='line_1_28' title="bbox 127 3340 493 3401; baseline 0.014 -5"><span class='ocrx_word' id='word_1_201' title='bbox 127 3340 493 3401; x_wconf 71' lang='lat' dir='ltr'><strong>existimetur.</strong></span> 
     </span>
    </p>
   </div>
   <div class='ocr_carea' id='block_1_9' title="bbox 131 3559 2254 3806">
    <p class='ocr_par' dir='ltr' id='par_1_10' title="bbox 131 3559 2254 3806">
     <span class='ocr_line' id='line_1_29' title="bbox 193 3559 847 3630; baseline 0.003 -20"><span class='ocrx_word' id='word_1_202' title='bbox 193 3559 276 3624; x_wconf 77' lang='lat' dir='ltr'><strong>(t)</strong></span> <span class='ocrx_word' id='word_1_203' title='bbox 301 3563 471 3612; x_wconf 59' lang='lat' dir='ltr'><strong>0011ss</strong></span> <span class='ocrx_word' id='word_1_204' title='bbox 484 3562 643 3630; x_wconf 62' lang='lat' dir='ltr'><strong><em>jun..</em></strong></span> <span class='ocrx_word' id='word_1_205' title='bbox 671 3563 738 3612; x_wconf 73' lang='grc' dir='ltr'><strong>Δ.</strong></span> <span class='ocrx_word' id='word_1_206' title='bbox 767 3560 847 3614; x_wconf 57' lang='lat' dir='ltr'><strong>ut</strong></span> 
     </span>
     <span class='ocr_line' id='line_1_30' title="bbox 195 3646 2254 3736; baseline 0.004 -37"><span class='ocrx_word' id='word_1_207' title='bbox 195 3647 270 3716; x_wconf 74' lang='lat' dir='ltr'><strong>(a)</strong></span> <span class='ocrx_word' id='word_1_208' title='bbox 299 3651 486 3701; x_wconf 70' lang='lat' dir='ltr'><strong>Falsum</strong></span> <span class='ocrx_word' id='word_1_209' title='bbox 528 3650 1006 3702; x_wconf 69' lang='lat' dir='ltr'><strong>oemtnuoonsnltnm</strong></span> <span class='ocrx_word' id='word_1_210' title='bbox 1037 3669 1064 3700; x_wconf 80' lang='grc' dir='ltr'><strong>ι</strong></span> <span class='ocrx_word' id='word_1_211' title='bbox 1101 3646 1338 3702; x_wconf 81' lang='lat' dir='ltr'><strong>Cicerone</strong></span> <span class='ocrx_word' id='word_1_212' title='bbox 1380 3653 1530 3736; x_wconf 70' lang='lat' dir='ltr'><strong>[niue</strong></span> <span class='ocrx_word' id='word_1_213' title='bbox 1568 3649 1773 3700; x_wconf 72' lang='lat' dir='ltr'><strong>rol-tum</strong></span> <span class='ocrx_word' id='word_1_214' title='bbox 1818 3653 2137 3704; x_wconf 58' lang='lat' dir='ltr'><strong>calumniatos</strong></span> <span class='ocrx_word' id='word_1_215' title='bbox 2177 3667 2254 3707; x_wconf 72' lang='lat' dir='ltr'><strong>est</strong></span> 
     </span>
     <span class='ocr_line' id='line_1_31' title="bbox 131 3737 2250 3806; baseline 0.004 -21"><span class='ocrx_word' id='word_1_216' title='bbox 131 3737 267 3786; x_wconf 72' lang='lat' dir='ltr'><strong>etiam</strong></span> <span class='ocrx_word' id='word_1_217' title='bbox 298 3739 512 3790; x_wconf 73' lang='lat' dir='ltr'><strong>modim.</strong></span> <span class='ocrx_word' id='word_1_218' title='bbox 530 3740 659 3789; x_wconf 77' lang='lat' dir='ltr'><strong>Vide</strong></span> <span class='ocrx_word' id='word_1_219' title='bbox 681 3757 774 3806; x_wconf 83' lang='lat' dir='ltr'><strong>pro</strong></span> <span class='ocrx_word' id='word_1_220' title='bbox 797 3743 988 3801; x_wconf 83' lang='lat' dir='ltr'><strong>Domo,</strong></span> <span class='ocrx_word' id='word_1_221' title='bbox 1021 3753 1106 3806; x_wconf 81' lang='lat'><strong>19.</strong></span> <span class='ocrx_word' id='word_1_222' title='bbox 1134 3743 1258 3789; x_wconf 84' lang='lat' dir='ltr'><strong>Item</strong></span> <span class='ocrx_word' id='word_1_223' title='bbox 1287 3740 1513 3789; x_wconf 81' lang='lat' dir='ltr'><strong>eumdem</strong></span> <span class='ocrx_word' id='word_1_224' title='bbox 1536 3741 1825 3790; x_wconf 80' lang='lat' dir='ltr'><strong>Ciceronem</strong></span> <span class='ocrx_word' id='word_1_225' title='bbox 1850 3739 2113 3791; x_wconf 81' lang='lat' dir='ltr'><strong>mentitum</strong></span> <span class='ocrx_word' id='word_1_226' title='bbox 2145 3761 2250 3794; x_wconf 72' lang='lat' dir='ltr'><strong>esso</strong></span> 
     </span>
    </p>
   </div>
   <div class='ocr_carea' id='block_1_10' title="bbox 133 3826 2247 3968">
    <p class='ocr_par' dir='ltr' id='par_1_11' title="bbox 133 3826 2247 3968">
     <span class='ocr_line' id='line_1_32' title="bbox 133 3826 2247 3896; baseline 0.005 -25"><span class='ocrx_word' id='word_1_227' title='bbox 133 3826 182 3871; x_wconf 83' lang='lat' dir='ltr'><strong>in</strong></span> <span class='ocrx_word' id='word_1_228' title='bbox 227 3829 716 3890; x_wconf 67' lang='lat' dir='ltr'><strong>tenanuoonsnltum,</strong></span> <span class='ocrx_word' id='word_1_229' title='bbox 753 3830 868 3878; x_wconf 81' lang='lat' dir='ltr'><strong>vide</strong></span> <span class='ocrx_word' id='word_1_230' title='bbox 903 3827 966 3878; x_wconf 78' lang='lat' dir='ltr'><strong>do</strong></span> <span class='ocrx_word' id='word_1_231' title='bbox 1003 3846 1096 3878; x_wconf 61' lang='grc' dir='ltr'><strong>πω</strong></span> <span class='ocrx_word' id='word_1_232' title='bbox 1129 3829 1291 3878; x_wconf 76' lang='lat' dir='ltr'><strong>alieno</strong></span> <span class='ocrx_word' id='word_1_233' title='bbox 1325 3828 1558 3890; x_wconf 77' lang='lat' dir='ltr'><strong>Milonis,</strong></span> <span class='ocrx_word' id='word_1_234' title='bbox 1596 3829 1699 3891; x_wconf 83' lang='lat'>111,</span> <span class='ocrx_word' id='word_1_235' title='bbox 1751 3844 1803 3889; x_wconf 80' lang='grc' dir='ltr'><strong>ι,</strong></span> <span class='ocrx_word' id='word_1_236' title='bbox 1846 3845 1961 3896; x_wconf 76' lang='lat' dir='ltr'><strong>pag.</strong></span> <span class='ocrx_word' id='word_1_237' title='bbox 2008 3831 2097 3896; x_wconf 79' lang='lat'><strong>95,</strong></span> <span class='ocrx_word' id='word_1_238' title='bbox 2136 3849 2247 3881; x_wconf 85' lang='lat' dir='ltr'><strong>cnm</strong></span> 
     </span>
     <span class='ocr_line' id='line_1_33' title="bbox 135 3919 501 3968; baseline 0.025 -8"><span class='ocrx_word' id='word_1_239' title='bbox 135 3924 242 3962; x_wconf 76' lang='lat' dir='ltr'><strong>nota</strong></span> <span class='ocrx_word' id='word_1_240' title='bbox 278 3929 318 3963; x_wconf 85' lang='grc' dir='ltr'><strong>ι.</strong></span> <span class='ocrx_word' id='word_1_241' title='bbox 343 3919 401 3966; x_wconf 78' lang='grc' dir='ltr'><strong>Δ.</strong></span> <span class='ocrx_word' id='word_1_242' title='bbox 425 3919 501 3968; x_wconf 70' lang='grc' dir='ltr'><strong>Π.</strong></span> 
     </span>
    </p>
   </div>
   <div class='ocr_carea' id='block_1_11' title="bbox 135 3999 2250 4161">
    <p class='ocr_par' dir='ltr' id='par_1_12' title="bbox 135 3999 2250 4161">
     <span class='ocr_line' id='line_1_34' title="bbox 197 3999 2250 4071; baseline -0.001 -15"><span class='ocrx_word' id='word_1_243' title='bbox 197 3999 275 4065; x_wconf 81' lang='grc'><strong>(3)</strong></span> <span class='ocrx_word' id='word_1_244' title='bbox 307 4006 378 4052; x_wconf 75' lang='lat' dir='ltr'><strong>Dc</strong></span> <span class='ocrx_word' id='word_1_245' title='bbox 398 4007 531 4056; x_wconf 80' lang='lat' dir='ltr'><strong>Sulla</strong></span> <span class='ocrx_word' id='word_1_246' title='bbox 547 4006 751 4056; x_wconf 78' lang='lat' dir='ltr'><strong>crimine</strong></span> <span class='ocrx_word' id='word_1_247' title='bbox 769 4006 979 4056; x_wconf 70' lang='lat' dir='ltr'><strong>ambitu·</strong></span> <span class='ocrx_word' id='word_1_248' title='bbox 997 4007 1256 4065; x_wconf 77' lang='lat' dir='ltr'><strong>damnato,</strong></span> <span class='ocrx_word' id='word_1_249' title='bbox 1289 4005 1403 4054; x_wconf 77' lang='lat' dir='ltr'><strong>vide</strong></span> <span class='ocrx_word' id='word_1_250' title='bbox 1430 4007 1699 4055; x_wconf 75' lang='lat' dir='ltr'><strong>Asconinm</strong></span> <span class='ocrx_word' id='word_1_251' title='bbox 1721 4007 1783 4057; x_wconf 80' lang='lat' dir='ltr'><strong>ad</strong></span> <span class='ocrx_word' id='word_1_252' title='bbox 1809 4020 1931 4057; x_wconf 74' lang='lat' dir='ltr'><strong>orat.</strong></span> <span class='ocrx_word' id='word_1_253' title='bbox 1959 4008 1985 4054; x_wconf 91' lang='lat'>1</span> <span class='ocrx_word' id='word_1_254' title='bbox 2009 4022 2103 4071; x_wconf 83' lang='lat' dir='ltr'><strong>pro</strong></span> <span class='ocrx_word' id='word_1_255' title='bbox 2126 4009 2250 4058; x_wconf 69' lang='lat' dir='ltr'><strong>cora</strong></span> 
     </span>
     <span class='ocr_line' id='line_1_35' title="bbox 135 4088 996 4161; baseline -0.005 -16"><span class='ocrx_word' id='word_1_256' title='bbox 135 4088 286 4149; x_wconf 80' lang='lat' dir='ltr'><strong>nelio,</strong></span> <span class='ocrx_word' id='word_1_257' title='bbox 302 4101 346 4143; x_wconf 71' lang='lat' dir='ltr'><strong>et</strong></span> <span class='ocrx_word' id='word_1_258' title='bbox 363 4093 412 4141; x_wconf 86' lang='lat' dir='ltr'><strong>in</strong></span> <span class='ocrx_word' id='word_1_259' title='bbox 429 4097 564 4161; x_wconf 67' lang='lat' dir='ltr'><strong>Toga</strong></span> <span class='ocrx_word' id='word_1_260' title='bbox 589 4095 812 4144; x_wconf 75' lang='lat' dir='ltr'><strong>eandida.</strong></span> <span class='ocrx_word' id='word_1_261' title='bbox 832 4093 895 4146; x_wconf 77' lang='grc' dir='ltr'><strong>Δ.</strong></span> <span class='ocrx_word' id='word_1_262' title='bbox 915 4097 971 4142; x_wconf 86' lang='grc' dir='ltr'><strong>Μ</strong></span> <span class='ocrx_word' id='word_1_263' title='bbox 985 4129 996 4141; x_wconf 90' lang='grc'><strong>.</strong></span> 
     </span>
    </p>
   </div>
   <div class='ocr_carea' id='block_1_12' title="bbox 1926 4176 1992 4243">
    <p class='ocr_par' dir='ltr' id='par_1_13' title="bbox 1926 4176 1992 4243">
     <span class='ocr_line' id='line_1_36' title="bbox 1926 4176 1992 4243; baseline 0 0"><span class='ocrx_word' id='word_1_264' title='bbox 1926 4176 1992 4243; x_wconf 83' lang='grc'><strong>6.</strong></span> 
     </span>
    </p>
   </div>
  </div>
 </body>
</html>
