2594 4537
446 252 729 320 ORAT.
785 252 919 321 DE
966 250 1396 323 HARUSP.
1449 252 2032 326 RESPONSIS.
2181 250 2324 339 455

152 375 297 449 die
318 428 346 463 ,
398 396 627 470 quum
650 370 831 443 mihi
863 386 1057 447 stans
1077 368 1109 416 ³
1148 374 1416 447 tacenti
1436 370 1468 431 4
1503 376 1938 461 minaretur,
1967 398 2144 447 voce
2177 390 2332 447 tan-

154 502 355 557 tum
386 484 589 581 attigi
623 483 867 579 legum
889 484 1173 569 initium
1200 498 1271 556 et
1292 483 1590 579 judicii3
1631 484 1955 559 consedit
1983 484 2137 577 ille;
2167 510 2331 557 con-

156 594 429 668 ticuit.
456 595 666 665 Diem
703 592 997 665 dixisset
1024 590 1078 681 ⁵,
1108 609 1191 667 ut
1228 592 1498 669 fecerat
1533 623 1550 666 ε
1585 593 1946 685 fecissem,
1982 610 2068 667 ut
2095 597 2160 673 ei
2193 611 2329 669 sta-

156 707 319 777 tim
380 706 633 776 tertius
684 727 727 775 a
777 716 1087 801 praetore
1125 697 1279 776 dies
1329 704 1712 777 diceretur.
1759 708 1996 803 Atque
2043 702 2185 775 hoc
2230 707 2332 777 sic

158 812 654 906 moderetur,
698 828 773 885 et
807 815 1109 911 cogitet,
1139 818 1198 887 si
1228 830 1618 890 contentus
1650 818 1740 887 sit
1774 818 1862 889 iis
1902 814 2290 889 sceleribus
2312 870 2334 904 ,

160 950 363 1024 quae
380 926 761 1013 commisit,
771 924 919 1021 jam
939 949 1015 997 se
1034 923 1223 999 esse⁶
1244 940 1742 999 consecratum
1754 925 2112 1015 Miloni;si
2131 924 2332 1023 quod

161 1038 255 1107 in
300 1059 437 1127 ⁸me
474 1034 705 1106 telum
738 1034 1172 1121 intenderit,
1234 1038 1474 1109 statim
1509 1060 1637 1107 me.
1668 1060 1822 1109 esse
1873 1050 2334 1133 arrepturum

162 1170 397 1219 arma
432 1145 876 1240 judiciorum
906 1161 1127 1245 atque
1164 1148 1430 1245 legum.

282 1260 515 1353 Atqui
562 1256 809 1355 paullo
863 1270 1067 1342 ante,
1124 1271 1364 1355 patres
1419 1258 1853 1354 conscripti,
1906 1257 2334 1327 concionem

166 1365 485 1453 habuit,
524 1391 689 1464 quae
738 1382 847 1439 est
884 1368 977 1439 ad
1011 1392 1129 1441 me
1166 1382 1322 1441 tota
1368 1367 1602 1441 delata
1637 1395 1653 1439 ε
1700 1369 1910 1464 cujus
1957 1368 2332 1438 concionis

172 1478 516 1577 primum
561 1475 983 1549 universum
1028 1492 1536 1576 argumentum
1581 1477 2158 1573 sententiamque
2200 1498 2332 1546 au-

174 1585 365 1657 dite.
396 1586 645 1675 Quum
672 1588 971 1659 riseritis
997 1589 1524 1688 impudentiam
1556 1589 1904 1679 hominis,
1941 1602 2098 1661 tum
2135 1611 2176 1658 a
2214 1610 2332 1659 me

176 1694 285 1768 de
329 1709 480 1768 tota
520 1699 871 1771 concione
906 1699 1233 1773 audietis.
1363 1714 1368 1717 ’

290 1810 379 1876 «Υ.
420 1809 531 1877 De
566 1807 1068 1905 religionibuS,
1104 1812 1320 1883 sacris
1353 1824 1427 1881 et
1455 1811 1879 1897 caerimoniis
1911 1824 2022 1881 est
2047 1809 2334 1881 concio-

178 1928 442 2004 natus,
483 1932 725 2014 patres
757 1922 1183 2018 conscripti,
1236 1919 1536 1993 Clodius
1575 1948 1591 1991 ε
1633 1924 1707 1991 Ρ.
1768 1924 2066 2019 inquam
2091 1974 2112 2006 ‚
2161 1917 2328 1989 Clo-

182 2024 355 2097 dius
374 2051 571 2099 sacra
587 2043 661 2100 et
682 2029 1067 2126 religiones
1104 2030 1412 2128 negligi,
1453 2030 1738 2115 violari,
1772 2029 2002 2127 pollui
2029 2042 2330 2125 questus

182 2149 319 2207 est.
342 2139 508 2209 Non
535 2141 797 2208 mirum
819 2194 838 2225 ,
869 2140 926 2209 si
954 2138 1098 2210 hoc
1124 2138 1335 2210 vobis
1351 2137 1739 2210 ridiculum
1761 2137 2070 2209 videtur.
2098 2142 2330 2207 Etiam

188 2271 319 2318 sua
339 2248 596 2319 concio
620 2248 775 2318 risit
803 2247 1177 2321 hominem
1193 2303 1211 2334 ‚
1225 2246 1605 2346 quomodo
1621 2247 1775 2345 ipse
1796 2247 2084 2345 gloriari
2111 2244 2330 2336 solet,

186 2355 517 2432 ducentis
549 2357 919 2430 confixum
943 2358 1625 2431 senatusconsultis¹
1651 2413 1670 2447 ‚
1692 2383 1854 2455 quae
1885 2371 2058 2432 sunt
2089 2357 2333 2430 omnia

189 2481 443 2541 contra
503 2468 712 2538 illum
773 2493 908 2567 pro
965 2467 1438 2565 religionibus
1501 2464 1686 2540 facta
1713 2520 1733 2553 ‚
1807 2467 2330 2564 hominemque

190 2601 401 2665 eum,
438 2579 566 2675 qui
603 2575 1101 2676 pulvinaribus
1146 2585 1358 2651 Bonae
1397 2581 1564 2654 Deae
1608 2592 1940 2676 stuprum
1972 2576 2327 2664 intulerit,

258 2777 311 2825 3.
342 2777 503 2840 Quum
529 2773 648 2824 milti
681 2787 817 2824 stans
842 2775 1039 2826 tacenti.
1076 2777 1209 2841 Alii,
1300 2776 1432 2825 enim
1467 2776 1527 2823 de
1557 2779 1606 2824 vi
1642 2793 1700 2826 ac
1735 2777 1980 2838 majestate
2021 2789 2156 2826 extra
2186 2777 2326 2826 ordi·

178 2857 376 2904 astanti
402 2865 567 2904 tacens
579 2876 629 2906 ι.
671 2855 925 2906 Manutius
963 2866 1013 2904 et
1042 2856 1209 2906 Lamb.
1297 2871 1414 2904 nem
1435 2889 1452 2912 ,
1499 2855 1674 2905 diebus
1727 2856 1875 2904 etiam
1931 2855 2097 2915 festis,
2129 2855 2325 2916 judica-

176 2935 369 2985 habent
416 2957 443 2978 ιι
466 2936 617 2986 stanti
649 2938 819 2998 jacens
836 2958 887 2996 ιο,
929 2937 1069 3002 quod
1095 2922 1210 2986 ‘uno
1297 2935 1498 2984 bantur.

178 3014 358 3066 codiee
378 3013 615 3064 firmatur.
1375 3015 1424 3062 6.
1461 3013 1591 3072 Alii,
1619 3012 2023 3084 essepm.01iV.
2045 3022 2094 3061 et
2130 3012 2327 3064 Lenem.

258 3103 309 3152 4.
328 3094 541 3146 recenti.
558 3097 727 3158 Quum
744 3094 1145 3154 consurrexisset,
1165 3105 1215 3144 et

180 3171 307 3220 mihi
348 3175 529 3222 taeenti
561 3174 856 3233 minaretur,
880 3189 939 3222 ac
966 3191 1085 3223 meae
1119 3173 1215 3222 do·

180 3251 289 3302 mni
306 3285 323 3310 ‚
359 3253 505 3302 simul
528 3269 588 3302 so
611 3252 764 3303 verbo
803 3253 941 3317 attigi
971 3253 1215 3314 judicium

183 3331 335 3394 mad,
351 3333 575 3384 consedit
594 3343 645 3382 et
666 3333 833 3382 tacuit.

258 3411 309 3460 5.
351 3409 496 3460 Diem
534 3411 753 3461 dixisset.
802 3409 942 3476 Quid.
983 3411 1211 3460 fecisset?

200 3491 273 3538 fle
294 3488 356 3538 ad
372 3491 612 3555 populum
641 3503 885 3550 vocasset,
918 3501 973 3540 ut
998 3492 1207 3552 fecerat,

200 3583 339 3616 cunm
360 3569 417 3632 in
444 3571 671 3618 exsilium
698 3570 835 3620 abii?
872 3573 940 3618 At
967 3585 1210 3618 curassem

202 3657 239 3694 t
266 3647 311 3694 ei
330 3658 519 3711 prator
545 3647 609 3697 de
633 3650 685 3698 vi
707 3649 907 3714 publica
932 3649 1061 3699 diem
1085 3648 1210 3698 dice-

206 3735 259 3772 nt
274 3761 291 3788 ,
312 3737 363 3774 et
386 3738 503 3792 post
520 3729 718 3777 tertium
738 3729 869 3778 diem
883 3764 901 3792 ‚
917 3746 1005 3779 seu
1030 3745 1206 3794 penen-

209 3802 355 3852 ‹innm
370 3839 387 3864 ,
408 3817 525 3856 ante
546 3807 759 3856 tribunal
779 3809 986 3861 sisteret.
1014 3809 1069 3856 Si
1084 3807 1214 3856 diem

209 3881 305 3932 tihi
350 3882 554 3933 dixIsset
570 3921 587 3946 ‚
638 3887 861 3938 fecissem
908 3900 966 3936 ut
1010 3887 1103 3952 ipsi
1142 3885 1213 3938 illi

209 3976 323 4012 cusa
348 3975 475 4013 esset
500 3975 613 4014 ante
643 3982 720 4014 me
750 3965 978 4016 dicenda.
1014 3965 1213 4014 Judicia

1303 3091 1571 3142 retulerunt
1585 3125 1602 3153 ,
1627 3114 1654 3136 o-
1667 3092 1767 3152 jsm
1792 3108 1843 3140 se
1861 3107 1961 3140 esse
1980 3109 2004 3134 n
2020 3125 2038 3150 ,
2059 3090 2196 3154 quod
2217 3102 2328 3142 ante

1304 3175 1452 3222 Grut·
1481 3170 1772 3220 obtinebat:
1804 3170 1900 3219 nisi
1934 3169 2067 3234 quod
2103 3172 2249 3220 Rom.
2277 3181 2326 3220 es

1304 3254 1458 3302 amba
1481 3253 1608 3300 Ven.
1633 3267 1748 3300 cum
1774 3250 1890 3298 cod.
1912 3249 2059 3302 narb.
2091 3251 2328 3299 omittunt

1303 3350 1356 3382 se
1382 3348 1500 3380 esse.

1369 3413 1433 3458 V.
1489 3425 1532 3459 x.
1570 3409 2031 3459 Senatuscomteleis.
2085 3409 2294 3462 Clodius
2315 3446 2331 3468 ,

1299 3505 1484 3538 summa
1539 3488 1692 3537 homo
1739 3489 2068 3556 impudentis,
2110 3500 2330 3538 senatum

1299 3568 1563 3628 irridebat,
1598 3584 1750 3634 quum
1792 3569 1931 3633 apud
1961 3567 2178 3618 infimam
2220 3566 2330 3630 ple-

1301 3650 1441 3713 bem,
1471 3660 1520 3697 et
1560 3658 1826 3698 sectatores
1865 3665 2008 3706 suos,
2033 3647 2242 3712 quibus,
2276 3659 2331 3694 ut

1304 3729 1430 3794 ipsi,
1471 3738 1672 3778 senatus
1715 3738 1819 3776 erat
1861 3742 2040 3778 nomen
2085 3727 2296 3774 invisum
2314 3754 2332 3776 ι

1305 3807 1527 3856 ducentis
1548 3823 1599 3856 se
1625 3805 1878 3856 confixum
1917 3805 2056 3856 scus
2087 3803 2325 3870 gloriabu-

1305 3899 1414 3948 tur,
1439 3902 1551 3951 qum
1588 3897 1746 3935 tamen
1787 3887 1830 3934 ei
1869 3885 1986 3934 nihil
2015 3901 2191 3935 nocere
2229 3901 2324 3949 po-

1305 3975 1512 4016 ruerant.
