2594 4537
66 316 385 337 mmm
390 316 579 340 mm
582 317 951 339 mm
956 316 1510 340 mmmmm
1513 315 2061 340 mmmm
2068 321 2157 342 Μ
2163 319 2256 340 m

702 523 1673 648 EXCURSUS

306 793 443 860 AD
493 779 1051 862 ORATIONEM
1094 789 1276 860 PRO
1325 790 1718 878 FLACCO,
1757 811 1914 862 car.
1950 789 2062 862 38.

90 1197 231 1314 P.
290 1245 615 1312 vla-nurus
668 1245 971 1310 tribunus
1015 1245 1113 1334 pl.
1152 1247 1404 1311 Caesare
1449 1263 1516 1312 et
1564 1247 1798 1313 Bibulo
1841 1262 2006 1316 coss.
2045 1253 2259 1344 legem

90 1353 261 1419 tulit
282 1351 695 1435 judiciariam
718 1399 737 1433 ‚
760 1367 842 1416 ut
866 1373 1016 1416 reus
1032 1397 1053 1433 ,
1086 1366 1153 1416 et
1180 1365 1516 1418 accusator
1541 1369 1758 1418 totum
1786 1357 2130 1423 consilium
2147 1408 2165 1441 ‚
2197 1379 2265 1426 et

96 1459 540 1547 quaesitorem
590 1457 811 1546 ipsum
860 1456 1125 1538 rejicere
1174 1459 1373 1522 semel
1426 1475 1734 1547 possent:
1785 1483 2001 1550 neque
2046 1480 2264 1530 tamen
2355 1475 2360 1478 '

94 1562 504 1646 hujusmodi
552 1563 711 1653 legis
754 1561 1073 1651 bepefieio
1119 1564 1217 1628 uti
1264 1582 1535 1652 possent
1569 1566 1653 1649 ii,
1693 1589 1982 1655 quorum
2017 1592 2262 1638 nomen

100 1669 413 1736 delatum
446 1668 677 1737 fuisset
706 1685 859 1734 ante
892 1669 1101 1758 legem
1136 1667 1308 1736 hanc
1339 1671 1553 1738 latam.
1581 1671 1728 1738 Hoc
1755 1689 1974 1752 autem
2003 1676 2268 1742 videba-

104 1791 227 1842 tur
266 1775 519 1842 mvisse
563 1773 646 1840 ad
690 1771 1165 1840 excludendum
1214 1777 1283 1840 C.
1333 1779 1731 1862 Antonium,
1765 1781 1882 1868 qui
1907 1784 2042 1862 jam
2071 1801 2269 1848 accu-

108 1898 299 1946 satus
322 1881 539 1950 fuerat
562 1903 601 1946 a
626 1879 713 1964 Q.
728 1879 931 1946 Fabio
946 1880 1233 1946 Maximo
1252 1881 1336 1947 de
1355 1882 1736 1972 repetundis
1756 1934 1776 1969 ,
1799 1903 1864 1952 et
1886 1911 1920 1950 a
1943 1887 2036 1952 Μ.
2067 1889 2272 1954 Coelio

112 1985 201 2050 de
244 1984 580 2064 maiestate
598 2031 620 2065 ,
652 1981 829 2073 apud
869 1983 1039 2050 duos
1071 2001 1380 2073 praetores
1399 2034 1420 2069 ,
1456 1989 1574 2051 Cn.
1611 1987 1964 2054 Lentulum
1997 1991 2272 2059 Marcel-

112 2091 337 2156 linum
354 2137 375 2172 ,
408 2105 477 2159 et
512 2089 597 2174 Q.
632 2087 976 2157 Claudium
996 2139 1016 2174 ‚
1054 2091 1168 2180 qui
1212 2089 1295 2156 de
1339 2091 1416 2156 iis
1455 2091 1836 2157 criminibus
1873 2097 2267 2182 quaerebant.

116 2195 577 2262 Inhumanum
626 2210 969 2284 propterea
1014 2195 1265 2262 facinus
1288 2241 1310 2278 ,
1359 2212 1424 2260 et
1458 2217 1783 2262 summam
1823 2197 2271 2267 crudelitatem

118 2302 287 2392 leg-is
318 2302 492 2369 illius
534 2302 725 2370 latori
756 2303 1104 2391 exprobrat
1122 2288 1372 2369 'Cicero
1405 2304 1474 2369 in
1508 2303 1802 2371 oratioue
1834 2323 2060 2371 contra
2090 2330 2274 2375 eum-

124 2407 279 2475 dem
322 2410 581 2492 habita,
614 2432 755 2498 oep.
798 2430 919 2476 11:
956 2440 983 2469 ι
1010 2409 1506 2499 Exspectat-isne
1525 2456 1545 2493 ‚
1592 2408 1754 2477 dum
1815 2414 1892 2479 G.
1945 2414 2292 2481 Antonius*

121 2536 279 2581 mus
315 2513 499 2581 fieret
522 2513 697 2605 ap'ud
724 2514 843 2581 Cn.
874 2516 1261 2606 Lentulum,
1299 2532 1364 2580 et
1392 2516 1476 2600 Q.
1506 2515 1851 2607 Claudium
1871 2548 1916 2584 n.
1959 2518 2160 2603 Quod
2189 2521 2274 2587 ad

126 2620 339 2711 ipsam
373 2621 856 2689 accusationem
889 2622 1119 2689 attinet
1132 2671 1151 2706 ‚
1184 2623 1320 2689 duo
1352 2623 1463 2690 hie
1491 2625 1766 2690 veniunt
1789 2626 1858 2690 in
1893 2643 2274 2694 controver-

128 2729 293 2793 siam
310 2774 329 2810 ,
362 2728 646 2795 fueritne
684 2728 1009 2794 Antonius
1056 2728 1137 2795 de
1182 2730 1562 2818 repetundis
1599 2731 1946 2797 damnatus
1973 2782 1992 2816 ,
2052 2757 2135 2799 an
2186 2734 2270 2802 de

132 2829 501 2913 majestate,
484 2851 501 2869 ·
545 2846 614 2895 et
650 2845 877 2897 utrum
911 2829 1424 2919 repetundarum
1469 2832 1714 2897 crimen
1763 2834 2034 2922 capitale
2067 2853 2238 2902 esset
2252 2884 2274 2920 ‚

130 2956 365 3001 necne.
414 2935 515 2999 De
560 2934 837 3003 crimine
880 2935 1208 3025 primum,
1242 2958 1398 3001 mox
1439 2934 1522 3001 de
1565 2938 1852 3003 Antonio
1882 2938 2272 3009 videbimus.

136 3042 409 3107 Crimen
451 3038 613 3105 illud
658 3041 927 3135 capitale
956 3043 1155 3109 fuisse
1186 3039 1544 3109 ostendunt
1575 3043 1697 3109 viri
1727 3041 1938 3125 docti,
1969 3060 2118 3109 tum
2152 3046 2278 3111 Pe-

136 3145 317 3214 diani
342 3146 769 3229 auctoritate,
800 3161 944 3213 tum
978 3147 1287 3237 exemplis
1324 3144 1738 3235 quibusdam.
1770 3146 2095 3213 Pedianus
2130 3152 2288 3239 qui-s

136 3249 287 3317 dem
314 3250 399 3317 ad
425 3275 499 3317 ea
524 3252 721 3317 verba
731 3252 1019 3321 Verrinae
1031 3254 1192 3333 m,-
1214 3252 1506 3321 Avaritiae
1527 3252 1846 3341 supplicio
1869 3258 2252 3323 communi·
2225 3288 2274 3343 n,

136 3357 479 3447 subjungit
504 3380 520 3422 ε
545 3388 573 3415 ι
591 3356 1049 3423 AEstimatione
1078 3358 1205 3425 litis
1222 3405 1241 3441 ,
1280 3372 1347 3423 et
1381 3358 1603 3423 exsilio
1627 3388 1690 3442 n,
1728 3380 1880 3425 cum
1907 3364 2278 3449 pecuniaria

136 3484 325 3550 poena
357 3464 664 3529 exsilium
699 3487 966 3554 quoque
1000 3465 1441 3553 conjungens3
1475 3478 1733 3531 constat
1767 3480 2020 3549 autem,
2053 3470 2124 3533 C.
2159 3470 2282 3535 Ca-

138 3584 403 3650 tonem,
454 3569 524 3637 P.
564 3571 887 3637 Rutilium
906 3618 927 3653 ,
969 3572 1045 3635 C.
1081 3571 1249 3636 Veri
1250 3593 1394 3652 em,
1439 3572 1518 3635 A.
1553 3569 1938 3661 Gabinium,
1969 3588 2282 3660 repetun-

140 3672 373 3737 darum
396 3673 737 3741 damnatos
759 3676 1117 3743 exsulasse.
1142 3675 1384 3764 quibus
1407 3690 1474 3740 et
1491 3676 1611 3740 Cn.
1636 3620 1966 3741 Dolabella
1983 3699 2020 3739 a
2039 3677 2281 3747 Scauro

140 3791 483 3839 accusatus
513 3774 662 3842 addi
692 3794 941 3867 potest,
976 3776 1145 3841 sicut
1166 3792 1266 3842 est
1284 3778 1355 3841 in
1383 3774 1705 3858 Verrinis,
1729 3792 1798 3841 et
1821 3777 1895 3841 C.
1919 3778 2280 3903 Antonius,

142 3880 220 3945 de
252 3905 393 3970 quo
427 3883 617 3947 infra.
652 3883 941 3948 Plurima
977 3899 1191 3947 tamen
1228 3892 1610 3973 argumenta
1645 3897 1838 3963 sunt,
1871 3904 2016 3971 quae
2047 3906 2153 3951 me
2187 3888 2282 3951 in-

142 3987 351 4053 vitum
385 4010 613 4076 piene,
658 4012 731 4055 ac
777 3990 1205 4055 reluctantem
1237 3990 1308 4053 in
1341 3988 1729 4055 contrariam
1765 4006 2012 4076 partem
2047 4014 2283 4080 prope·
