<?xml version="1.0" encoding="UTF-8"?>
<!DOCTYPE html PUBLIC "-//W3C//DTD XHTML 1.0 Transitional//EN"
    "http://www.w3.org/TR/xhtml1/DTD/xhtml1-transitional.dtd">
<html xmlns="http://www.w3.org/1999/xhtml" xml:lang="en" lang="en">
 <head>
  <title>
</title>
<meta http-equiv="Content-Type" content="text/html;charset=utf-8" />
  <meta name='ocr-system' content='tesseract 3.04.00' />
  <meta name='ocr-capabilities' content='ocr_page ocr_carea ocr_par ocr_line ocrx_word'/>
</head>
<body>
  <div class='ocr_page' id='page_1' title='image "./mtciceronisquae05lemagoog_0088.png"; bbox 0 0 2594 4537; ppageno 0'>
   <div class='ocr_carea' id='block_1_1' title="bbox 314 2345 2512 2432">
    <p class='ocr_par' dir='ltr' id='par_1_1' title="bbox 314 2345 2512 2432">
     <span class='ocr_line' id='line_1_1' title="bbox 314 2345 2512 2432; baseline 0 -29"><span class='ocrx_word' id='word_1_1' title='bbox 314 2419 322 2432; x_wconf 75' lang='lat'><strong>.</strong></span> <span class='ocrx_word' id='word_1_2' title='bbox 405 2345 694 2405; x_wconf 88' lang='lat' dir='ltr'>bellorum</span> <span class='ocrx_word' id='word_1_3' title='bbox 713 2346 1093 2404; x_wconf 87' lang='lat' dir='ltr'>maximorum</span> <span class='ocrx_word' id='word_1_4' title='bbox 1115 2346 1541 2408; x_wconf 82' lang='lat' dir='ltr'>strenuissimus</span> <span class='ocrx_word' id='word_1_5' title='bbox 1563 2348 1768 2421; x_wconf 87' lang='lat' dir='ltr'>victor,</span> <span class='ocrx_word' id='word_1_6' title='bbox 1793 2361 1851 2407; x_wconf 92' lang='lat' dir='ltr'>et</span> <span class='ocrx_word' id='word_1_7' title='bbox 1874 2349 1998 2427; x_wconf 89' lang='lat' dir='ltr'>ipse</span> <span class='ocrx_word' id='word_1_8' title='bbox 2023 2347 2185 2426; x_wconf 86' lang='lat' dir='ltr'>cujus</span> <span class='ocrx_word' id='word_1_9' title='bbox 2210 2350 2512 2408; x_wconf 82' lang='lat' dir='ltr'>consulatus</span> 
     </span>
    </p>
   </div>
   <div class='ocr_carea' id='block_1_2' title="bbox 431 294 2101 390">
    <p class='ocr_par' dir='ltr' id='par_1_2' title="bbox 431 294 2101 390">
     <span class='ocr_line' id='line_1_2' title="bbox 431 294 2101 390; baseline 0.002 -25"><span class='ocrx_word' id='word_1_10' title='bbox 431 294 522 390; x_wconf 86' lang='lat'>76</span> <span class='ocrx_word' id='word_1_11' title='bbox 869 296 967 365; x_wconf 82' lang='lat' dir='ltr'>IN</span> <span class='ocrx_word' id='word_1_12' title='bbox 1017 294 1557 367; x_wconf 82' lang='lat' dir='ltr'><strong>ORATIONEM</strong></span> <span class='ocrx_word' id='word_1_13' title='bbox 1603 298 2101 371; x_wconf 80' lang='lat' dir='ltr'>sULLANAM</span> 
     </span>
    </p>
   </div>
   <div class='ocr_carea' id='block_1_3' title="bbox 409 414 2516 1670">
    <p class='ocr_par' dir='ltr' id='par_1_3' title="bbox 409 414 2516 1670">
     <span class='ocr_line' id='line_1_3' title="bbox 425 414 2515 497; baseline 0.005 -24"><span class='ocrx_word' id='word_1_14' title='bbox 425 415 642 493; x_wconf 83' lang='lat' dir='ltr'><strong>collega</strong></span> <span class='ocrx_word' id='word_1_15' title='bbox 687 414 882 489; x_wconf 87' lang='lat' dir='ltr'>suerit,</span> <span class='ocrx_word' id='word_1_16' title='bbox 931 419 997 474; x_wconf 92' lang='lat' dir='ltr'>C.</span> <span class='ocrx_word' id='word_1_17' title='bbox 1024 416 1312 476; x_wconf 82' lang='lat' dir='ltr'>Antonius</span> <span class='ocrx_word' id='word_1_18' title='bbox 1352 417 1457 497; x_wconf 85' lang='lat'><strong>(1).</strong></span> <span class='ocrx_word' id='word_1_19' title='bbox 1498 424 1659 478; x_wconf 86' lang='lat' dir='ltr'>Nam</span> <span class='ocrx_word' id='word_1_20' title='bbox 1702 423 1841 497; x_wconf 80' lang='lat' dir='ltr'>quia</span> <span class='ocrx_word' id='word_1_21' title='bbox 1884 420 2198 481; x_wconf 84' lang='lat' dir='ltr'>virtutibus</span> <span class='ocrx_word' id='word_1_22' title='bbox 2228 422 2515 484; x_wconf 77' lang='lat' dir='ltr'><strong>obtrectare</strong></span> 
     </span>
     <span class='ocr_line' id='line_1_4' title="bbox 419 512 2516 590; baseline 0.003 -19"><span class='ocrx_word' id='word_1_23' title='bbox 419 532 538 571; x_wconf 89' lang='lat' dir='ltr'>non</span> <span class='ocrx_word' id='word_1_24' title='bbox 561 524 826 590; x_wconf 86' lang='lat' dir='ltr'>poterant</span> <span class='ocrx_word' id='word_1_25' title='bbox 839 556 857 586; x_wconf 94' lang='lat'>,</span> <span class='ocrx_word' id='word_1_26' title='bbox 881 512 1006 587; x_wconf 85' lang='lat' dir='ltr'>ejus</span> <span class='ocrx_word' id='word_1_27' title='bbox 1034 512 1413 573; x_wconf 83' lang='lat' dir='ltr'>humilitatem</span> <span class='ocrx_word' id='word_1_28' title='bbox 1433 516 1711 574; x_wconf 81' lang='lat' dir='ltr'>natalium</span> <span class='ocrx_word' id='word_1_29' title='bbox 1738 516 2018 576; x_wconf 88' lang='lat' dir='ltr'>maledica</span> <span class='ocrx_word' id='word_1_30' title='bbox 2036 517 2411 580; x_wconf 87' lang='lat' dir='ltr'>insectatione</span> <span class='ocrx_word' id='word_1_31' title='bbox 2428 542 2516 580; x_wconf 77' lang='lat' dir='ltr'>car-</span> 
     </span>
     <span class='ocr_line' id='line_1_5' title="bbox 420 610 2513 690; baseline 0.004 -21"><span class='ocrx_word' id='word_1_32' title='bbox 420 610 656 690; x_wconf 88' lang='lat' dir='ltr'>pebant.</span> <span class='ocrx_word' id='word_1_33' title='bbox 685 610 1054 671; x_wconf 86' lang='lat' dir='ltr'>Notissimum</span> <span class='ocrx_word' id='word_1_34' title='bbox 1080 623 1166 669; x_wconf 88' lang='lat' dir='ltr'>est</span> <span class='ocrx_word' id='word_1_35' title='bbox 1195 624 1389 671; x_wconf 88' lang='lat' dir='ltr'>autem</span> <span class='ocrx_word' id='word_1_36' title='bbox 1420 612 1593 672; x_wconf 84' lang='lat' dir='ltr'>fuisse</span> <span class='ocrx_word' id='word_1_37' title='bbox 1616 614 1953 673; x_wconf 84' lang='lat' dir='ltr'>Ciceronem</span> <span class='ocrx_word' id='word_1_38' title='bbox 1976 617 2210 677; x_wconf 87' lang='lat' dir='ltr'>natione</span> <span class='ocrx_word' id='word_1_39' title='bbox 2239 622 2513 689; x_wconf 85' lang='lat' dir='ltr'>Vulscum‚</span> 
     </span>
     <span class='ocr_line' id='line_1_6' title="bbox 415 708 2514 790; baseline 0.002 -23"><span class='ocrx_word' id='word_1_40' title='bbox 415 710 639 787; x_wconf 84' lang='lat' dir='ltr'>Arpino</span> <span class='ocrx_word' id='word_1_41' title='bbox 671 708 982 787; x_wconf 89' lang='lat' dir='ltr'>municipio</span> <span class='ocrx_word' id='word_1_42' title='bbox 999 751 1017 780; x_wconf 90' lang='lat'><strong>,</strong></span> <span class='ocrx_word' id='word_1_43' title='bbox 1051 708 1206 768; x_wconf 87' lang='lat' dir='ltr'>unde</span> <span class='ocrx_word' id='word_1_44' title='bbox 1231 710 1318 767; x_wconf 90' lang='lat' dir='ltr'>illi</span> <span class='ocrx_word' id='word_1_45' title='bbox 1344 709 1607 788; x_wconf 81' lang='lat' dir='ltr'>quaedam</span> <span class='ocrx_word' id='word_1_46' title='bbox 1637 712 2061 790; x_wconf 80' lang='lat' dir='ltr'>peregrinitatis</span> <span class='ocrx_word' id='word_1_47' title='bbox 2091 712 2165 772; x_wconf 83' lang='lat' dir='ltr'>ab</span> <span class='ocrx_word' id='word_1_48' title='bbox 2201 714 2514 775; x_wconf 80' lang='lat' dir='ltr'>invisoribus</span> 
     </span>
     <span class='ocr_line' id='line_1_7' title="bbox 417 804 2512 890; baseline 0.004 -27"><span class='ocrx_word' id='word_1_49' title='bbox 417 804 870 863; x_wconf 81' lang='lat' dir='ltr'>concinnabatur</span> <span class='ocrx_word' id='word_1_50' title='bbox 898 806 1147 863; x_wconf 87' lang='lat' dir='ltr'>infamia.</span> <span class='ocrx_word' id='word_1_51' title='bbox 1179 810 1303 865; x_wconf 85' lang='lat' dir='ltr'>Nec</span> <span class='ocrx_word' id='word_1_52' title='bbox 1328 806 1388 864; x_wconf 89' lang='lat' dir='ltr'>in</span> <span class='ocrx_word' id='word_1_53' title='bbox 1416 810 1710 885; x_wconf 79' lang='lat' dir='ltr'>praesentis</span> <span class='ocrx_word' id='word_1_54' title='bbox 1744 828 1938 869; x_wconf 58' lang='lat' dir='ltr'>causae*</span> <span class='ocrx_word' id='word_1_55' title='bbox 1952 810 2176 889; x_wconf 87' lang='lat' dir='ltr'>judicio</span> <span class='ocrx_word' id='word_1_56' title='bbox 2212 817 2512 890; x_wconf 77' lang='lat' dir='ltr'><strong>Torquatus</strong></span> 
     </span>
     <span class='ocr_line' id='line_1_8' title="bbox 411 904 2511 986; baseline 0.001 -25"><span class='ocrx_word' id='word_1_57' title='bbox 411 915 766 981; x_wconf 87' lang='lat' dir='ltr'>pepercerat,</span> <span class='ocrx_word' id='word_1_58' title='bbox 784 904 933 961; x_wconf 86' lang='lat' dir='ltr'>facta</span> <span class='ocrx_word' id='word_1_59' title='bbox 950 904 1240 962; x_wconf 82' lang='lat' dir='ltr'>mentione</span> <span class='ocrx_word' id='word_1_60' title='bbox 1263 923 1461 982; x_wconf 85' lang='lat' dir='ltr'>regum</span> <span class='ocrx_word' id='word_1_61' title='bbox 1472 906 1911 984; x_wconf 85' lang='lat' dir='ltr'>peregrinorum</span> <span class='ocrx_word' id='word_1_62' title='bbox 1927 908 2231 986; x_wconf 87' lang='lat' dir='ltr'>Tarquinii</span> <span class='ocrx_word' id='word_1_63' title='bbox 2248 924 2309 967; x_wconf 87' lang='lat' dir='ltr'>et</span> <span class='ocrx_word' id='word_1_64' title='bbox 2320 914 2511 969; x_wconf 65' lang='lat' dir='ltr'>Numa.</span> 
     </span>
     <span class='ocr_line' id='line_1_9' title="bbox 410 1000 2504 1084; baseline 0.004 -24"><span class='ocrx_word' id='word_1_65' title='bbox 410 1006 620 1061; x_wconf 82' lang='lat' dir='ltr'>Fuerat</span> <span class='ocrx_word' id='word_1_66' title='bbox 639 1000 1066 1081; x_wconf 67' lang='lat' dir='ltr'>enimuPopilius</span> <span class='ocrx_word' id='word_1_67' title='bbox 1089 1002 1341 1063; x_wconf 89' lang='lat' dir='ltr'>Curibus</span> <span class='ocrx_word' id='word_1_68' title='bbox 1367 1002 1595 1064; x_wconf 88' lang='lat' dir='ltr'>Sabinis</span> <span class='ocrx_word' id='word_1_69' title='bbox 1628 1018 1823 1074; x_wconf 90' lang='lat' dir='ltr'>ortus;</span> <span class='ocrx_word' id='word_1_70' title='bbox 1850 1006 2202 1084; x_wconf 83' lang='lat' dir='ltr'>Tarquinius</span> <span class='ocrx_word' id='word_1_71' title='bbox 2232 1028 2376 1068; x_wconf 85' lang='lat' dir='ltr'>vero</span> <span class='ocrx_word' id='word_1_72' title='bbox 2407 1010 2504 1068; x_wconf 86' lang='lat' dir='ltr'>Pri·</span> 
     </span>
     <span class='ocr_line' id='line_1_10' title="bbox 411 1099 2506 1185; baseline 0.003 -28"><span class='ocrx_word' id='word_1_73' title='bbox 411 1118 541 1158; x_wconf 88' lang='lat' dir='ltr'>scus</span> <span class='ocrx_word' id='word_1_74' title='bbox 568 1099 861 1159; x_wconf 82' lang='lat' dir='ltr'>Demarthi</span> <span class='ocrx_word' id='word_1_75' title='bbox 891 1100 1154 1160; x_wconf 84' lang='lat' dir='ltr'>Corinthi</span> <span class='ocrx_word' id='word_1_76' title='bbox 1185 1100 1367 1173; x_wconf 66' lang='lat' dir='ltr'>filius»,</span> <span class='ocrx_word' id='word_1_77' title='bbox 1396 1102 1501 1179; x_wconf 91' lang='lat' dir='ltr'>qui</span> <span class='ocrx_word' id='word_1_78' title='bbox 1527 1101 1748 1182; x_wconf 87' lang='lat' dir='ltr'>fugiens</span> <span class='ocrx_word' id='word_1_79' title='bbox 1778 1102 2231 1163; x_wconf 85' lang='lat' dir='ltr'>dominationem</span> <span class='ocrx_word' id='word_1_80' title='bbox 2268 1107 2478 1185; x_wconf 81' lang='lat' dir='ltr'>Cypseli</span> <span class='ocrx_word' id='word_1_81' title='bbox 2494 1149 2506 1177; x_wconf 90' lang='lat'><em>,</em></span> 
     </span>
     <span class='ocr_line' id='line_1_11' title="bbox 414 1196 2512 1281; baseline 0.001 -25"><span class='ocrx_word' id='word_1_82' title='bbox 414 1198 475 1256; x_wconf 89' lang='lat' dir='ltr'>in</span> <span class='ocrx_word' id='word_1_83' title='bbox 510 1198 734 1257; x_wconf 85' lang='lat' dir='ltr'>Italiam</span> <span class='ocrx_word' id='word_1_84' title='bbox 759 1218 818 1257; x_wconf 89' lang='lat' dir='ltr'>se</span> <span class='ocrx_word' id='word_1_85' title='bbox 844 1196 1190 1277; x_wconf 82' lang='lat' dir='ltr'>Tarquinios</span> <span class='ocrx_word' id='word_1_86' title='bbox 1221 1201 1584 1271; x_wconf 84' lang='lat' dir='ltr'>contulerat,</span> <span class='ocrx_word' id='word_1_87' title='bbox 1632 1199 1831 1279; x_wconf 86' lang='lat' dir='ltr'>ibique</span> <span class='ocrx_word' id='word_1_88' title='bbox 1863 1198 2081 1260; x_wconf 90' lang='lat' dir='ltr'>liberos</span> <span class='ocrx_word' id='word_1_89' title='bbox 2116 1216 2512 1281; x_wconf 83' lang='lat' dir='ltr'>procreaverat.</span> 
     </span>
     <span class='ocr_line' id='line_1_12' title="bbox 416 1294 2513 1376; baseline 0 -21"><span class='ocrx_word' id='word_1_90' title='bbox 416 1294 956 1355; x_wconf 79' lang='lat' dir='ltr'>Animadvertamus</span> <span class='ocrx_word' id='word_1_91' title='bbox 978 1307 1169 1355; x_wconf 88' lang='lat' dir='ltr'>tamen</span> <span class='ocrx_word' id='word_1_92' title='bbox 1187 1296 1418 1373; x_wconf 87' lang='lat' dir='ltr'>quantis</span> <span class='ocrx_word' id='word_1_93' title='bbox 1438 1298 1650 1355; x_wconf 86' lang='lat' dir='ltr'>aculeis</span> <span class='ocrx_word' id='word_1_94' title='bbox 1669 1297 1992 1376; x_wconf 82' lang='lat' dir='ltr'>asperitatis</span> <span class='ocrx_word' id='word_1_95' title='bbox 2012 1298 2309 1358; x_wconf 88' lang='lat' dir='ltr'>tallionem</span> <span class='ocrx_word' id='word_1_96' title='bbox 2326 1300 2513 1363; x_wconf 63' lang='lat' dir='ltr'>Mxrul-</span> 
     </span>
     <span class='ocr_line' id='line_1_13' title="bbox 415 1392 2510 1476; baseline 0.001 -25"><span class='ocrx_word' id='word_1_97' title='bbox 415 1394 527 1451; x_wconf 88' lang='lat' dir='ltr'>lius</span> <span class='ocrx_word' id='word_1_98' title='bbox 565 1394 778 1452; x_wconf 85' lang='lat' dir='ltr'>reserat</span> <span class='ocrx_word' id='word_1_99' title='bbox 805 1392 902 1453; x_wconf 92' lang='lat' dir='ltr'>hic</span> <span class='ocrx_word' id='word_1_100' title='bbox 930 1399 1229 1472; x_wconf 86' lang='lat' dir='ltr'>Torquato</span> <span class='ocrx_word' id='word_1_101' title='bbox 1247 1441 1264 1468; x_wconf 85' lang='lat'><strong>.,</strong></span> <span class='ocrx_word' id='word_1_102' title='bbox 1291 1413 1461 1472; x_wconf 89' lang='lat' dir='ltr'>quem</span> <span class='ocrx_word' id='word_1_103' title='bbox 1491 1395 1702 1474; x_wconf 89' lang='lat' dir='ltr'>partim</span> <span class='ocrx_word' id='word_1_104' title='bbox 1730 1394 2100 1473; x_wconf 89' lang='lat' dir='ltr'>despiciendo</span> <span class='ocrx_word' id='word_1_105' title='bbox 2126 1398 2259 1476; x_wconf 86' lang='lat' dir='ltr'>plus</span> <span class='ocrx_word' id='word_1_106' title='bbox 2286 1397 2450 1457; x_wconf 82' lang='lat' dir='ltr'>abicit</span> <span class='ocrx_word' id='word_1_107' title='bbox 2468 1408 2510 1454; x_wconf 81' lang='lat' dir='ltr'>et</span> 
     </span>
     <span class='ocr_line' id='line_1_14' title="bbox 411 1488 2511 1572; baseline 0.002 -25"><span class='ocrx_word' id='word_1_108' title='bbox 411 1488 791 1549; x_wconf 90' lang='lat' dir='ltr'>humillimum</span> <span class='ocrx_word' id='word_1_109' title='bbox 806 1491 968 1563; x_wconf 82' lang='lat' dir='ltr'>facit,</span> <span class='ocrx_word' id='word_1_110' title='bbox 995 1491 1204 1568; x_wconf 87' lang='lat' dir='ltr'>partim</span> <span class='ocrx_word' id='word_1_111' title='bbox 1231 1490 1451 1567; x_wconf 83' lang='lat' dir='ltr'>majore</span> <span class='ocrx_word' id='word_1_112' title='bbox 1472 1492 1787 1551; x_wconf 88' lang='lat' dir='ltr'>insectatur</span> <span class='ocrx_word' id='word_1_113' title='bbox 1806 1492 2025 1551; x_wconf 80' lang='lat' dir='ltr'>invidia</span> <span class='ocrx_word' id='word_1_114' title='bbox 2040 1537 2059 1567; x_wconf 88' lang='lat'>‚</span> <span class='ocrx_word' id='word_1_115' title='bbox 2074 1494 2234 1572; x_wconf 91' lang='lat' dir='ltr'>quod</span> <span class='ocrx_word' id='word_1_116' title='bbox 2257 1496 2321 1554; x_wconf 86' lang='lat' dir='ltr'>in</span> <span class='ocrx_word' id='word_1_117' title='bbox 2345 1514 2511 1553; x_wconf 84' lang='lat' dir='ltr'>exem-</span> 
     </span>
     <span class='ocr_line' id='line_1_15' title="bbox 409 1586 2033 1670; baseline 0.004 -26"><span class='ocrx_word' id='word_1_118' title='bbox 409 1586 522 1664; x_wconf 88' lang='lat' dir='ltr'>plis</span> <span class='ocrx_word' id='word_1_119' title='bbox 545 1588 824 1666; x_wconf 85' lang='lat' dir='ltr'>majorum</span> <span class='ocrx_word' id='word_1_120' title='bbox 844 1589 1000 1647; x_wconf 87' lang='lat' dir='ltr'>illius</span> <span class='ocrx_word' id='word_1_121' title='bbox 1021 1588 1224 1647; x_wconf 89' lang='lat' dir='ltr'>hereat</span> <span class='ocrx_word' id='word_1_122' title='bbox 1243 1588 1329 1667; x_wconf 83' lang='lat'>(2)</span> <span class='ocrx_word' id='word_1_123' title='bbox 1347 1587 1567 1647; x_wconf 87' lang='lat' dir='ltr'>invidia</span> <span class='ocrx_word' id='word_1_124' title='bbox 1590 1590 1906 1666; x_wconf 81' lang='lat' dir='ltr'>tyrannidis</span> <span class='ocrx_word' id='word_1_125' title='bbox 1928 1588 2033 1670; x_wconf 84' lang='lat'><strong>(3).</strong></span> 
     </span>
    </p>
   </div>
   <div class='ocr_carea' id='block_1_4' title="bbox 407 1780 2513 2117">
    <p class='ocr_par' dir='ltr' id='par_1_4' title="bbox 407 1780 2513 2099">
     <span class='ocr_line' id='line_1_16' title="bbox 503 1780 2509 1909; baseline -0.001 -56"><span class='ocrx_word' id='word_1_126' title='bbox 503 1780 570 1853; x_wconf 90' lang='lat'>6.</span> <span class='ocrx_word' id='word_1_127' title='bbox 595 1785 752 1853; x_wconf 88' lang='lat' dir='ltr'>Hoc</span> <span class='ocrx_word' id='word_1_128' title='bbox 785 1780 980 1868; x_wconf 85' lang='lat' dir='ltr'>dico,</span> <span class='ocrx_word' id='word_1_129' title='bbox 1009 1782 1390 1879; x_wconf 76' lang='lat' dir='ltr'>inquit(4)‚</span> <span class='ocrx_word' id='word_1_130' title='bbox 1416 1795 1489 1853; x_wconf 85' lang='lat' dir='ltr'>te</span> <span class='ocrx_word' id='word_1_131' title='bbox 1525 1806 1679 1855; x_wconf 88' lang='lat' dir='ltr'>esse</span> <span class='ocrx_word' id='word_1_132' title='bbox 1719 1806 1760 1853; x_wconf 90' lang='lat' dir='ltr'>e</span> <span class='ocrx_word' id='word_1_133' title='bbox 1789 1784 2214 1909; x_wconf 43' lang='lat' dir='ltr'>municipio..</span> <span class='ocrx_word' id='word_1_134' title='bbox 2246 1788 2509 1855; x_wconf 87' lang='lat' dir='ltr'>Fateor.</span> 
     </span>
     <span class='ocr_line' id='line_1_17' title="bbox 407 1888 2513 2001; baseline 0 -40"><span class='ocrx_word' id='word_1_135' title='bbox 407 1903 480 1961; x_wconf 86' lang='lat' dir='ltr'>et</span> <span class='ocrx_word' id='word_1_136' title='bbox 503 1888 690 1961; x_wconf 87' lang='lat' dir='ltr'>addo</span> <span class='ocrx_word' id='word_1_137' title='bbox 718 1891 928 1963; x_wconf 87' lang='lat' dir='ltr'>etiam</span> <span class='ocrx_word' id='word_1_138' title='bbox 967 1915 1057 1962; x_wconf 83' lang='lat' dir='ltr'>ex</span> <span class='ocrx_word' id='word_1_139' title='bbox 1092 1915 1180 1962; x_wconf 89' lang='lat' dir='ltr'>eo</span> <span class='ocrx_word' id='word_1_140' title='bbox 1215 1892 1648 1989; x_wconf 87' lang='lat' dir='ltr'>municipi0‚</span> <span class='ocrx_word' id='word_1_141' title='bbox 1668 1893 1866 1965; x_wconf 90' lang='lat' dir='ltr'>unde</span> <span class='ocrx_word' id='word_1_142' title='bbox 1890 1896 2151 1965; x_wconf 88' lang='lat' dir='ltr'>iterum</span> <span class='ocrx_word' id='word_1_143' title='bbox 2173 1894 2321 2001; x_wconf 90' lang='lat' dir='ltr'>jam</span> <span class='ocrx_word' id='word_1_144' title='bbox 2352 1892 2513 1966; x_wconf 85' lang='lat' dir='ltr'>salus</span> 
     </span>
     <span class='ocr_line' id='line_1_18' title="bbox 409 1998 1674 2117; baseline 0.002 -48"><span class='ocrx_word' id='word_1_145' title='bbox 409 2000 578 2117; x_wconf 81' lang='lat' dir='ltr'>huic</span> <span class='ocrx_word' id='word_1_146' title='bbox 609 1998 824 2070; x_wconf 90' lang='lat' dir='ltr'>urbi</span> <span class='ocrx_word' id='word_1_147' title='bbox 808 2002 1255 2099; x_wconf 75' lang='lat' dir='ltr'>imperioque</span> <span class='ocrx_word' id='word_1_148' title='bbox 1293 2003 1506 2074; x_wconf 86' lang='lat' dir='ltr'>missa</span> <span class='ocrx_word' id='word_1_149' title='bbox 1544 2017 1674 2075; x_wconf 89' lang='lat' dir='ltr'>est.</span> 
     </span>
    </p>
   </div>
   <div class='ocr_carea' id='block_1_5' title="bbox 407 2149 2513 2327">
    <p class='ocr_par' dir='ltr' id='par_1_5' title="bbox 407 2149 2513 2327">
     <span class='ocr_line' id='line_1_19' title="bbox 485 2149 2511 2230; baseline -0.001 -21"><span class='ocrx_word' id='word_1_150' title='bbox 485 2154 701 2229; x_wconf 86' lang='lat' dir='ltr'>Magna</span> <span class='ocrx_word' id='word_1_151' title='bbox 730 2170 858 2209; x_wconf 89' lang='lat' dir='ltr'>cum</span> <span class='ocrx_word' id='word_1_152' title='bbox 886 2150 1070 2229; x_wconf 83' lang='lat' dir='ltr'>gloria</span> <span class='ocrx_word' id='word_1_153' title='bbox 1095 2149 1356 2209; x_wconf 84' lang='lat' dir='ltr'>subdidit</span> <span class='ocrx_word' id='word_1_154' title='bbox 1376 2152 1843 2226; x_wconf 87' lang='lat' dir='ltr'>consensionem,</span> <span class='ocrx_word' id='word_1_155' title='bbox 1863 2154 2214 2230; x_wconf 83' lang='lat' dir='ltr'>amplectens</span> <span class='ocrx_word' id='word_1_156' title='bbox 2239 2150 2511 2230; x_wconf 83' lang='lat' dir='ltr'>municipii</span> 
     </span>
     <span class='ocr_line' id='line_1_20' title="bbox 407 2246 2513 2327; baseline -0.001 -21"><span class='ocrx_word' id='word_1_157' title='bbox 407 2246 498 2306; x_wconf 89' lang='lat' dir='ltr'>sui</span> <span class='ocrx_word' id='word_1_158' title='bbox 533 2246 831 2327; x_wconf 79' lang='lat' dir='ltr'>Arpinatis</span> <span class='ocrx_word' id='word_1_159' title='bbox 861 2249 1148 2326; x_wconf 79' lang='lat' dir='ltr'>egregiam</span> <span class='ocrx_word' id='word_1_160' title='bbox 1192 2246 1588 2322; x_wconf 86' lang='lat' dir='ltr'>nobilitatem,</span> <span class='ocrx_word' id='word_1_161' title='bbox 1624 2248 1779 2308; x_wconf 89' lang='lat' dir='ltr'>unde</span> <span class='ocrx_word' id='word_1_162' title='bbox 1815 2262 1875 2308; x_wconf 90' lang='lat' dir='ltr'>et</span> <span class='ocrx_word' id='word_1_163' title='bbox 1908 2253 1972 2309; x_wconf 91' lang='lat' dir='ltr'>C.</span> <span class='ocrx_word' id='word_1_164' title='bbox 2000 2251 2224 2310; x_wconf 87' lang='lat' dir='ltr'>Marius</span> <span class='ocrx_word' id='word_1_165' title='bbox 2258 2248 2513 2312; x_wconf 82' lang='lat' dir='ltr'>exstiterit</span> 
     </span>
    </p>
   </div>
   <div class='ocr_carea' id='block_1_6' title="bbox 2547 282 2561 2506">
    <p class='ocr_par' dir='ltr' id='par_1_6' title="bbox 2547 282 2561 2506">
     <span class='ocr_line' id='line_1_21' title="bbox 2547 282 2561 2506; baseline 0 0"><span class='ocrx_word' id='word_1_166' title='bbox 2547 282 2561 2506; x_wconf 95' lang='lat' dir='ltr'> </span> 
     </span>
    </p>
   </div>
   <div class='ocr_carea' id='block_1_7' title="bbox 407 2441 2305 2520">
    <p class='ocr_par' dir='ltr' id='par_1_7' title="bbox 407 2441 2305 2520">
     <span class='ocr_line' id='line_1_22' title="bbox 407 2441 2305 2520; baseline 0.003 -22"><span class='ocrx_word' id='word_1_167' title='bbox 407 2441 480 2499; x_wconf 89' lang='lat' dir='ltr'>ad</span> <span class='ocrx_word' id='word_1_168' title='bbox 509 2441 948 2520; x_wconf 77' lang='lat' dir='ltr'>opprimendam</span> <span class='ocrx_word' id='word_1_169' title='bbox 975 2442 1234 2502; x_wconf 82' lang='lat' dir='ltr'>Catilinae</span> <span class='ocrx_word' id='word_1_170' title='bbox 1259 2441 1718 2519; x_wconf 85' lang='lat' dir='ltr'>conjurationem</span> <span class='ocrx_word' id='word_1_171' title='bbox 1740 2444 2010 2504; x_wconf 77' lang='lat' dir='ltr'>salutaris</span> <span class='ocrx_word' id='word_1_172' title='bbox 2028 2445 2305 2505; x_wconf 83' lang='lat' dir='ltr'>illuxerit.</span> 
     </span>
    </p>
   </div>
   <div class='ocr_carea' id='block_1_8' title="bbox 323 2607 2554 2854">
    <p class='ocr_par' dir='ltr' id='par_1_8' title="bbox 323 2607 2554 2854">
     <span class='ocr_line' id='line_1_23' title="bbox 508 2607 2554 2734; baseline -0.001 -24"><span class='ocrx_word' id='word_1_173' title='bbox 508 2662 573 2734; x_wconf 88' lang='lat'>7.</span> <span class='ocrx_word' id='word_1_174' title='bbox 619 2641 849 2710; x_wconf 87' lang='lat' dir='ltr'>Nemo</span> <span class='ocrx_word' id='word_1_175' title='bbox 887 2639 1072 2708; x_wconf 88' lang='lat' dir='ltr'>istuc</span> <span class='ocrx_word' id='word_1_176' title='bbox 1113 2607 1211 2706; x_wconf 83' lang='lat' dir='ltr'>M.</span> <span class='ocrx_word' id='word_1_177' title='bbox 1263 2639 1522 2709; x_wconf 88' lang='lat' dir='ltr'>Catoni</span> <span class='ocrx_word' id='word_1_178' title='bbox 1558 2641 1748 2724; x_wconf 89' lang='lat' dir='ltr'>seni,</span> <span class='ocrx_word' id='word_1_179' title='bbox 1798 2663 2019 2712; x_wconf 87' lang='lat' dir='ltr'>nemo</span> <span class='ocrx_word' id='word_1_180' title='bbox 2056 2638 2344 2711; x_wconf 90' lang='lat' dir='ltr'>Tiberio</span> <span class='ocrx_word' id='word_1_181' title='bbox 2392 2642 2510 2710; x_wconf 91' lang='lat' dir='ltr'>Co·</span> <span class='ocrx_word' id='word_1_182' title='bbox 2552 2657 2554 2688; x_wconf 79' lang='lat'>¹</span> 
     </span>
     <span class='ocr_line' id='line_1_24' title="bbox 323 2711 2554 2854; baseline -0.001 -34"><span class='ocrx_word' id='word_1_183' title='bbox 323 2845 329 2854; x_wconf 18' lang='grc' dir='ltr'>ἱ</span> <span class='ocrx_word' id='word_1_184' title='bbox 408 2748 792 2836; x_wconf 89' lang='lat' dir='ltr'>runcanio‚</span> <span class='ocrx_word' id='word_1_185' title='bbox 821 2772 1038 2819; x_wconf 90' lang='lat' dir='ltr'>nemo</span> <span class='ocrx_word' id='word_1_186' title='bbox 1065 2749 1307 2818; x_wconf 89' lang='lat' dir='ltr'>Manio</span> <span class='ocrx_word' id='word_1_187' title='bbox 1330 2755 1411 2838; x_wconf 87' lang='lat'>(5)</span> <span class='ocrx_word' id='word_1_188' title='bbox 1451 2749 1693 2820; x_wconf 88' lang='lat' dir='ltr'>Curi0.</span> <span class='ocrx_word' id='word_1_189' title='bbox 2552 2711 2554 2848; x_wconf 89' lang='grc' dir='ltr'>Ξ</span> 
     </span>
    </p>
   </div>
   <div class='ocr_carea' id='block_1_9' title="bbox 403 2955 2554 4114">
    <p class='ocr_par' dir='ltr' id='par_1_9' title="bbox 403 2955 2554 3441">
     <span class='ocr_line' id='line_1_25' title="bbox 412 2955 2514 3020; baseline -0.002 -14"><span class='ocrx_word' id='word_1_190' title='bbox 412 2957 611 3006; x_wconf 79' lang='lat' dir='ltr'>insitam</span> <span class='ocrx_word' id='word_1_191' title='bbox 638 2967 844 3007; x_wconf 78' lang='lat' dir='ltr'>testatur</span> <span class='ocrx_word' id='word_1_192' title='bbox 857 2957 1054 3006; x_wconf 76' lang='lat' dir='ltr'>Tacitus</span> <span class='ocrx_word' id='word_1_193' title='bbox 1079 2957 1260 3007; x_wconf 77' lang='lat' dir='ltr'>Annsl.</span> <span class='ocrx_word' id='word_1_194' title='bbox 1281 2960 1339 3018; x_wconf 93' lang='lat'>1,</span> <span class='ocrx_word' id='word_1_195' title='bbox 1366 2965 1397 3016; x_wconf 71' lang='grc'>4</span> <span class='ocrx_word' id='word_1_196' title='bbox 1418 2972 1432 3008; x_wconf 93' lang='lat'><strong>:</strong></span> <span class='ocrx_word' id='word_1_197' title='bbox 1468 2958 1755 3008; x_wconf 78' lang='lat' dir='ltr'>«Tiberium</span> <span class='ocrx_word' id='word_1_198' title='bbox 1784 2957 2029 3007; x_wconf 82' lang='lat' dir='ltr'>Neronem</span> <span class='ocrx_word' id='word_1_199' title='bbox 2047 2991 2065 3020; x_wconf 82' lang='grc'><em>,</em></span> <span class='ocrx_word' id='word_1_200' title='bbox 2091 2968 2333 3007; x_wconf 78' lang='lat' dir='ltr'>maturum</span> <span class='ocrx_word' id='word_1_201' title='bbox 2358 2955 2485 3004; x_wconf 82' lang='lat' dir='ltr'>annis</span> <span class='ocrx_word' id='word_1_202' title='bbox 2501 2989 2514 3012; x_wconf 80' lang='grc'><em>,</em></span> 
     </span>
     <span class='ocr_line' id='line_1_26' title="bbox 409 3039 2554 3110; baseline -0.002 -18"><span class='ocrx_word' id='word_1_203' title='bbox 409 3055 678 3110; x_wconf 79' lang='lat' dir='ltr'>spectatum</span> <span class='ocrx_word' id='word_1_204' title='bbox 705 3042 873 3103; x_wconf 86' lang='lat' dir='ltr'>bellis;</span> <span class='ocrx_word' id='word_1_205' title='bbox 899 3043 984 3092; x_wconf 84' lang='lat' dir='ltr'>sed</span> <span class='ocrx_word' id='word_1_206' title='bbox 1007 3056 1166 3092; x_wconf 83' lang='lat' dir='ltr'>vetere</span> <span class='ocrx_word' id='word_1_207' title='bbox 1192 3055 1341 3108; x_wconf 78' lang='lat' dir='ltr'>atque</span> <span class='ocrx_word' id='word_1_208' title='bbox 1369 3043 1513 3091; x_wconf 76' lang='lat' dir='ltr'>insitu</span> <span class='ocrx_word' id='word_1_209' title='bbox 1534 3043 1752 3092; x_wconf 77' lang='lat' dir='ltr'>Clsudiae</span> <span class='ocrx_word' id='word_1_210' title='bbox 1776 3043 1970 3092; x_wconf 73' lang='lat' dir='ltr'>famniae</span> <span class='ocrx_word' id='word_1_211' title='bbox 1993 3042 2217 3108; x_wconf 79' lang='lat' dir='ltr'>superbis</span> <span class='ocrx_word' id='word_1_212' title='bbox 2230 3065 2269 3092; x_wconf 69' lang='lat' dir='ltr'><strong>n.</strong></span> <span class='ocrx_word' id='word_1_213' title='bbox 2302 3039 2510 3090; x_wconf 69' lang='lat' dir='ltr'>Eandem</span> <span class='ocrx_word' id='word_1_214' title='bbox 2552 3053 2554 3062; x_wconf 62' lang='lat'><strong><em>⁴</em></strong></span> 
     </span>
     <span class='ocr_line' id='line_1_27' title="bbox 403 3122 2511 3193; baseline -0.003 -17"><span class='ocrx_word' id='word_1_215' title='bbox 403 3128 458 3176; x_wconf 86' lang='lat' dir='ltr'>in</span> <span class='ocrx_word' id='word_1_216' title='bbox 477 3129 643 3193; x_wconf 80' lang='lat' dir='ltr'>Appio</span> <span class='ocrx_word' id='word_1_217' title='bbox 678 3127 887 3176; x_wconf 84' lang='lat' dir='ltr'>Pulchro</span> <span class='ocrx_word' id='word_1_218' title='bbox 915 3129 970 3177; x_wconf 84' lang='lat' dir='ltr'><strong>P.</strong></span> <span class='ocrx_word' id='word_1_219' title='bbox 991 3127 1156 3178; x_wconf 85' lang='lat' dir='ltr'>Clodii</span> <span class='ocrx_word' id='word_1_220' title='bbox 1190 3128 1337 3176; x_wconf 67' lang='lat' dir='ltr'>stau-e</span> <span class='ocrx_word' id='word_1_221' title='bbox 1364 3125 1575 3192; x_wconf 72' lang='lat' dir='ltr'>exagitat</span> <span class='ocrx_word' id='word_1_222' title='bbox 1600 3128 1777 3179; x_wconf 85' lang='lat' dir='ltr'>Cicero</span> <span class='ocrx_word' id='word_1_223' title='bbox 1810 3127 1875 3176; x_wconf 80' lang='lat' dir='ltr'>ad</span> <span class='ocrx_word' id='word_1_224' title='bbox 1894 3128 2012 3177; x_wconf 82' lang='lat' dir='ltr'>Div.</span> <span class='ocrx_word' id='word_1_225' title='bbox 2038 3129 2141 3186; x_wconf 90' lang='lat'>111,</span> <span class='ocrx_word' id='word_1_226' title='bbox 2176 3144 2227 3190; x_wconf 77' lang='lat'><strong>7.</strong></span> <span class='ocrx_word' id='word_1_227' title='bbox 2256 3127 2319 3174; x_wconf 75' lang='lat' dir='ltr'>Et</span> <span class='ocrx_word' id='word_1_228' title='bbox 2342 3122 2397 3173; x_wconf 92' lang='lat' dir='ltr'>P.</span> <span class='ocrx_word' id='word_1_229' title='bbox 2416 3123 2511 3188; x_wconf 85' lang='lat' dir='ltr'>qui-</span> 
     </span>
     <span class='ocr_line' id='line_1_28' title="bbox 408 3209 2554 3278; baseline 0.001 -18"><span class='ocrx_word' id='word_1_230' title='bbox 408 3211 516 3260; x_wconf 89' lang='lat' dir='ltr'>dem</span> <span class='ocrx_word' id='word_1_231' title='bbox 543 3211 744 3260; x_wconf 76' lang='lat' dir='ltr'>Clodius</span> <span class='ocrx_word' id='word_1_232' title='bbox 774 3228 924 3276; x_wconf 86' lang='lat' dir='ltr'>quum</span> <span class='ocrx_word' id='word_1_233' title='bbox 960 3229 1051 3278; x_wconf 80' lang='lat' dir='ltr'>per</span> <span class='ocrx_word' id='word_1_234' title='bbox 1086 3212 1247 3260; x_wconf 82' lang='lat' dir='ltr'>lusum</span> <span class='ocrx_word' id='word_1_235' title='bbox 1288 3211 1489 3261; x_wconf 77' lang='lat' dir='ltr'>dixisset</span> <span class='ocrx_word' id='word_1_236' title='bbox 1518 3211 1806 3262; x_wconf 84' lang='lat' dir='ltr'>Ciceronem</span> <span class='ocrx_word' id='word_1_237' title='bbox 1840 3228 1945 3260; x_wconf 88' lang='lat' dir='ltr'>non</span> <span class='ocrx_word' id='word_1_238' title='bbox 1985 3228 2174 3278; x_wconf 76' lang='lat' dir='ltr'>regem,</span> <span class='ocrx_word' id='word_1_239' title='bbox 2221 3209 2309 3260; x_wconf 87' lang='lat' dir='ltr'>sed</span> <span class='ocrx_word' id='word_1_240' title='bbox 2330 3213 2511 3263; x_wconf 67' lang='lat' dir='ltr'>Iovem,</span> <span class='ocrx_word' id='word_1_241' title='bbox 2553 3241 2554 3244; x_wconf 61' lang='lat'><em>=</em></span> 
     </span>
     <span class='ocr_line' id='line_1_29' title="bbox 406 3293 2554 3360; baseline -0.001 -20"><span class='ocrx_word' id='word_1_242' title='bbox 406 3293 810 3342; x_wconf 74' lang='lat' dir='ltr'>mordacissimam</span> <span class='ocrx_word' id='word_1_243' title='bbox 831 3294 890 3343; x_wconf 83' lang='lat' dir='ltr'>ab</span> <span class='ocrx_word' id='word_1_244' title='bbox 912 3309 972 3343; x_wconf 90' lang='lat' dir='ltr'>eo</span> <span class='ocrx_word' id='word_1_245' title='bbox 995 3295 1362 3360; x_wconf 80' lang='lat' dir='ltr'>responsionem</span> <span class='ocrx_word' id='word_1_246' title='bbox 1386 3295 1553 3344; x_wconf 84' lang='lat' dir='ltr'>retulit</span> <span class='ocrx_word' id='word_1_247' title='bbox 1566 3329 1583 3356; x_wconf 90' lang='lat'>‚</span> <span class='ocrx_word' id='word_1_248' title='bbox 1606 3311 1755 3359; x_wconf 76' lang='lat' dir='ltr'>quam</span> <span class='ocrx_word' id='word_1_249' title='bbox 1781 3295 1898 3344; x_wconf 82' lang='lat' dir='ltr'>vide</span> <span class='ocrx_word' id='word_1_250' title='bbox 1923 3295 1979 3344; x_wconf 89' lang='lat' dir='ltr'>in</span> <span class='ocrx_word' id='word_1_251' title='bbox 2000 3296 2220 3344; x_wconf 80' lang='lat' dir='ltr'>oratione</span> <span class='ocrx_word' id='word_1_252' title='bbox 2232 3310 2325 3360; x_wconf 81' lang='lat' dir='ltr'>pro</span> <span class='ocrx_word' id='word_1_253' title='bbox 2342 3295 2507 3349; x_wconf 84' lang='lat' dir='ltr'>Domo,</span> <span class='ocrx_word' id='word_1_254' title='bbox 2553 3329 2554 3334; x_wconf 65' lang='lat'>,</span> 
     </span>
     <span class='ocr_line' id='line_1_30' title="bbox 409 3377 814 3441; baseline 0.002 -18"><span class='ocrx_word' id='word_1_255' title='bbox 409 3392 519 3441; x_wconf 75' lang='lat' dir='ltr'>cap.</span> <span class='ocrx_word' id='word_1_256' title='bbox 538 3377 627 3431; x_wconf 71' lang='lat'><strong>34.</strong></span> <span class='ocrx_word' id='word_1_257' title='bbox 651 3378 717 3425; x_wconf 88' lang='lat' dir='ltr'><strong>A.</strong></span> <span class='ocrx_word' id='word_1_258' title='bbox 740 3379 814 3424; x_wconf 86' lang='lat' dir='ltr'>M.</span> 
     </span>
    </p>

    <p class='ocr_par' dir='ltr' id='par_1_10' title="bbox 407 3458 2509 3695">
     <span class='ocr_line' id='line_1_31' title="bbox 479 3458 2509 3526; baseline -0.001 -19"><span class='ocrx_word' id='word_1_259' title='bbox 479 3459 556 3526; x_wconf 89' lang='lat'>(1)</span> <span class='ocrx_word' id='word_1_260' title='bbox 582 3462 659 3508; x_wconf 91' lang='lat' dir='ltr'>De</span> <span class='ocrx_word' id='word_1_261' title='bbox 690 3461 894 3510; x_wconf 76' lang='lat' dir='ltr'>Catilina</span> <span class='ocrx_word' id='word_1_262' title='bbox 922 3473 973 3511; x_wconf 90' lang='lat' dir='ltr'>et</span> <span class='ocrx_word' id='word_1_263' title='bbox 1000 3463 1220 3512; x_wconf 87' lang='lat' dir='ltr'>Antonio</span> <span class='ocrx_word' id='word_1_264' title='bbox 1257 3461 1519 3512; x_wconf 80' lang='lat' dir='ltr'>confirmat</span> <span class='ocrx_word' id='word_1_265' title='bbox 1544 3463 1789 3512; x_wconf 78' lang='lat' dir='ltr'>Asconius</span> <span class='ocrx_word' id='word_1_266' title='bbox 1815 3461 1878 3512; x_wconf 79' lang='lat' dir='ltr'>ad</span> <span class='ocrx_word' id='word_1_267' title='bbox 1902 3474 2028 3512; x_wconf 86' lang='lat' dir='ltr'>orst.</span> <span class='ocrx_word' id='word_1_268' title='bbox 2052 3465 2108 3510; x_wconf 88' lang='lat' dir='ltr'>in</span> <span class='ocrx_word' id='word_1_269' title='bbox 2130 3463 2267 3526; x_wconf 79' lang='lat' dir='ltr'>Toga</span> <span class='ocrx_word' id='word_1_270' title='bbox 2294 3458 2509 3514; x_wconf 76' lang='lat' dir='ltr'>eandida,</span> 
     </span>
     <span class='ocr_line' id='line_1_32' title="bbox 407 3541 2507 3597; baseline -0.001 -5"><span class='ocrx_word' id='word_1_271' title='bbox 407 3543 497 3592; x_wconf 87' lang='lat' dir='ltr'>sub</span> <span class='ocrx_word' id='word_1_272' title='bbox 521 3541 644 3594; x_wconf 76' lang='lat' dir='ltr'>fine.</span> <span class='ocrx_word' id='word_1_273' title='bbox 672 3544 844 3593; x_wconf 71' lang='lat' dir='ltr'>«Huic</span> <span class='ocrx_word' id='word_1_274' title='bbox 875 3547 1086 3594; x_wconf 74' lang='lat' dir='ltr'>orationi</span> <span class='ocrx_word' id='word_1_275' title='bbox 1123 3547 1375 3596; x_wconf 88' lang='lat' dir='ltr'>Ciceronis</span> <span class='ocrx_word' id='word_1_276' title='bbox 1400 3557 1449 3594; x_wconf 83' lang='lat' dir='ltr'>et</span> <span class='ocrx_word' id='word_1_277' title='bbox 1469 3547 1675 3597; x_wconf 74' lang='lat' dir='ltr'>Catilina</span> <span class='ocrx_word' id='word_1_278' title='bbox 1706 3557 1757 3596; x_wconf 90' lang='lat' dir='ltr'>et</span> <span class='ocrx_word' id='word_1_279' title='bbox 1784 3547 2030 3595; x_wconf 83' lang='lat' dir='ltr'>Antonius</span> <span class='ocrx_word' id='word_1_280' title='bbox 2066 3546 2406 3594; x_wconf 84' lang='lat' dir='ltr'>contumeliose</span> <span class='ocrx_word' id='word_1_281' title='bbox 2440 3558 2507 3589; x_wconf 88' lang='lat' dir='ltr'>re·</span> 
     </span>
     <span class='ocr_line' id='line_1_33' title="bbox 413 3627 2293 3695; baseline 0.001 -19"><span class='ocrx_word' id='word_1_282' title='bbox 413 3627 749 3692; x_wconf 75' lang='lat' dir='ltr'>spondet-unt,</span> <span class='ocrx_word' id='word_1_283' title='bbox 767 3628 904 3694; x_wconf 87' lang='lat' dir='ltr'>quod</span> <span class='ocrx_word' id='word_1_284' title='bbox 918 3631 1074 3678; x_wconf 86' lang='lat' dir='ltr'>solum</span> <span class='ocrx_word' id='word_1_285' title='bbox 1092 3641 1339 3695; x_wconf 79' lang='lat' dir='ltr'>poterant,</span> <span class='ocrx_word' id='word_1_286' title='bbox 1362 3629 1547 3678; x_wconf 77' lang='lat' dir='ltr'>invecti</span> <span class='ocrx_word' id='word_1_287' title='bbox 1570 3632 1625 3678; x_wconf 87' lang='lat' dir='ltr'>in</span> <span class='ocrx_word' id='word_1_288' title='bbox 1642 3631 1915 3680; x_wconf 76' lang='lat' dir='ltr'>novitatem</span> <span class='ocrx_word' id='word_1_289' title='bbox 1932 3631 2097 3692; x_wconf 64' lang='lat' dir='ltr'>eiust.</span> <span class='ocrx_word' id='word_1_290' title='bbox 2122 3630 2189 3678; x_wconf 90' lang='lat' dir='ltr'>A..</span> <span class='ocrx_word' id='word_1_291' title='bbox 2218 3631 2293 3679; x_wconf 96' lang='grc' dir='ltr'>Μ.</span> 
     </span>
    </p>

    <p class='ocr_par' dir='ltr' id='par_1_11' title="bbox 474 3709 1648 3780">
     <span class='ocr_line' id='line_1_34' title="bbox 474 3709 1648 3780; baseline 0.001 -19"><span class='ocrx_word' id='word_1_292' title='bbox 474 3709 554 3778; x_wconf 75' lang='lat' dir='ltr'>(a)</span> <span class='ocrx_word' id='word_1_293' title='bbox 576 3712 654 3762; x_wconf 83' lang='lat' dir='ltr'>Sic</span> <span class='ocrx_word' id='word_1_294' title='bbox 681 3713 793 3762; x_wconf 89' lang='lat' dir='ltr'>eod.</span> <span class='ocrx_word' id='word_1_295' title='bbox 818 3713 986 3764; x_wconf 70' lang='lat' dir='ltr'>hereat</span> <span class='ocrx_word' id='word_1_296' title='bbox 1001 3715 1104 3762; x_wconf 87' lang='lat' dir='ltr'>siue</span> <span class='ocrx_word' id='word_1_297' title='bbox 1128 3713 1461 3780; x_wconf 74' lang='lat' dir='ltr'>diphthongo.</span> <span class='ocrx_word' id='word_1_298' title='bbox 1492 3715 1554 3762; x_wconf 74' lang='lat' dir='ltr'><strong>A.</strong></span> <span class='ocrx_word' id='word_1_299' title='bbox 1573 3715 1648 3764; x_wconf 93' lang='lat' dir='ltr'>M.</span> 
     </span>
    </p>

    <p class='ocr_par' dir='ltr' id='par_1_12' title="bbox 473 3793 1592 3864">
     <span class='ocr_line' id='line_1_35' title="bbox 473 3793 1592 3864; baseline 0.004 -20"><span class='ocrx_word' id='word_1_300' title='bbox 473 3793 553 3862; x_wconf 81' lang='lat'>(3)</span> <span class='ocrx_word' id='word_1_301' title='bbox 575 3797 792 3864; x_wconf 67' lang='lat' dir='ltr'>intellige</span> <span class='ocrx_word' id='word_1_302' title='bbox 809 3799 1046 3847; x_wconf 80' lang='lat' dir='ltr'>Manlium</span> <span class='ocrx_word' id='word_1_303' title='bbox 1063 3798 1416 3863; x_wconf 81' lang='lat' dir='ltr'>Capitolinum.</span> <span class='ocrx_word' id='word_1_304' title='bbox 1435 3798 1497 3848; x_wconf 91' lang='lat' dir='ltr'><strong>A.</strong></span> <span class='ocrx_word' id='word_1_305' title='bbox 1515 3801 1592 3848; x_wconf 90' lang='lat' dir='ltr'>M.</span> 
     </span>
    </p>

    <p class='ocr_par' dir='ltr' id='par_1_13' title="bbox 471 3879 1089 3948">
     <span class='ocr_line' id='line_1_36' title="bbox 471 3879 1089 3948; baseline 0.002 -16"><span class='ocrx_word' id='word_1_306' title='bbox 471 3879 548 3947; x_wconf 65' lang='grc'>(4)</span> <span class='ocrx_word' id='word_1_307' title='bbox 570 3883 696 3932; x_wconf 86' lang='lat' dir='ltr'>cod.</span> <span class='ocrx_word' id='word_1_308' title='bbox 718 3885 905 3948; x_wconf 76' lang='lat' dir='ltr'>inquid.</span> <span class='ocrx_word' id='word_1_309' title='bbox 934 3885 1000 3933; x_wconf 85' lang='lat' dir='ltr'><strong>A.</strong></span> <span class='ocrx_word' id='word_1_310' title='bbox 1017 3884 1089 3933; x_wconf 82' lang='lat' dir='ltr'>M.</span> 
     </span>
    </p>

    <p class='ocr_par' dir='ltr' id='par_1_14' title="bbox 403 3961 2503 4114">
     <span class='ocr_line' id='line_1_37' title="bbox 475 3961 2501 4032; baseline -0.003 -20"><span class='ocrx_word' id='word_1_311' title='bbox 475 3961 552 4032; x_wconf 76' lang='grc' dir='ltr'>(ὅ)</span> <span class='ocrx_word' id='word_1_312' title='bbox 574 3965 698 4015; x_wconf 89' lang='lat' dir='ltr'>Cod.</span> <span class='ocrx_word' id='word_1_313' title='bbox 723 3968 909 4026; x_wconf 74' lang='lat' dir='ltr'>Mar-io,</span> <span class='ocrx_word' id='word_1_314' title='bbox 927 3977 978 4014; x_wconf 75' lang='lat' dir='ltr'>st</span> <span class='ocrx_word' id='word_1_315' title='bbox 997 3966 1201 4014; x_wconf 79' lang='lat' dir='ltr'>inferius</span> <span class='ocrx_word' id='word_1_316' title='bbox 1219 3965 1419 4014; x_wconf 76' lang='lat' dir='ltr'>Manius</span> <span class='ocrx_word' id='word_1_317' title='bbox 1435 4001 1450 4026; x_wconf 92' lang='lat'>,</span> <span class='ocrx_word' id='word_1_318' title='bbox 1473 3965 1608 4029; x_wconf 88' lang='lat' dir='ltr'>quod</span> <span class='ocrx_word' id='word_1_319' title='bbox 1628 3981 1797 4013; x_wconf 82' lang='lat' dir='ltr'>verum</span> <span class='ocrx_word' id='word_1_320' title='bbox 1813 3965 1953 4013; x_wconf 83' lang='lat' dir='ltr'>Curii</span> <span class='ocrx_word' id='word_1_321' title='bbox 1980 3978 2260 4030; x_wconf 69' lang='lat' dir='ltr'>prmomen</span> <span class='ocrx_word' id='word_1_322' title='bbox 2287 3963 2360 4010; x_wconf 83' lang='lat' dir='ltr'>bis</span> <span class='ocrx_word' id='word_1_323' title='bbox 2380 3975 2501 4007; x_wconf 78' lang='lat' dir='ltr'>usur·</span> 
     </span>
     <span class='ocr_line' id='line_1_38' title="bbox 403 4041 2503 4114; baseline -0.002 -18"><span class='ocrx_word' id='word_1_324' title='bbox 403 4058 484 4108; x_wconf 76' lang='lat' dir='ltr'>pat</span> <span class='ocrx_word' id='word_1_325' title='bbox 507 4049 794 4099; x_wconf 75' lang='lat' dir='ltr'>Plutarchus</span> <span class='ocrx_word' id='word_1_326' title='bbox 818 4051 868 4098; x_wconf 86' lang='lat' dir='ltr'>in</span> <span class='ocrx_word' id='word_1_327' title='bbox 901 4049 1093 4114; x_wconf 74' lang='lat' dir='ltr'>Pyrrho</span> <span class='ocrx_word' id='word_1_328' title='bbox 1109 4083 1123 4110; x_wconf 89' lang='lat'><strong>,</strong></span> <span class='ocrx_word' id='word_1_329' title='bbox 1155 4060 1204 4096; x_wconf 90' lang='lat' dir='ltr'>et</span> <span class='ocrx_word' id='word_1_330' title='bbox 1231 4049 1409 4098; x_wconf 82' lang='lat' dir='ltr'>diserte</span> <span class='ocrx_word' id='word_1_331' title='bbox 1441 4048 1671 4097; x_wconf 79' lang='lat' dir='ltr'>adserunt</span> <span class='ocrx_word' id='word_1_332' title='bbox 1702 4049 1993 4112; x_wconf 78' lang='lat' dir='ltr'>interpretes</span> <span class='ocrx_word' id='word_1_333' title='bbox 2012 4047 2198 4098; x_wconf 84' lang='lat' dir='ltr'>Aurelii</span> <span class='ocrx_word' id='word_1_334' title='bbox 2217 4045 2425 4096; x_wconf 74' lang='lat' dir='ltr'>Victoris</span> <span class='ocrx_word' id='word_1_335' title='bbox 2448 4041 2503 4088; x_wconf 79' lang='lat' dir='ltr'>ad</span> 
     </span>
    </p>
   </div>
  </div>
 </body>
</html>
