2594 4537
336 318 469 414 ¹94
970 316 1065 383 Μ.
1116 317 1195 384 T.
1249 317 1805 388 CICERONIS

326 442 718 543 pressio¹⁰‚
763 459 916 509 non
970 439 1247 509 occasio
1270 491 1289 526 ,
1334 463 1488 511 non
1531 441 1638 510 vis
1660 493 1680 528 ‚
1747 463 1898 510 nou
1939 454 2268 538 tempus,
2303 468 2454 514 non
2517 525 2522 532 ,

326 552 707 651 imperium
729 603 749 638 ‚
784 572 939 619 non
977 571 1260 620 secures
1290 549 1380 620 ad
1417 550 1760 646 injuriam
1793 548 2196 622 faciendam
2226 552 2455 625 Fiacci

324 662 647 732 animum
688 656 1156 754 impulerunt.

420 774 677 866 Itaque
711 765 967 839 eodem
998 768 1213 838 etiam
1246 771 1344 838 M.
1387 771 1654 858 Lurco,
1702 769 1814 839 vir
1855 768 2210 866 optimus»,
2247 793 2454 842 meus

324 877 686 952 familiaris
707 931 727 966 ‚
762 878 1119 950 convertit
1160 877 1488 949 aculeum
1528 879 1920 950 testimonii
1962 879 2078 950 sui
2097 887 2202 950 ¹¹:
2243 905 2456 977 nega-

322 992 429 1061 vit
452 1043 472 1078 ,
512 1012 555 1060 a
582 991 861 1086 privato
890 988 1269 1086 pecuniam
1293 991 1372 1058 in
1398 989 1766 1086 provincia
1793 1003 2175 1086 praetorem
2206 1005 2456 1087 petere

322 1112 683 1197 oportere.
727 1089 875 1168 Cur
910 1096 1238 1183 tandem,
1282 1100 1384 1168 M.
1427 1093 1697 1186 Lurc'o,
1735 1123 1887 1169 non
1923 1101 2272 1196 oportet?
2317 1105 2456 1172 eri-

318 1231 495 1308 pere
518 1262 540 1296 ‚
571 1222 1050 1304 extorquere,
1092 1207 1416 1304 accipere
1445 1223 1700 1280 contra
1726 1207 1918 1306 leges
1945 1233 2100 1280 non
2127 1225 2454 1308 oportet:

320 1331 568 1428 petere
608 1341 762 1388 non
810 1330 1186 1413 oportere,
1220 1341 1627 1415 numquam
1687 1316 2066 1407 ostende3‚
2127 1321 2268 1390 nisi
2321 1319 2455 1392 do-

320 1429 555 1500 cueris
579 1449 731 1498 non
764 1425 1001 1498 licere.
1022 1430 1133 1497 An
1154 1426 1550 1524 legationes
1573 1451 1860 1499 sumere
1886 1425 2147 1499 liberas
2169 1437 2233 1472 ¹²
2252 1482 2272 1514 ‚
2311 1431 2458 1501 exi·

318 1537 537 1635 gendi
564 1559 778 1608 causa
798 1589 818 1624 ,
850 1537 1036 1606 sicut
1055 1549 1129 1606 et
1158 1537 1420 1634 tuipse
1453 1561 1724 1634 nuper,
1752 1552 1826 1608 et
1861 1537 2070 1608 multi
2099 1539 2234 1609 viri
2271 1537 2458 1610 honi

320 1671 509 1745 saepe
524 1644 893 1734 fecerunt,
912 1659 1189 1716 rectum
1220 1659 1361 1732 est3
1399 1645 1602 1743 quod
1625 1669 1760 1743 ego
1777 1671 1926 1720 non
1953 1645 2458 1744 reprehendo;

320 1759 557 1830 socios
589 1755 801 1828 video
844 1757 1053 1853 queri
1075 1743 1134 1800 ¹³
1174 1782 1191 1824 :
1236 1769 1626 1853 praetorem
1647 1811 1668 1844 ,
1721 1758 1782 1828 si
1843 1755 2322 1834 hereditatem
2375 1759 2458 1829 in

322 1868 693 1966 provincia
730 1889 885 1936 non
921 1865 1297 1963 reliquerit
1322 1866 1423 1953 ¹⁴3
1463 1889 1614 1936 non
1651 1864 1886 1960 solum
1923 1865 2464 1964 reprehenden-

318 1977 530 2065 dum,
562 1998 815 2048 verum
848 1975 1063 2047 etiam
1092 1973 1726 2048 condemnandum
1759 1977 2018 2074 putas?

412 2090 701 2158 XXXV.
760 2084 935 2156 Doti
956 2137 975 2174 ‚
1030 2085 1311 2181 inquit¹
1341 2139 1362 2173 ,
1400 2083 1684 2157 Valeria
1734 2085 2118 2184 pecuniam
2159 2111 2464 2160 omnem

316 2221 519 2270 suam
572 2195 919 2267 dixerat&
982 2193 1179 2266 Nihil
1238 2194 1548 2266 istorum
1593 2195 1928 2293 explicari
1975 2210 2267 2296 potest,
2309 2198 2458 2272 nisi

316 2306 756 2393 ostenderiS,
796 2304 995 2375 illam
1034 2305 1111 2374 in
1156 2303 1380 2376 tutela
1421 2305 1654 2377 Flacci
1686 2330 1839 2378 non
1880 2304 2121 2381 fuisse.
2161 2310 2238 2379 Si
2272 2305 2416 2381 fuit
2435 2364 2460 2397 ,

314 2438 793 2515 quaecumque
828 2414 981 2486 sine
1008 2413 1155 2486 hoc
1187 2430 1483 2488 auctore
1513 2430 1622 2488 est
1653 2406 1844 2489 dicta
1883 2414 2052 2505 dos,
2089 2416 2292 2491 nulla
2325 2434 2462 2491 oet.

315 2525 457 2598 Sed
495 2539 740 2596 tamen
779 2527 1185 2595 Lurconem
1212 2577 1234 2614 ‚
1282 2548 1727 2625 quamquam
1761 2550 1900 2625 pro
1931 2550 2067 2599 sua
2105 2524 2462 2623 dignitate

314 2634 732 2707 moderatus
774 2648 883 2707 est
920 2635 998 2705 in
1036 2636 1454 2708 testimonio
1497 2634 1805 2708 dicendo
1839 2634 2168 2734 religioni
2187 2632 2218 2679 ³
2274 2662 2466 2727 suae,

314 2762 559 2819 tamen
594 2746 858 2815 iratum
893 2742 1147 2817 Flacco
1184 2769 1340 2819 esse
1366 2744 1659 2817 vidistis,
1699 2750 1956 2842 Neque
1984 2749 2180 2816 enim
2212 2747 2464 2819 occul-

318 2859 493 2928 tavit
526 2878 813 2927 causam
840 2855 1231 2931 iracundia:
1264 2880 1449 2946 suae,
1492 2878 1734 2954 neque
1766 2854 2213 2929 reticendam
2248 2872 2462 2955 puta-

390 3118 469 3153 ιο.
503 3098 781 3166 Impressit).
814 3101 1051 3165 Impetus.

386 3198 407 3229 ι
422 3198 443 3229 1
456 3216 471 3230 .
493 3180 726 3228 Aculeum
743 3178 1003 3227 testimonii
1016 3176 1109 3225 επὶ.
1130 3178 1191 3225 In
1208 3190 1339 3227 cnm·

314 3260 425 3309 dem
458 3268 645 3323 partem
678 3253 909 3307 infestum
950 3272 1092 3305 snum
1120 3256 1339 3305 testimo-

313 3339 449 3388 ninm
476 3336 733 3386 convertit.

388 3434 473 3466 ια.
498 3412 786 3481 Legationes
815 3444 829 3462 .
850 3447 864 3461 .
885 3445 899 3462 .
930 3412 1118 3462 liberm.
1144 3412 1337 3476 Quibus

308 3496 537 3546 instructi
586 3494 720 3543 cive·
768 3508 897 3542 rom.
952 3493 1112 3541 socio·
1160 3492 1338 3556 sepius

310 3576 551 3625 vexabant
568 3610 586 3636 ,
632 3584 805 3621 manns
857 3571 1041 3637 qnippe
1091 3581 1141 3619 ct
1180 3572 1336 3619 mim·

308 3652 734 3703 commodantibus
755 3650 1152 3716 propraetoribus.

386 3736 467 3783 13.
489 3732 651 3781 Socios
675 3731 825 3779 video
846 3730 1000 3795 queri.
1024 3731 1151 3792 Quin
1171 3729 1336 3778 nullus

307 3812 373 3861 sit
415 3812 633 3875 aequitati
676 3810 846 3867 locut,
887 3825 1039 3874 qutun
1078 3809 1193 3858 inde
1232 3810 1332 3868 vis,

310 3890 426 3938 inde
445 3902 598 3937 metm
616 3900 725 3938 stet.

385 3984 403 4015 ι
417 3977 465 4024 4.
494 3968 603 4015 Non
631 3967 893 4031 reliquerit.
920 3970 978 4017 In
1004 3968 1130 4017 MSS
1158 3970 1332 4017 Faern-

308 4058 357 4096 ει
380 4047 579 4097 Menam.
605 4046 770 4101 aberat
796 4062 913 4095 non.
938 4045 1085 4097 Unde
1108 4046 1331 4098 Lambin.

1427 3094 1558 3159 conj.
1589 3118 1616 3141 ι
1634 3096 1948 3147 hereditatem
1973 3100 2028 3145 in
2050 3096 2310 3162 provincia
2347 3114 2464 3148 cre-

1425 3177 1551 3226 verit
1565 3198 1616 3225 ¹·-

1492 3256 1710 3307 XXXV.
1756 3270 1804 3305 r.
1851 3255 2039 3321 Inquit.
2089 3255 2239 3305 neck.
2285 3256 2464 3306 maluit

1423 3334 1601 3401 inquis.
1635 3336 1686 3384 3.
1711 3336 1778 3385 V.
1803 3336 1860 3385 1..

1495 3428 1547 3463 2.
1577 3412 1776 3463 Valeria
1793 3412 2062 3479 pecuniam
2097 3426 2292 3461 omem
2315 3428 2464 3463 aava

1423 3493 1637 3542 dixerat.
1657 3494 1918 3542 Pecuniam
1955 3506 2150 3541 omnem
2181 3506 2323 3540 snam
2349 3490 2463 3541 doti

1425 3570 1742 3621 conficiendae
1799 3570 2104 3636 impenderat
2125 3584 2143 3633 3
2197 3586 2294 3635 pro
2339 3570 2464 3620 dote

1424 3664 1566 3699 mum
1604 3666 1748 3700 omne
1787 3651 2136 3716 patrimonium
2177 3650 2360 3699 mrito
2389 3658 2461 3699 nt-

1422 3730 1616 3781 tulerat.

1493 3810 1542 3857 3.
1559 3807 1757 3859 Schiitz.
1779 3806 2028 3874 rescripsit
2043 3830 2068 3851 -
2079 3809 2298 3857 orationi
2311 3824 2458 3859 mun.

1419 3888 1610 3937 Eme-t.
1653 3888 1892 3937 maluerat
1909 3924 1924 3948 ,
1970 3904 2063 3953 pro
2101 3908 2130 3930 οι
2165 3887 2458 3938 moderatu

1420 3976 1495 4015 est
1512 3988 1537 4007 a
1551 4000 1568 4025 ,
1597 3966 1936 4031 «obseqnnmz
1959 3977 2092 4028 ent»,
2108 3964 2190 4017 vol
2214 3987 2241 4010 ι
2261 3966 2461 4017 obtan-

1420 4048 1608 4113 pmvit
1625 4068 1672 4097 ο.
1701 4050 1752 4099 J.
1769 4050 1836 4097 V·
1859 4050 1914 4097 L.
