2594 4537
279 235 425 309 626
636 238 920 309 GASP.
979 238 1590 307 GARATONII
1647 238 1874 305 EXC.
1921 238 2068 308 ΙΙΙ.

278 362 619 441 majestatis
647 361 1074 450 quaestionem
1108 360 1374 423 sortitus
1413 375 1541 440 est,
1577 375 1654 423 ut
1681 382 1912 425 omnes
1937 360 2184 426 docent
2211 384 2296 427 ex
2320 362 2420 429 111

202 504 209 515 ·
277 468 359 532 ad
394 469 479 550 Q.
512 469 713 531 Fratr.
753 490 778 529 1
804 512 821 547 ,
856 470 891 546 S
924 488 1005 552 73
1039 464 1221 529 unde
1252 464 1629 548 conficitur,
1661 463 1899 530 Alfium
1931 484 2280 555 praetorem
2315 492 2420 533 eo-

275 572 427 637 dem
466 594 641 635 anno
690 569 821 656 698
867 567 1279 658 designatum
1330 570 1568 652 fuisse,
1610 590 1743 658 quo
1778 570 2082 635 Plancius
2117 589 2186 637 et
2213 573 2416 637 aedilis

272 697 370 744 est
388 678 781 769 designatus,
807 692 873 740 et
893 698 1150 741 causam
1178 675 1358 741 dixit.
1391 675 1590 759 Quod
1605 677 1660 740 si
1679 675 1810 756 jam
1827 700 2004 742 anno
2025 678 2182 764 696,
2201 702 2412 767 quum

272 785 555 873 primum
592 798 937 872 praeturam
956 783 1141 871 petiit
1179 778 1380 847 Alfius
1401 831 1421 864 ,
1458 782 1608 847 satis
1639 783 1868 847 eratin
1897 783 2172 847 homine
2195 784 2410 873 digni-

274 892 419 955 tatis
450 888 867 971 adjudicium
900 888 1241 977 publicum
1266 887 1704 953 exercendum
1721 937 1740 970 ,
1767 910 1904 952 non
1931 889 2014 953 ab
2041 889 2412 979 integritate

271 1010 553 1085 spectata
598 996 811 1060 solum
829 1041 847 1077 ‚
900 994 1015 1060 sed
1046 994 1239 1059 etiam
1274 993 1356 1058 ab
1386 994 1750 1059 honon'bus
1769 1042 1788 1076 ‚
1825 1014 2034 1081 quum
2067 996 2238 1060 nihil
2271 1018 2406 1059 am-

270 1101 440 1189 plius
484 1100 555 1163 in
608 1100 843 1163 annuis
892 1100 1322 1188 quaestionum
1369 1098 1698 1179 judicibus
1728 1100 2170 1187 requireretur
2205 1098 2404 1187 (vide

272 1208 539 1271 Excurs.
597 1205 679 1271 ad
728 1207 987 1271 Cluent.
1040 1210 1077 1287 S
1121 1226 1156 1269 2
1178 1253 1195 1287 ,
1237 1205 1306 1288 3,
1345 1204 1434 1291 4)
1485 1206 1693 1294 qualis
1735 1222 1924 1270 antea
1963 1207 2106 1295 ipse
2143 1205 2402 1271 videtur

269 1311 475 1377 Alfius
504 1312 703 1376 fuisse
736 1336 752 1376 t
791 1328 1041 1399 quanto
1070 1311 1271 1401 magis
1305 1311 1569 1376 biennio
1590 1328 1814 1401 postoe
1843 1308 2020 1375 idem
2059 1312 2208 1395 ille,
2243 1336 2406 1401 prae-

270 1434 373 1483 tor
402 1418 533 1497 jam
568 1417 939 1507 designatus
961 1466 979 1501 ‚
1011 1440 1048 1481 a
1082 1418 1295 1505 probo
1329 1434 1706 1483 accusatore
1737 1419 2070 1483 Laterensi
2087 1420 2406 1507 -quaesitor

268 1522 466 1613 deligi
500 1524 765 1613 potuit?
808 1526 976 1589 Cum
1020 1524 1124 1587 his
1166 1522 1560 1589 conferenda
1613 1540 1768 1589 sunt
1813 1546 1960 1611 quae
1999 1522 2086 1590 de
2130 1527 2206 1590 C.
2243 1523 2406 1587 Alfio

271 1631 467 1695 Flavo
504 1629 903 1696 adnotantur
934 1629 1017 1695 ad
1047 1650 1187 1718 cap.
1218 1630 1340 1694 ult.
