2594 4537
515 286 1243 357 colvaNTARms
1292 290 1612 359 scnoL.
1661 288 2050 357 AMBROS.
2205 286 2343 383 597

200 408 482 469 seditiose
510 408 571 465 in
597 406 895 465 tribunatu
928 426 1034 465 suo
1061 420 1265 465 contra
1296 426 1474 485 quam
1503 420 1652 467 esset
1673 408 1820 486 reip.
1847 408 1990 466 utile
2015 408 2348 479 moliretur,

200 506 617 566 adventantem
648 505 929 563 Granium
960 506 1043 563 sic
1087 505 1458 583 compellavit
1485 526 1500 563 ε
1534 505 1735 577 Grani,
1759 505 1900 583 quid
1937 507 2090 583 agis?
2111 506 2208 566 Ad
2235 506 2348 564 hoc

204 602 311 660 ille
336 601 539 659 iisdem
570 600 767 659 verbis
782 644 801 673 ‚
825 598 925 659 sed
946 620 1081 661 cum
1107 620 1314 679 magna
1339 604 1650 680 asperitate
1666 644 1682 671 ‚
1709 601 2046 681 respondit:
2073 608 2258 662 Immo
2284 616 2346 662 tu

204 702 435 767 Druse,
454 697 599 776 qnid
627 698 785 776 agis?
804 697 919 757 hoc
946 712 1061 773 est,
1084 719 1213 777 quae
1240 712 1299 757 et
1326 718 1500 776 quam
1523 698 1850 777 periculosa
1874 713 1932 759 et
1952 719 2126 777 quam
2145 700 2351 779 patriae

206 790 526 853 metuenda
550 793 827 851 conaris?

309 953 376 997 2.
426 928 641 999 Nunc
695 950 933 1023 usque
983 950 1070 997 eo
1116 940 1225 997 est
1261 951 1611 1025 oppressa
1655 942 1902 998 nostra
1939 930 2348 1026 arrogantia

202 1035 478 1113 czvitas.

298 1206 479 1263 Caute
525 1206 741 1263 sactum
809 1218 896 1264 est
954 1206 1035 1264 ita
1096 1204 1536 1284 pronuntiando
1596 1202 1838 1259 nostra
1923 1192 2345 1286 arrogantia.

198 1302 499 1374 Quoniam
540 1303 591 1360 si
628 1314 823 1360 vestra
868 1304 1201 1380 arrogantia
1226 1304 1326 1361 vel
1367 1302 1756 1381 quorumdam
1797 1301 2076 1381 superbia
2108 1304 2348 1362 dixisset

198 1416 330 1463 non
357 1395 663 1477 adfigendo
689 1398 943 1456 sermoni
967 1418 1129 1457 suam
1152 1400 1487 1459 societatem
1516 1398 1630 1479 (1),
1657 1398 1876 1477 aliquid
1907 1399 2146 1458 offensae
2187 1400 2347 1479 apud

199 1494 490 1575 quosdam
512 1509 903 1574 praepotentes
927 1495 1272 1555 contrahere
1299 1496 1604 1573 potuisset.

304 1626 373 1699 3.
437 1630 537 1700 Ut
595 1652 756 1725 quae
816 1624 955 1698 fuit
1012 1628 1189 1699 olim
1248 1630 1564 1727 praeconi
1613 1630 1698 1707 in,
1747 1626 2090 1715 ridendO,
2147 1654 2346 1707 nunc
2447 1626 2460 1639 ”

198 1736 433 1834 equiti
466 1742 547 1808 R.
583 1738 661 1807 in
695 1736 1055 1835 plorando
1092 1762 1245 1809 non
1280 1743 1374 1809 sit
1410 1762 1750 1811 concessa
1786 1736 2099 1811 libertas,

278 1900 456 1957 Facta
486 1896 658 1955 simul
689 1895 1239 1977 comparatione(a).
1271 1899 1422 1955 Nam
1455 1898 1688 1975 gravius
1713 1896 2058 1956 deridebere
2087 1900 2142 1955 si
2167 1898 2281 1956 hoc
2304 1920 2346 1955 a

196 2010 470 2069 praecone
501 1992 723 2051 dictum
748 1992 951 2073 sit(3)‚
981 2012 1157 2071 quam
1188 1995 1243 2049 si
1266 1992 1344 2050 ab
1376 1994 1570 2071 equite
1597 2012 1878 2066 ,romano
1911 1995 2161 2053 Gravius
2192 2015 2346 2072 prae-

197 2110 408 2151 eonem
428 2112 559 2151 cum
582 2092 878 2165 irrisione,
904 2112 1079 2179 quam
1098 2112 1404 2151 romanum
1434 2092 1690 2169 equitem
1713 2112 1846 2153 cum
1871 2092 2076 2152 dolore
2100 2092 2344 2151 dixisse:

194 2208 383 2266 quum
416 2188 587 2247 dolor
615 2201 917 2257 excusatus
942 2190 1019 2247 sit
1045 2188 1269 2267 impetu
1299 2189 1556 2266 cogentis
1585 2188 1845 2266 injuriae,
1875 2188 2026 2246 risus
2055 2188 2342 2248 immode-

138 2315 147 2324 ·
196 2297 387 2350 ratam
418 2288 761 2366 plerumque
788 2285 1224 2345 contumeliosae
1250 2285 1509 2344 audaciae
1543 2284 1834 2356 licentiam
1870 2287 2156 2364 praeferat.

296 2425 367 2507 4.
410 2425 565 2518 Ego
600 2425 770 2518 quia
806 2419 970 2493 dico
1004 2419 1282 2518 aliquid
1324 2418 1716 2518 aliquando
1751 2445 1904 2491 non
1942 2419 2186 2492 studio
2213 2419 2342 2492 ad-

196 2529 501 2618 ductus»,
551 2529 679 2618 sed
730 2545 857 2614 aut
906 2533 1380 2603 contentione
1430 2529 1722 2630 dicendi
1766 2544 1891 2602 aut
1939 2529 2345 2620 lacessitum,

194 2655 273 2712 et
308 2644 518 2738 quia,
566 2656 651 2712 ut
696 2641 821 2728 fit,
864 2644 941 2712 in
990 2641 1237 2713 multis
1288 2643 1437 2712 exit
1484 2639 1879 2740 aliquando
1924 2640 2240 2738 aliquid,
2283 2643 2343 2712 si

195 2774 350 2820 non
405 2746 847 2848 perfacetum
881 2763 1001 2838 (4),
1038 2764 1356 2822 attamen
1406 2747 1709 2822 fortasse
1754 2775 1908 2822 non
1957 2754 2344 2840 rusticum,

195 2857 402 2959 quod
437 2861 749 2957 quisque
786 2859 1007 2946 dixit,
1047 2885 1165 2932 me
1206 2859 1281 2931 id
1325 2859 1584 2931 dixisse
1621 2858 1894 2931 dicunt.

190 3077 365 3132 quum
402 3057 471 3112 ad
502 3070 635 3112 orat.
670 3077 771 3130 pro
792 3059 1013 3122 Scauro,
1050 3076 1110 3111 ιο
1135 3057 1422 3128 (editionis
1456 3071 1652 3112 nostra
1688 3077 1809 3132 pag.
1849 3059 1914 3110 32
1939 3061 1980 3128 ),
2005 3058 2336 3113 Dolabellam

192 3141 493 3195 ahsolutum
517 3141 592 3194 ait
610 3161 625 3204 ;
644 3152 829 3195 contra
854 3141 927 3194 ad
942 3141 1255 3206 DivinNII,
1278 3139 1582 3196 damnatum
1599 3180 1614 3205 ,
1641 3155 1702 3195 ut
1723 3139 1940 3213 quidem
1957 3153 2160 3194 veteres
2184 3144 2342 3196 Asco-

192 3225 269 3280 nii
295 3223 558 3280 editiones
578 3224 925 3298 posteriorem
940 3225 1123 3278 locnm
1141 3225 1373 3278 habent:
1401 3244 1562 3298 quem
1581 3239 1758 3278 tamen
1783 3223 1956 3278 codex
1975 3225 2187 3278 Asconii
2210 3227 2338 3278 Am-

191 3311 471 3364 brosianus
507 3307 575 3360 Η.
606 3327 721 3372 100,
749 3319 883 3380 part.
910 3309 1009 3362 inf.
1037 3307 1258 3376 omittit,
1282 3307 1450 3363 codex
1475 3321 1652 3363 autem
1685 3310 1747 3372 1,
1786 3325 1876 3376 91,
1906 3320 2040 3380 part.
2075 3329 2193 3382 sup.
2213 3328 2333 3364 cor-

192 3407 434 3466 ruptum,
452 3405 513 3446 nt
530 3393 849 3446 recentiores
866 3392 1155 3455 editiones,
1182 3393 1415 3446 exhibet.

261 3477 344 3548 (1)
370 3475 551 3531 Codex
573 3495 843 3528 sermonem
868 3496 971 3528 suoe
994 3481 1288 3538 ωοίσιαεοηι,
1322 3475 1467 3550 qnod
1493 3477 1714 3530 fortasse
1745 3475 1941 3547 corrigi
1977 3487 2155 3548 potest
2179 3476 2336 3529 etiam

194 3579 468 3614 Sssmonem
489 3580 594 3612 51(oe
611 3563 873 3612 δοσίθῖαἰὶὅ.

262 3647 341 3714 (2)
364 3644 611 3716 Spatium
635 3644 796 3697 unius
818 3645 969 3698 verbi
986 3643 1195 3716 explevi
1224 3643 1489 3697 vocabulo
1515 3647 1890 3714 eonqpameione.

262 3729 339 3796 (3)
366 3725 577 3792 Codex,
614 3747 730 3778 nam
764 3730 963 3796 gravius
1004 3731 1279 3780 ‹ie-ridebere
1307 3731 1398 3780 hoc
1433 3747 1644 3794 precone
1670 3732 1852 3781 dictum
1888 3745 2036 3795 quam
2063 3729 2129 3776 ab
2173 3728 2335 3794 eqm'ec

206 3831 429 3865 romano.

262 3898 341 3966 (4)
364 3893 623 3948 Mendum
646 3913 925 3967 operarum
955 3895 1055 3948 fuit
1084 3895 1137 3947 in
1167 3895 1345 3968 priore
1379 3914 1491 3948 mea
1524 3893 1758 3948 editione
1796 3895 2060 3964 perfectum
2094 3911 2191 3964 pro
2218 3913 2333 3962 pcr-

174 3981 433 4048 sacemm.
