2594 4537
371 286 511 371 240
767 282 1415 353 MARKLANDI
1464 282 1594 350 ET
1646 282 2107 357 GESNERI

365 410 500 473 fere
541 406 742 471 totius
777 426 924 492 pars
944 453 963 487 ,
1009 403 1173 467 nihil
1203 403 1451 469 habent
1472 450 1491 485 ,
1528 401 1709 492 quod
1750 402 1833 467 ad
1877 403 2085 492 ipsam
2118 424 2259 467 rem
2298 406 2497 492 perti-

363 528 516 578 neat
555 509 1061 596 excideruntque
1097 508 1399 597 scriptori
1442 540 1469 565 «ι
1488 524 1719 597 praeter
1756 509 2135 598 opinionem
2170 526 2374 597 atque
2398 533 2499 573 vo-

361 620 681 685 luntatem
707 639 891 681 suam
915 646 942 671 »
970 638 986 681 :
1019 615 1142 704 ipsi
1165 616 1294 681 hoc
1322 638 1447 680 nos
1472 608 1809 680 a‘ccredere
1834 638 1953 706 par
1979 632 2077 681 est
2098 621 2134 698 S
2159 615 2267 681 32.
2300 617 2465 681 Nam
2480 666 2497 697 ,

361 724 738 813 «intelligo,
780 722 996 810 inquit
1019 769 1038 804 ,
1085 744 1190 786 me
1233 722 1421 810 plura
1464 738 1641 787 extra
1686 743 1947 813 musam
1996 720 2268 805 dixisse,
2307 745 2494 811 quam

361 848 477 897 aut
521 830 743 919 opinio
795 827 1027 892 tulerat
1045 876 1064 909 ,
1095 844 1209 893 aut
1251 827 1552 893 voluntas
1596 850 1737 891 mea
1763 858 1814 892 υ.
1859 827 2061 911 Quod
2102 829 2157 893 si
2200 830 2295 893 ita
2334 845 2497 906 erat,

361 938 593 1004 licebat
615 938 1012 1027 interrogare
1031 984 1050 1019 ,
1097 958 1240 1024 quae
1281 936 1379 1001 vis
1424 958 1575 1000 eum
1618 936 2003 1025 coegissset,
2036 953 2115 1001 ut
2150 953 2252 1002 tot
2285 961 2497 1026 super-

361 1068 562 1111 vacua
591 1044 786 1109 verba
823 1060 1066 1108 temere
1091 1040 1536 1131 profunderet.
1577 1044 1664 1109 Et
1688 1044 1803 1131 qui
1838 1044 1961 1109 ista
1995 1044 2063 1106 in
2098 1044 2243 1133 ipso
2278 1045 2496 1109 limine

360 1150 672 1241 digressio
712 1173 749 1215 a
787 1149 1121 1239 proposita
1165 1171 1236 1213 re
1280 1150 1587 1214 convenit
1638 1171 1791 1213 cum
1834 1149 1937 1213 illa
1987 1150 2123 1215 veri
2162 1142 2495 1215 Ciceronis

358 1256 759 1347 professione
779 1304 798 1338 ,
827 1278 955 1344 qua
977 1276 1116 1333 rem
1142 1278 1179 1318 a
1203 1277 1272 1320 se
1295 1271 1593 1321 accurate
1616 1271 1823 1319 actam
1848 1255 2070 1320 scribit
2093 1256 2135 1321 l.
2159 1257 2206 1321 l.
2231 1257 2495 1321 Numne

359 1364 570 1452 aliqua
613 1362 938 1428 accuratio
984 1361 1369 1450 intelligitur
1412 1362 1479 1425 in
1535 1360 1926 1450 scriptione,
1978 1362 2164 1442 cujus
2208 1366 2494 1451 quintam

355 1487 604 1561 partem
651 1485 878 1534 auctor
905 1491 1040 1533 non
1072 1468 1435 1533 dissimulat
1470 1498 1496 1525 κ
1520 1485 1697 1533 extra
1732 1490 1990 1533 causam
2036 1490 2177 1533 esse
2200 1500 2259 1553 ι,
2310 1470 2491 1533 aliam

357 1580 647 1669 quintam
681 1574 866 1639 facile
911 1573 1343 1639 demonstrari
1389 1589 1609 1662 posset
1634 1622 1653 1655 ,
1686 1574 1791 1640 vel
1826 1590 2054 1639 contra
2086 1574 2352 1640 dicente
2386 1598 2493 1639 au-

350 1700 568 1762 ctore,
599 1712 626 1738 α
645 1702 782 1745 non
815 1680 1016 1769 magis
1049 1679 1134 1744 ad
1164 1702 1425 1744 causam
1456 1680 1664 1745 facere
1684 1711 1731 1745 n.
1766 1680 2095 1745 Nimirum
2128 1696 2261 1745 tota
2296 1682 2491 1745 oratio

354 1785 614 1852 videtur
641 1786 824 1874 quasi
851 1784 932 1849 ad
963 1784 1311 1874 quemdam
1344 1784 1733 1871 imperatum
1767 1784 2038 1850 modum
2070 1786 2490 1875 longitudinis

359 1906 663 1959 contexta
705 1913 878 1973 esse,
929 1892 1159 1981 pagina
1203 1890 1453 1981 paginae
1502 1890 1942 1974 conserenda3
1992 1891 2063 1956 id
2094 1892 2280 1980 quod
2320 1893 2494 1959 aliter

357 1996 498 2063 fieri
531 2020 668 2062 non
704 1998 954 2087 potuit,
997 2018 1194 2085 quam
1230 2012 1307 2061 ut
1341 1997 1532 2060 tertia
1562 2019 1711 2085 pars
1744 1996 2062 2061 tralatitiae
2090 1996 2382 2063 historiae
2416 1996 2491 2061 de

355 2104 588 2172 Clodio
641 2120 705 2169 et
758 2103 1069 2169 Clodiana
1121 2103 1403 2167 factione
1451 2102 1831 2169 recitaretur
1846 2152 1865 2186 ,
1910 2126 2070 2191 quas
2110 2126 2215 2169 res
2252 2106 2389 2184 jam
2428 2104 2489 2167 in

353 2212 606 2279 duabus
657 2210 1060 2278 orationibus
1102 2192 1505 2291 audivimus,
1552 2225 1617 2276 et
1660 2208 1896 2298 deinde
1940 2210 2134 2275 etiam
2175 2210 2243 2274 in
2275 2210 2489 2276 libello

355 2317 440 2384 de
467 2321 744 2404 Harusp.
793 2339 963 2405 resp.
1011 2316 1314 2405 repetitas
1360 2314 1719 2380 audiemus.
1755 2318 1845 2380 At
1888 2339 2010 2405 ego
2056 2337 2193 2380 non
2222 2315 2454 2380 dubito
2472 2366 2489 2399 ,

349 2427 538 2500 ‚hunc
573 2417 1068 2488 declamatorem
1089 2469 1108 2503 ,
1145 2421 1200 2485 si
1233 2422 1295 2485 ei
1334 2421 1417 2486 de
1450 2421 1781 2487 Ciceronis
1812 2439 1879 2487 et
1922 2421 2214 2486 Publiliae
2250 2424 2487 2511 nuptiis

359 2527 711 2594 dicendum
735 2527 992 2607 fuisset,
1025 2527 1317 2614 potuisse
1348 2525 1472 2590 sibi
1496 2527 1667 2622 viam
1698 2525 1999 2616 expedire
2016 2575 2037 2610 ,
2072 2549 2204 2616 qua
2234 2526 2317 2592 ad
2346 2529 2487 2594 Clo-

355 2632 445 2698 dii
463 2683 482 2716 ,
517 2631 768 2697 Pisonis
803 2647 868 2695 et
901 2630 1162 2696 Gabinii
1197 2632 1435 2696 scelera
1469 2630 1849 2696 deverteret.

442 2738 594 2804 XII.
630 2734 830 2820 Quod
857 2736 941 2800 ad
959 2753 1355 2825 postremam
1380 2737 1743 2802 orationem
1772 2739 2034 2822 attinet,
2066 2762 2149 2803 an
2179 2761 2481 2829 umquam

289 2897 304 2908 .
355 2845 580 2912 Cicero
605 2841 837 2908 dixerit
865 2843 967 2906 vel
1001 2842 1326 2929 scripserit
1356 2841 1438 2906 de
1474 2844 1800 2930 responsis
1823 2844 2256 2933 Haruspicum
2272 2894 2291 2927 ,
2314 2846 2481 2935 apud

353 2955 569 3043 ipsum
586 2948 883 3015 nondum
899 2950 1178 3038 reperire
1199 2949 1407 3038 potui.
1447 2950 1571 3013 Dio
1586 2950 1840 3016 Cassius
1854 2948 2017 3016 adeo
2044 2950 2159 3018 lib.
2177 2953 2477 3036 XXXIX,

355 3065 494 3140 20,'
517 3079 718 3146 quem
766 3078 976 3120 unum
1019 3056 1215 3136 hujus
1256 3055 1350 3119 rei
1386 3071 1721 3120 auctorem
1766 3077 1905 3120 esse
1949 3056 2175 3140 viden,
2224 3059 2343 3123 etsi
2378 3083 2477 3124 re-

351 3188 590 3257 sponsa
639 3163 936 3253 quaedam
981 3163 1403 3252 haruspicum
1452 3163 1535 3227 de
1582 3163 1833 3228 violatis
1879 3165 2192 3254 religiosis
2234 3166 2389 3232 locis
2440 3191 2473 3232 a

351 3271 580 3338 Clodio
633 3271 700 3335 in
756 3269 1136 3336 Ciceronem
1185 3290 1494 3333 conversa
1542 3270 1739 3335 refert
1754 3319 1773 3352 ,
1820 3287 2035 3336 tamen
2086 3295 2173 3336 ne
2214 3273 2471 3338 verbum

351 3377 617 3468 quidem
647 3375 864 3456 adjicit
895 3372 978 3438 de
1015 3373 1308 3438 oratione
1331 3422 1350 3455 ,
1388 3397 1584 3462 quam
1614 3375 1683 3438 in
1718 3398 1792 3440 ea
1824 3397 2015 3442 causa
2044 3363 2344 3445 habuerit
2370 3382 2469 3444 Ci-

349 3508 521 3552 cero·
571 3481 892 3548 Asconius
945 3480 1265 3545 Pedianus
1326 3496 1544 3544 autem
1562 3529 1579 3562 ,
1638 3483 1750 3570 qui
1808 3484 2027 3549 multis
2086 3487 2273 3550 annis
2330 3504 2469 3552 ante

349 3593 628 3656 Dionem
667 3588 824 3668 fuit,
870 3587 1010 3650 sine
1055 3585 1186 3650 ulla
1232 3584 1637 3652 dubitatione
1671 3587 1841 3652 hanc
1873 3570 2236 3655 orationem
2268 3608 2340 3656 ut
2368 3594 2463 3657 Ci-

351 3696 760 3762 ceronianam
809 3689 1029 3756 laudat
1074 3691 1142 3753 in
1192 3705 1542 3755 comment.
1594 3691 1678 3757 ad
1725 3691 2053 3780 quoddam
2106 3696 2326 3784 fragm.
2376 3720 2461 3762 or.

353 3825 476 3892 pro
505 3803 574 3865 C.
609 3797 912 3863 Cornelio
963 3793 1056 3882 (t.
1086 3797 1178 3860 VI
1215 3795 1369 3861 edit.
1407 3795 1611 3862 Graev.
1657 3820 1721 3886 p.
1753 3799 1877 3884 961
1904 3800 1961 3888 ):
1985 3830 2010 3855 α
2034 3800 2108 3864 Ρ.
2138 3802 2462 3868 Africanus

347 3908 453 3971 ille
498 3903 795 3992 superior
842 3921 978 3966 non
1033 3900 1244 3966 solum
1287 3925 1325 3966 a
1374 3904 1862 3990 sapientissimis
1916 3906 2285 3972 hominibus
2305 3956 2321 3989 ,
2358 3910 2461 3997 qui

348 4031 492 4078 tum
547 4024 761 4089 erant,
808 4028 1034 4070 verum
1080 4007 1272 4072 etiam
1320 4032 1355 4072 a
1402 4031 1471 4074 se
1521 4010 1700 4100 ipso,
1752 4033 1918 4101 saepe
1960 4029 2297 4080 accusatus
2338 4031 2457 4098 est,

1173 4113 1192 4142 Ι
