2594 4537
541 321 940 390 ORATIO
989 322 1200 390 PRO
1247 324 1327 391 L.
1383 318 1803 392 FLACCO.
2115 318 2245 410 ¹49

139 465 431 539 cumque
469 442 700 514 detur.
745 446 1192 513 Mementote
1222 443 1464 539 igitur,
1492 466 1721 541 quum
1756 436 2055 509 audietis
2082 462 2245 535 pse-

139 551 510 647 phismata,
549 576 700 623 non
739 551 987 623 audire
1025 576 1152 623 vos
1189 555 1633 641 testimonia3
1670 546 1921 623 audire
1956 552 2247 619 temeri-

140 671 337 731 tatem
366 662 600 759 vulgi,
633 660 886 733 audire
921 686 1172 734 vocem
1209 662 1551 734 levissimi
1575 661 1928 756 cujusque
1948 712 1966 747 ‚
2000 658 2257 729 audire.

139 773 496 869 strepitum
543 774 1044 869 imperitorum
1070 816 1109 861 ,-
1150 773 1401 846 audire
1462 776 1889 845 concionem
1934 772 2249 842 concita-

139 895 268 951 tam
305 881 678 955 levissimae
711 883 1044 954 nationis,
1085 888 1339 981 Itaque
1384 882 1941 981 perscrutamini·
1964 882 2253 979 penitus

141 1006 449 1063 naturam
504 994 1008 1092 rationemque
1069 998 1455 1066 criminum
1501 1022 1517 1064 :
1572 995 1719 1089 jam
1770 992 1952 1063 nihil
1998 996 2253 1089 praeter

143 1124 324 1197 spem
343 1114 397 1190 9,
435 1102 621 1177 nihil
657 1116 916 1199 praeter
944 1119 1306 1175 terrorem.
1328 1130 1412 1175 ac
1440 1106 1669 1175 minas
1705 1104 2075 1200 reperietis
2088 1099 2135 1170 *.

661 1269 918 1337 Deesse
956 1264 1293 1349 videntur·
1331 1265 1709 1351 nonnulla,-

222 1432 332 1500 lx.
361 1434 448 1499 In
483 1429 733 1501 aerario
767 1428 950 1501 nihil
985 1428 1260 1501 habent
1295 1431 1615 1503 civitates
1636 1444 1688 1518 ¹,
1724 1429 1901 1501 nihil
1934 1430 2258 1499 in-vecti·

141 1537 396 1631 galibus
427 1566 444 1609 ε
489 1538 660 1611 duae
693 1540 1006 1611 rationes
1044 1538 1513 1612 conficiendae
1550 1542 1873 1639 pecuniae
1894 1594 1913 1627 ‚
1948 1552 2071 1609 aut
2102 1562 2256 1608 ver-—

144 1670 288 1717 sura
300 1658 352 1731 ²,
404 1662 534 1719 aut
589 1647 890 1721 tributo,
941 1652 1093 1721 Nec
1139 1648 1405 1721 tabulae
1450 1650 1829 1722 creditoris
1880 1646 2255 1747 proferun-

143 1753 312 1839 tur&
347 1780 484 1829 nec
519 1756 772 1833 tributi
819 1756 1178 1830 confectio
1215 1759 1361 1830 ulla
1395 1762 1761 1832 recitatur.
1806 1762 2044 1849 Quam
2081 1783 2255 1829 vero

145 1862 324 1937 facile
379 1866 590 1939 salsas
647 1872 958 1939 rationes
1013 1868 1316 1959 inferre,
1372 1886 1447 1942 et
1502 1872 1581 1941 in
1642 1869 1924 1941 tabulas
1947 1926 1965 1955 ‚
2010 1869 2253 1966 quod-

147 1998 436 2072 cumque
461 1977 977 2048 commodum‘*
1003 1994 1111 2051 est
1129 2034 1148 2068 ,
1169 1978 1441 2051 referre
1462 1979 1774 2065 soleant,
1801 2003 1888 2050 ex
1912 1984 2041 2050 Cn.
2060 1982 2260 2048 Pom·

147 2086 270 2178 peii
317 2087 541 2159 liter-is
587 2086 678 2158 ad
728 2094 1112 2186 Hypsaeum
1133 2086 1185 2174 ⁵,
1236 2106 1309 2161 et
1358 2093 1643 2187 Hypsaei
1690 2089 1781 2159 ad
1832 2089 2255 2185 Pompeium

147 2196 382 2285 missis,
425 2222 712 2294 quaeso,
758 2202 1188 2295 cognoscite.
1245 2205 1537 2272 ermtffi
1586 2203 1935 2287 ΡοΜΡΕιι,
1990 2211 2062 2267 et
2106 2202 2253 2265 HY-

149 2328 317 2377 Psm.
361 2311 637 2380 Satisne
679 2307 886 2380 vobis
935 2333 1323 2405 coarguere
1371 2309 1483 2382 his
1520 2304 1989 2380 auctoribusss
2028 2305 2258 2377 disso-

150 2413 346 2498 lutam
389 2423 808 2489 Graecorum
840 2419 1439 2504 consuetudinem
1472 2419 1984 2516 licentiamque
2023 2417 2257 2513 impu-

149 2525 412 2600 dentem
451 2529 831 2601 videmur?
867 2531 1003 2600 nisi
1036 2527 1262 2620 forte,
1301 2533 1427 2627 qui
1465 2534 1595 2602 Cn.
1630 2531 2087 2626 Pompeium,
2127 2526 2257 2622 qui

149 2655 582 2730 praesentem,
622 2640 750 2735 qui
787 2639 988 2709 nullo
1033 2639 1453 2738 impellent-'e
1499 2639 1878 2726 fallebant,
1931 2663 2098 2722 eos,
2140 2661 2255 2704 ur-

150 2762 340 2838 gente
373 2747 588 2817 Laelio
611 2801 630 2834 ‚
668 2751 743 2817 in
775 2747 1146 2820 absentem
1171 2761 1224 2834 ⁷,
1261 2763 1335 2822 et
1373 2753 1451 2822 in
1478 2756 1559 2822 L.
1590 2750 1923 2823 Flaccum
1946 2803 1966 2836 ‚
2002 2761 2127 2818 aut
2164 2747 2253 2816 ti-

150 2855 360 2928 midos
400 2856 620 2929 fuisse
651 2911 669 2946 ‚
721 2872 847 2928 aut
897 2859 1266 2959 religiosos
1322 2875 1681 2957 putamus,
1738 2858 1877 2930 Sed
1903 2855 1932 2900 ⁸
1980 2856 2253 2927 fuerint

150 3121 248 3169 inde
302 3125 462 3174 odisse
526 3141 584 3173 nc
642 3137 810 3190 portas
865 3125 1138 3174 Inferet-um
1302 3129 1349 3178 5.
1388 3131 1662 3193 Hypsaeum.
1706 3128 1925 3192 Pompeii
1956 3136 2250 3192 quaestorem

153 3197 331 3252 dicebat.
1225 3209 1279 3256 in
1303 3209 1639 3257 Mithridatico
1665 3208 1815 3259 beno.

209 3295 254 3341 9.
274 3287 449 3332 Praeer-
464 3299 613 3347 spem.
637 3283 864 3330 Testibus
882 3285 1004 3332 sacta
1025 3300 1139 3349 pro-
1300 3289 1349 3336 6.
1370 3289 1459 3335 Hae's
1475 3288 1767 3337 auctoribus.
1784 3285 1995 3345 Scilicet,
2011 3285 2246 3352 Pompeio

153 3357 284 3410 missa.
308 3389 376 3399 —-
404 3367 592 3412 Praeter
609 3374 854 3412 ωπον-ειη.
887 3362 990 3412 mis
1017 3365 1138 3424 inje-
1227 3379 1275 3416 et
1295 3369 1529 3431 Hypsaeo.

153 3447 280 3489 eUlm-
1303 3463 1349 3507 7.
1381 3447 1438 3492 In
1460 3446 1717 3496 absentem.
1743 3447 1799 3492 In
1823 3445 1980 3494 virum
2002 3460 2148 3509 quem
2168 3460 2250 3491 ac-

209 3517 291 3567 lx.
322 3537 364 3570 1.
393 3521 636 3570 Civitates.
665 3523 891 3581 Scilicet,
916 3537 1100 3588 groecae.
1223 3525 1457 3574 cusabant
1474 3525 1719 3573 absentem
1734 3561 1749 3583 ‚
1770 3525 1955 3572 scilicet
1980 3525 2220 3572 Flaccum.

213 3611 258 3644 α.
307 3603 404 3647 Aac
453 3617 677 3650 versura.
734 3604 837 3649 Aut
883 3606 1136 3666 pecuniam
1300 3607 1348 3655 8.
1387 3605 1484 3652 Sed
1502 3604 1709 3669 fiacr-int.
1750 3604 1846 3652 Sed
1872 3603 2017 3651 velim
2048 3603 2246 3653 fuerint.

155 3672 287 3724 fenori
323 3691 571 3727 sumentes.
609 3706 680 3716 -—-
707 3685 812 3727 Aut
847 3681 1041 3731 tribum.
1078 3683 1138 3730 Id
1226 3713 1297 3723 --
1338 3684 1521 3731 Liceroe.
1569 3684 1626 3731 Id
1667 3694 1766 3740 est,
1812 3683 1989 3731 tabulae
2034 3683 2085 3730 in
2126 3699 2249 3746 quas

155 3765 234 3812 est,
257 3769 331 3805 ant
355 3760 542 3808 sibimet
567 3759 687 3824 ipsis
713 3759 947 3808 tributum
975 3763 1138 3826 impo-
1227 3764 1558 3812 inserebantur
1578 3765 1805 3810 rationes.
1832 3763 2093 3827 Postquam
2118 3763 2249 3811 visus

157 3845 318 3884 nentes.
1231 3855 1303 3891 est
1333 3843 1503 3891 Cicero
1530 3845 1644 3892 satis
1675 3843 1943 3891 ostendisse
1969 3843 2251 3890 Graecorum

217 3914 259 3960 3.
281 3913 599 3981 Proser-natur.
627 3917 847 3978 Scilicet,
869 3919 930 3967 ab
950 3936 1144 3968 accusa·
1231 3923 1382 3970 literis
1407 3921 1699 3970 credendum
1728 3939 1831 3970 non
1853 3939 1979 3983 esse,
2004 3921 2057 3969 id
2078 3938 2251 3970 conce-

159 3997 618 4062 tore.—Gonsectio.
649 3999 706 4046 Id
723 4009 821 4057 est,
843 4001 1049 4048 exactio.
1233 4003 1307 4049 dit
1346 4001 1619 4050 adversario
1666 4013 1718 4049 ut
1764 4003 1825 4050 ad
1868 4003 2115 4065 sequentia
2160 4002 2252 4048 sibi

219 4079 266 4127 4.
292 4073 606 4126 Commodum.
637 4079 738 4127 Sibi
763 4080 896 4143 ipsis.
1236 4081 1382 4131 saciat
1408 4082 1675 4131 transitum.
1699 4087 1913 4132 Auctore
1930 4081 2250 4142 Quintiliano¹¹
