2594 4537
884 266 1448 341 EXCURSUS
1492 272 1621 339 v1.
2175 274 2308 359 641

172 400 333 477 bat,
364 394 655 484 plurium
688 392 1163 457 decernendam
1206 406 1558 457 curaverat.
1600 390 1826 476 Itaque
1861 390 2150 455 offensus
2183 392 2322 480 ipse

178 524 371 579 vere,
396 500 841 590 graviterque,
880 497 997 563 sed
1036 481 1432 565 familiariter
1454 496 1788 559 hominem
1821 512 2324 587 cautum‚atque

180 608 411 673 omnia
453 604 1077 693 circumspicientem
1122 604 1484 685 accusavit,
1524 602 1728 691 Epist.
1749 601 1830 685 V,
1867 625 1944 689 7:
1983 604 2182 687 «tRes,
2218 605 2322 667 in-

184 716 337 801 quit
358 760 377 795 ,
404 735 508 777 eas
536 711 704 799 gessi
738 708 845 795 (de
877 710 1115 797 quibus
1146 708 1230 773 ad
1265 732 1418 773 eum
1461 708 1724 795 copiose
1757 705 1888 787 jam
1927 710 2322 797 scripserat),

185 840 471 907 quarum
504 817 785 905 aliquam
818 815 887 878 in
915 814 1042 879 tuis
1076 815 1277 881 literis
1311 830 1378 879 et
1412 829 1648 877 nostrae
1684 813 2216 895 necessitudiniS,
2262 833 2329 881 et

183 925 353 1012 reip.
384 946 575 989 causa
604 918 1099 1011 gratulationem
1132 920 1524 1009 exspectavi:
1559 940 1754 1007 quam
1781 942 1902 1009 ego
1929 920 2042 985 abs
2078 937 2141 985 te
2166 944 2327 1011 prae·

184 1030 552 1095 termissam
580 1050 719 1093 esse
747 1028 1060 1110 arbitror,
1104 1027 1285 1115 quod
1322 1049 1646 1109 vererere,
1687 1048 1772 1091 ne
1809 1027 1996 1111 cujus
2035 1029 2326 1093 animum

182 1134 560 1199 offenderes
576 1165 624 1199 n.
652 1134 809 1199 Erat
857 1133 1033 1197 enim
1082 1132 1169 1197 ob
1218 1156 1325 1199 eas
1365 1133 1536 1220 ipsas
1578 1153 1678 1197 res
1720 1153 1954 1221 magna
1992 1132 2061 1197 in
2089 1134 2328 1199 invidia

182 1241 456 1306 Cicero:
504 1230 733 1305 intima
764 1239 993 1305 Crasso
1040 1254 1109 1303 et
1148 1238 1499 1304 Hortensio
1540 1238 1829 1301 simultas
1861 1236 2101 1320 inerat,
2145 1258 2222 1304 ut
2252 1264 2329 1305 ex

182 1345 479 1434 epistolis
510 1344 593 1411 ad
619 1344 913 1411 Atticum
948 1344 1253 1409 novimus
1290 1367 1307 1409 z
1347 1343 1850 1432 oppugnabatur
1893 1366 1932 1407 a
1980 1346 2048 1408 C.
2083 1346 2332 1411 Caesare

184 1467 471 1539 praetore
490 1498 511 1533 ,
540 1452 657 1538 qui
680 1450 813 1531 jam
846 1466 989 1517 tum
1021 1449 1200 1538 apud
1238 1449 1500 1537 plebem
1548 1472 1628 1513 ex
1657 1448 1962 1516 Marianis
2003 1450 2328 1537 partibus,

184 1575 257 1622 et
306 1581 384 1623 ex
431 1558 771 1647 largitione
825 1558 1145 1647 gratiosus
1188 1579 1396 1645 remp.
1438 1554 1624 1621 valde
1663 1555 2010 1621 turbabat:
2062 1558 2330 1623 infestos

184 1664 493 1729 tribunos
530 1662 738 1752 plebis
777 1662 1059 1729 habebat
1104 1661 1532 1749 Calpurnium
1577 1661 1852 1725 Bestiam
1893 1677 1960 1728 et
1993 1661 2328 1727 Metellum

182 1770 550 1858 Nepotem:
585 1770 657 1833 hi
678 1786 811 1834 tres
836 1760 1155 1857 Pompeio
1179 1768 1693 1849 assentabantur,
1719 1790 2002 1855 eumque
2028 1768 2328 1834 Ciceroni

184 1898 525 1964 opponere
556 1875 998 1941 conabantur:
1026 1872 1106 1939 ad
1130 1896 1281 1939 eum
1315 1872 1598 1959 denique
1624 1873 1844 1961 Nepos
1875 1875 2172 1963 profugit
2200 1874 2329 1939 ira-

180 1996 314 2044 tus.
346 1979 500 2060 Quo
536 1978 953 2045 referendum
1002 1994 1101 2043 est
1144 1978 1584 2067 fragmentum
1632 1976 1795 2041 illud
1835 1980 2144 2043 orationis
2179 1979 2324 2043 Me·

182 2082 421 2148 tellinae
456 2082 635 2172 apud
666 2084 1184 2167 Quintilianum,
1213 2080 1426 2147 Instit.
1466 2083 1646 2147 Orat.
1676 2082 1812 2163 IX,
1852 2082 1923 2165 3,
1967 2107 2111 2175 pag.
2151 2086 2316 2150 811:
2423 2100 2440 2153 ς

180 2222 209 2245 α
231 2191 429 2255 Venit
456 2213 533 2254 ex
556 2190 705 2254 Asia
726 2189 881 2279 (hoc
910 2184 1126 2280 ipsum
1162 2212 1358 2279 quam
1385 2188 1636 2255 bonum
1656 2187 1728 2277 !).
1754 2187 2086 2256 Tribunus
2117 2190 2322 2279 plebis

180 2297 365 2362 venit
404 2319 483 2361 ex
512 2297 663 2360 Asia
685 2341 881 2361 .....
908 2313 1356 2363 verumtamen
1391 2297 1571 2360 venit
1584 2325 1630 2358 ν.
1658 2295 1828 2360 Ν3111
1870 2312 2136 2383 repente
2169 2296 2322 2362 inde

180 2401 485 2467 redierat.
537 2403 691 2467 Haec
732 2401 949 2466 omnia
982 2419 1306 2468 testantur
1337 2401 1722 2468 Plutarchus
1757 2402 1826 2464 in
1864 2402 1996 2466 Cic.
2031 2380 2166 2491 cap.
2203 2403 2319 2486 23,

184 2507 301 2588 26,
332 2523 399 2570 et
428 2506 587 2588 Dio,
618 2505 970 2588 XXXVII,
1007 2529 1146 2594 cap.
1170 2506 1253 2593 37
1287 2505 1371 2570 ad
1394 2509 1500 2584 44.
1519 2507 1848 2588 Quotum
1879 2506 2098 2570 animo
2127 2506 2320 2570 Pom-

182 2613 371 2703 peius
416 2629 623 2695 esset,
662 2635 871 2700 quum
922 2612 1115 2678 nobis
1152 2613 1308 2702 ipsis
1360 2612 1513 2698 licet
1565 2613 1697 2692 jam
1743 2612 2126 2702 intelligere,
2175 2631 2318 2678 tum

182 2721 447 2802 Cicern,
474 2721 588 2807 qui
620 2722 827 2809 probe
852 2721 1036 2785 illum
1062 2737 1362 2802 noverat,
1379 2722 1626 2810 optime
1650 2721 1980 2801 judicavit.
2019 2722 2324 2812 Erigebat

184 2847 345 2914 ergo
378 2825 593 2888 virum
636 2842 703 2890 et
734 2826 1017 2890 victoriis
1059 2841 1127 2889 et
1160 2827 1552 2914 cognomine
1587 2825 1936 2914 Magnum,
1979 2842 2045 2890 et
2093 2827 2328 2892 confir·

182 2930 405 2995 mahat
428 2929 531 2996 his
562 2931 808 2998 verbis:
841 2930 1011 2996 «Sed
1035 2931 1200 2996 scito
1224 2953 1300 2995 ea
1320 2978 1339 3013 ,
1376 2953 1522 3018 quae
1553 2953 1674 2995 nos
1702 2954 1824 3019 pro
1859 2930 2062 2996 salute
2098 2933 2317 3019 patriae

184 3037 540 3126 gessimus,
568 3027 747 3102 orbis
798 3053 985 3101 terrae
1025 3034 1273 3116 judicio
1315 3058 1392 3098 ac
1431 3036 1806 3100 testimonio
1839 3037 2252 3124 comprobari
2272 3069 2318 3104 ι.

186 3139 493 3207 Praeclara
530 3164 717 3224 vero,
763 3164 1157 3231 summoque
1192 3140 1340 3204 'viro
1389 3140 1584 3230 digna
1621 3157 1950 3229 postrema
1981 3141 2086 3206 illa
2122 3159 2314 3208 sunt:

184 3281 210 3304 κ
238 3250 431 3331 Quae,
468 3271 675 3336 quum
710 3249 993 3331 veneris,
1035 3263 1219 3314 tanto
1254 3247 1556 3330 consili0,
1605 3263 1912 3334 tantaque
1947 3249 2147 3312 animi
2181 3272 2318 3313 ma·

186 3353 527 3444 gnitudine
552 3377 591 3418 a
624 3377 729 3419 me
764 3371 943 3445 gesta
979 3377 1117 3419 esse
1153 3374 1537 3442 cognosces,
1559 3368 1638 3416 ut
1661 3353 1780 3416 tibi
1811 3353 2020 3417 multo
2056 3354 2316 3437 majori,

184 3481 385 3547 quam
418 3459 766 3524 Africanus
802 3461 961 3538 fuit,
996 3482 1102 3524 me
1136 3481 1273 3524 non
1307 3458 1516 3522 multo
1556 3457 1909 3539 minorem,
1949 3481 2145 3545 quam
2177 3461 2315 3524 1.ae-

182 3564 390 3644 lium,
436 3562 621 3628 facile
654 3563 823 3628 etin
858 3586 996 3651 rep.
1030 3580 1097 3628 et
1134 3563 1204 3627 iu
1248 3562 1530 3626 amicitia
1585 3561 1970 3642 adjunctum
2025 3584 2164 3626 esse
2213 3587 2320 3652 pa·

188 3671 346 3733 tiare
360 3699 408 3732 w.
444 3667 620 3752 Iam,
657 3669 969 3759 quoniam
1010 3668 1305 3757 Pompeii
1343 3667 1706 3751 silentium,
1746 3670 2014 3755 ejusque
2060 3689 2316 3732 causam

186 3773 646 3862 cognovimus,
694 3797 775 3840 an
826 3765 1206 3840 offensionis
1250 3789 1467 3838 tamen
1521 3773 1765 3862 aliquid
1807 3772 2198 3858 ostenderit,
2229 3775 2322 3839 vi-

186 3880 479 3944 deamus.
520 3881 721 3967 Atqui
755 3903 941 3961 eum,
972 3897 1322 3968 antequam
1363 3881 1432 3944 in
1481 3882 1712 3946 urbem
1765 3879 2038 3964 rediret,
2081 3912 2104 3934 «ι
2134 3880 2320 3944 nobis

188 3985 654 4050 amicissimum
688 4003 944 4052 constat
972 4009 1152 4052 esse»
1175 4035 1191 4067 ‚
1227 3987 1482 4074 scripsit
1527 3989 1753 4052 Cicero
1793 3986 1876 4052 ad
1915 3969 2046 4051 At't.
2087 3989 2156 4070 Ι,
2219 4013 2323 4071 12,

338 4093 457 4161 IV.
501 4109 589 4156 cie.
606 4123 719 4174 pars
740 4108 955 4154 secunda.
2045 4097 2084 4177 [Ι
2108 4119 2122 4161 ι
