2594 4537
496 293 891 364 ORATIO
941 293 1147 364 PRO
1196 295 1274 362 L.
1321 291 1745 360 FLACCO.
2053 291 2184 388 ¹73

54 417 447 514 majoribus
474 471 494 503 ,
550 421 629 494 L.
682 416 1011 490 Flaccum
1032 467 1053 498 ,
1111 411 1572 486 mactandum
1636 413 1938 484 civitatis
1985 417 2187 486 testi·

54 531 297 602 monio
326 525 835 605 tradidissent?
867 527 1031 598 Non
1064 541 1170 598 est
1196 527 1294 596 ita
1315 579 1334 612 ,
1355 523 1668 619 judices,
1701 547 1852 593 nou
1891 539 2000 594 est
2030 550 2194 623 pro·

54 637 256 712 secto.
295 639 479 712 Vidi
513 663 647 736 ego
683 641 763 708 in
793 634 1111 734 quodam
1144 634 1421 732 judicio
1455 658 1694 732 nuper
1725 633 2192 708 Philodorum

58 765 307 826 testem
360 748 807 822 Trallianum
828 801 847 836 ,
906 746 1055 820 vidi
1114 746 1570 818 Parrhasium
1591 798 1612 832 ‚
1655 744 1804 816 vidi
1843 747 2196 821 Archide-

54 885 291 948 mum,
324 883 567 958 quum
599 856 895 956 quidem
924 856 1115 928 idem
1148 856 1265 928 hic
1288 853 1468 928 mihi
1499 854 1963 944 MaeandriuS,
1991 859 2198 956 quasi

56 971 545 1054 ministrator,
600 967 881 1052 aderat,
936 965 1369 1060 subjiciens,
1419 965 1600 1063 quid
1643 967 1719 1036 in
1755 989 1924 1038 suos
1968 970 2196 1054 civeS,

56 1084 607 1176 civitatemque,
644 1079 705 1151 si
736 1076 1019 1162 vellem,
1043 1071 1354 1147 dicerem
1375 1072 1428 1146 ⁵.
1464 1074 1661 1146 Nihil
1689 1080 1883 1146 enim
1913 1077 2041 1148 illo
2068 1077 2199 1149 ho-

54 1192 243 1262 mine
286 1190 561 1272 levius,
602 1187 783 1264 nihil
820 1190 1181 1284 egentiu5‚
1218 1185 1402 1256 nihil
1431 1186 1902 1282 inquinatius.
1952 1191 2198 1280 Quare

58 1304 111 1370 si
132 1299 339 1370 hunc
360 1297 643 1370 hahent
666 1312 1035 1370 auctorem
1050 1293 1083 1340 ⁶
1102 1295 1437 1368 Tralliani
1458 1293 1730 1370 doloris
1757 1301 1890 1382 sui,
1909 1298 1966 1369 si
1999 1300 2198 1372 hunc

60 1409 439 1482 custodem
480 1407 845 1482 literarum
869 1461 891 1496 ,
926 1409 987 1480 si
1022 1407 1221 1480 hunc
1255 1421 1510 1478 testem
1551 1407 1866 1501 injuriae,
1908 1411 1968 1480 si
2002 1411 2201 1484 hunc

60 1533 433 1592 auctorem
456 1529 483 1575 ⁷
534 1517 1033 1615 querelarum,
1084 1517 1461 1590 remittant
1505 1517 1836 1612 spiritus,
1884 1524 2204 1620 compri-

66 1646 257 1704 mant
298 1631 589 1702 animos
633 1653 844 1716 suos,
876 1627 1133 1704 sedent
1170 1628 1654 1725 arrogantiam
1675 1682 1695 1716 ,
1730 1627 2092 1702 fateantur
2125 1633 2204 1704 in

66 1737 429 1810 hlaeandrii
488 1761 799 1836 persona
849 1763 1003 1810 esse
1053 1761 1464 1836 expressam
1518 1736 1822 1811 faciem⁸
1869 1743 2194 1816 civitatis.

70 1851 181 1920 Sin
216 1852 501 1922 istum⁹
538 1872 825 1947 semper
855 1847 955 1921 illi
994 1850 1131 1947 ipsi
1166 1847 1368 1920 domi
1403 1849 1926 1947 proterendum
1964 1879 2120 1926 esse
2141 1867 2204 1901 ¹⁰

74 1971 135 2028 et
178 1957 767 2030 conculcandum
823 1971 1302 2056 putaverunt3
1357 1957 1692 2030 desinant
1742 1976 1998 2059 putare
2025 2019 2044 2052 ,
2085 1989 2207 2036 au-

76 2069 477 2139 ctoritatem
504 2091 659 2141 esse
696 2072 772 2140 in
804 2093 893 2142 eo
926 2069 1383 2158 testimoniO,
1425 2068 1634 2163 cujus
1671 2085 1928 2142 auctor
1960 2075 2208 2148 inven-

76 2191 181 2250 tus
224 2194 339 2252 est
376 2203 599 2253 nemo
620 2187 711 2250 ¹¹.

160 2296 429 2363 XXIII.
482 2289 623 2362 Sed
678 2316 1076 2391 exponam,
1128 2290 1310 2388 quid
1367 2293 1444 2361 in
1493 2314 1574 2362 re
1620 2291 1756 2379 sit3'
1785 2304 1908 2378 ut,
1949 2320 2207 2391 quam-

82 2398 323 2472 obrem
366 2404 503 2479 ista
542 2403 789 2473 civitas
830 2426 1073 2501 neque
1116 2426 1360 2475 severe
1387 2412 1408 2447 ¹
1456 2402 1787 2475 Flaccum
1825 2428 2208 2505 oppugna·
2307 2460 2318 2469 -

82 2513 202 2596 rit,
240 2524 491 2607 neque
522 2509 837 2611 benigne
872 2504 1319 2599 defenderit,
1345 2506 1544 2584 'scire
1577 2517 1888 2611 possitis.
1932 2522 2105 2592 Erat
2141 2522 2209 2593 ei

84 2621 513 2693 Castriciano
548 2624 841 2695 nomine
874 2624 1089 2710 irata3
1126 2620 1402 2718 dequo
1430 2638 1588 2695 toto
1616 2626 1994 2723 respondit
2019 2634 2209 2702 Hor-

88 2732 347 2804 tensius
376 2759 395 2803 :
435 2733 659 2805 invita
694 2731 1005 2807 solverat
1037 2733 1431 2805 Castricio²
1477 2738 1862 2831 pecuniam
1885 2792 1904 2825 ,
1933 2738 2214 2833 jamdiu

90 2843 421 2920 debitam.
474 2848 663 2923 Hinc
715 2862 948 2921 totum
1005 2847 1255 2919 odium
1274 2842 1332 2936 ³,
1381 2846 1556 2926 hinc
1607 2852 1842 2921 omnis
1878 2850 2213 2929 offensio,

150 2971 199 3059 ⁹5.
232 3012 477 3063 Dicerem.
510 3014 739 3077 Ignotum
781 3014 978 3078 penitus
1004 3028 1102 3079 qus
1186 3013 1304 3061 serit
1329 3028 1438 3060 eum
1456 3046 1472 3071 ,
1493 3014 1633 3074 cujus
1657 3012 1712 3061 in
1735 3015 2015 3067 testimonio
2040 3034 2211 3072 sucto-

94 3088 145 3139 ὰ
160 3104 304 3142 msa
332 3091 563 3155 loquatur
579 3093 769 3143 Cicero.
1186 3094 1304 3141 ritas
1339 3090 1489 3140 nulls.

152 3169 199 3217 6.
222 3171 277 3218 Si
292 3170 423 3219 hunc
441 3171 624 3221 liabent
642 3184 913 3222 mosomus.
932 3171 993 3220 Id
1008 3182 1100 3234 est,
1260 3186 1310 3221 a.
1343 3172 1560 3220 Solverat
1598 3171 1846 3224 Castricio.
1883 3176 2052 3239 Equiti
2085 3195 2212 3233 rom.

96 3247 341 3300 vindica..
1188 3252 1272 3317 qui
1301 3253 1353 3299 in
1379 3252 1492 3299 Asia
1529 3254 1806 3317 negotiatus
1840 3265 1927 3302 est.
1951 3258 2080 3306 vide
2106 3262 2212 3311 Διὶ.

158 3346 201 3390 7.
227 3331 508 3381 Amr-m.
538 3330 728 3381 eomer.
762 3332 944 3394 conjie.
974 3344 1107 3381 acto-
1190 3335 1262 3389 11,
1290 3348 1340 3392 7,
1365 3341 1414 3379 et
1432 3332 1556 3391 ΧΠ,
1585 3334 1678 3391 28,
1710 3334 1790 3381 30.
1823 3334 2056 3387 Castricio
2079 3342 2216 3389 Trsl-

98 3424 201 3459 m.
220 3412 342 3459 LV.
366 3412 427 3460 1..
1190 3412 1318 3459 liam
1369 3411 1538 3459 civitas
1585 3410 1778 3461 nolebat
1830 3416 2086 3479 pecuniam
2124 3421 2220 3469 sibi

158 3490 205 3535 8.
244 3488 373 3537 eod.
406 3492 579 3539 Faern-
618 3501 669 3538 et
694 3490 849 3539 editio
870 3490 1096 3540 Lambin.
1192 3490 1424 3539 creditam
1448 3490 1669 3552 solvet-03
1700 3492 1964 3543 Castricius
1992 3498 2126 3547 illam
2149 3500 2222 3549 ci-

96 3566 305 3631 spou‘em.
328 3572 376 3619 J.
390 3569 457 3619 V.
478 3570 533 3617 1..
1190 3572 1390 3620 vitatem
1416 3571 1479 3619 ad
1506 3572 1666 3621 Flacci
1681 3572 1924 3635 judicium
1944 3576 2170 3639 adduxit,
2189 3596 2220 3629 a

156 3662 203 3709 9.
228 3648 315 3695 Sin
330 3648 853 3699 iseram.Handrinn.
1192 3668 1293 3717 quo
1339 3651 1563 3700 damnata
1614 3662 1720 3701 est.-
1760 3654 1876 3703 Non
1923 3654 2080 3718 liquet
2119 3674 2224 3721 qno

164 3744 237 3775 ro.
264 3726 415 3775 Abest
439 3744 539 3777 esse
568 3729 630 3777 ab
656 3730 737 3777 ed.
760 3732 911 3787 1480.
930 3730 1101 3780 Iamb.
1187 3735 1297 3794 jure
1325 3732 1588 3781 Castricius
1621 3750 1725 3781 sese
1759 3732 1811 3780 in
1843 3734 1972 3783 lianc
2007 3752 2108 3787 rem
2143 3739 2226 3787 in-

104 3809 257 3855 Fsern.
280 3808 515 3859 Βαναίου.
548 3809 873 3859 omittendum
901 3826 1107 3860 census·
1195 3813 1502 3875 tei-posuerit.
1532 3812 1626 3861 Sed
1654 3813 1829 3874 injuria
1855 3825 2003 3878 patet.
2028 3818 2224 3871 Cicero-

104 3897 217 3933 mnt.
238 3890 273 3936 J
279 3890 375 3935 N.
389 3890 443 3935 1..
1202 3906 1311 3937 nem
1338 3891 1496 3954 ipsum
1525 3890 1800 3941 audiamus.

170 3981 246 4014 n.
266 3966 437 4019 Nm.
458 3968 669 4018 Probus.
1276 3972 1330 4019 3.
1365 3970 1497 4019 Hinc
1533 3984 1687 4022 totum
1717 3974 1896 4025 odium.
1939 3976 2136 4029 Scilicet
2177 3981 2256 4033 in.

168 4045 361 4095 xxm.
396 4062 439 4096 x.
470 4048 645 4112 Neque
669 4062 842 4099 severe.
864 4048 993 4113 Quis
1021 4048 1115 4095 mi·
1213 4049 1457 4101 Flaccum.
