2594 4537
526 296 923 363 ORATIO
975 295 1183 364 PRo
1236 286 1561 365 DoMo
1613 275 1833 367 s'UA.
2107 302 2250 398 429

52 428 519 503 recusareS‚'
550 416 726 487 alios
776 418 1179 487 everteres?
1228 417 1352 486 Sin
1399 418 1532 487 ista
1581 424 2028 493 consecratio
2085 422 2255 520 legi-

56 533 269 600 tima
312 541 455 613 est,
490 525 667 623 quid
699 540 846 611 est,
890 524 1093 621 quod
1131 525 1518 623 profanum
1557 529 1634 598 in
1679 533 1822 600 tuis
1859 529 2074 603 bonis
2102 558 2256 606 esse

56 642 373 741 possit?
406 640 516 708 An
542 622 991 708 consecratio
1022 636 1305 708 nullum
1331 637 1551 709 habet
1574 638 1695 733 jus
1712 696 1732 727 ‚
1765 639 2121 716 dedicatio
2147 662 2256 718 est

60 750 529 849 religiosa2?
565 746 759 839 Quid
794 772 964 843 ergo
1001 746 1121 817 illa
1170 761 1293 817 tua
1335 762 1494 818 tum
1541 748 1978 823 obtestatio3
2013 754 2249 826 tibici-

64 864 253 932 nis?
290 859 472 957 quid
516 857 841 929 foculus?
871 856 1048 954 quid
1081 861 1378 953 preces?
1399 858 1580 955 quid
1605 862 1839 958 prisca
1877 864 2093 938 verba
2122 892 2252 938 vo-

62 968 827 1053 luerunt?ementiri‚
848 964 1094 1039 fallere
1114 1021 1132 1054 ‚
1152 965 1358 1038 abuti
1389 968 1696 1041 deorum
1733 976 2254 1049 immortalium

64 1082 408 1151 numine
459 1076 545 1147 ad
604 1077 987 1147 hominum
1046 1078 1380 1150 timorem
1445 1078 1624 1176 quid
1681 1083 1972 1156 voluisti
2003 1088 2031 1155 Ρ
2071 1094 2256 1161 Nam

66 1192 139 1261 si
167 1203 291 1259 est
317 1188 497 1259 illud
534 1202 771 1259 ratum
792 1240 811 1274 ‚
844 1188 1055 1257 mitto
1094 1188 1486 1260 Gabinium
1515 1218 1536 1279 ;
1585 1206 1710 1262 tua
1741 1192 2002 1267 domus
2028 1215 2257 1290 certe,

68 1316 197 1387 et,
232 1298 601 1397 quidquid
631 1296 855 1368 habes
882 1298 1114 1386 aliud,
1142 1314 1250 1370 est
1286 1304 1531 1372 Cereri
1566 1320 2064 1378 consecratum
2097 1336 2111 1380 :
2143 1313 2256 1383 sin

68 1413 213 1484 ille
252 1409 389 1481 tibi
429 1409 643 1481 ludus
680 1407 853 1495 fuit,
904 1408 1085 1506 quid
1128 1424 1196 1481 te
1242 1412 1641 1510 impurius,
1684 1417 1813 1512 qui
1868 1418 2256 1515 religiones

72 1546 359 1595 omnes
390 1520 735 1618 pollueris
762 1535 887 1591 aut
919 1521 1414 1607 ementiend0‚
1459 1539 1583 1595 aut
1621 1527 2072 1623 stuprando?

190 1640 355 1705 Jam
396 1629 661 1717 fateor,
708 1632 985 1728 inquit,
1020 1632 1097 1701 in
1135 1631 1449 1704 Gabinio
1476 1660 1594 1707 me
1625 1636 1980 1709 nefarium
2009 1637 2252 1713 fuisse.

76 1746 399 1842 Quippe
436 1742 666 1829 vide5‚
714 1766 1001 1840 poenam
1044 1741 1237 1814 illam
1268 1768 1309 1813 a
1340 1758 1412 1815 te
1447 1749 1520 1817 in
1559 1748 1780 1845 alium
1817 1753 2252 1840 institutam,

80 2040 267 2093 Clodii
294 2038 495 2105 collega
523 2035 861 2088 fortitudinem
888 2036 1062 2085 Cicero
1084 2043 1133 2081 et
1220 2034 1349 2083 aedes
1391 2047 1442 2085 et
1479 2036 1611 2086 bom
1650 2040 1902 2089 Ciceronis
1944 2058 2252 2095 consecrarat

80 2124 269 2171 merita
314 2138 425 2185 erga
463 2137 514 2168 se
548 2134 721 2182 magna
764 2126 1131 2165 commemorat.
1221 2132 1325 2163 non
1351 2117 1531 2175 modo,
1558 2118 1644 2165 sed
1671 2120 1816 2167 etiam
1838 2138 1997 2169 aream
2018 2125 2253 2173 Libertati

80 2208 214 2252 Post
232 2202 470 2251 Reditum
491 2202 539 2247 in
566 2203 678 2249 Seu.
701 2217 729 2247 ο
766 2216 780 2247 =
828 2222 853 2241 α
870 2199 1131 2245 Referente
1222 2194 1501 2259 dedicarat,
1527 2214 1673 2261 quam
1699 2209 1802 2247 tum
1837 2202 2120 2264 religiosum
2141 2205 2251 2252 red·

80 2288 144 2334 L.
185 2284 381 2331 Ninnio
398 2317 411 2339 ,
462 2282 726 2330 fortissimo
762 2292 908 2345 atque
936 2281 1130 2344 optimo
1221 2276 1403 2324 didisse
1443 2277 1610 2326 locum
1657 2281 1991 2342 existimabat,
2035 2301 2093 2332 ac
2140 2285 2249 2333 aliis

84 2367 208 2412 viro
224 2387 269 2412 a.
296 2365 391 2410 Pro
412 2363 547 2410 Sext.
574 2379 593 2408 ι
612 2375 661 2410 1:
689 2364 816 2409 «Vir
848 2359 1127 2408 incredibili
1218 2356 1511 2420 persuadere
1536 2358 1734 2407 volebat
1755 2397 1770 2419 ,
1807 2371 1864 2408 nt
1889 2375 2128 2428 perpetuo
2154 2365 2250 2411 ho-

82 2444 225 2502 fide,
256 2441 595 2505 magnitudine
629 2441 816 2503 animi,
853 2439 1127 2489 constantia

84 2527 146 2572 L.
172 2524 447 2572 Mummius
482 2522 547 2570 ad
572 2532 793 2570 senatum
822 2520 882 2569 de
910 2537 1013 2584 rep.
1047 2535 1125 2567 re-

86 2603 212 2651 tulit
226 2636 241 2659 ,
270 2613 560 2666 senatusque
578 2602 810 2663 ‘frequens
834 2610 1013 2647 vestem
1032 2615 1127 2663 pro

84 2699 201 2730 men
251 2682 406 2730 salute
444 2680 725 2729 mutandam
755 2681 998 2728 censuit».
1028 2681 1124 2727 Pro

86 2762 211 2810 eod.
236 2762 305 2809 31
334 2777 348 2810 ε
382 2781 407 2802 α
424 2759 651 2809 Decrevit
680 2771 873 2806 senatus
900 2759 1127 2821 frequens

88 2843 157 2889 de
182 2857 299 2889 meo
325 2840 485 2888 reditu
510 2839 609 2887 kal.
624 2838 751 2899 junii
769 2872 783 2895 ‚
814 2837 1126 2885 dissentiente

88 2920 269 2977 nullo,
296 2920 531 2966 referente
572 2921 627 2966 L.
658 2918 873 2980 Ninnio,
904 2919 1044 2978 eujus
1074 2917 1127 2963 in

88 3017 203 3050 men
232 3009 379 3047 eausa
408 3013 671 3062 numquam
698 2995 849 3054 fides,
878 2997 1128 3061 virtusque

90 3079 449 3130 contremuit».
470 3078 600 3125 Vide
620 3088 761 3125 notas
780 3076 840 3123 ad
859 3078 952 3124 hos
972 3076 1127 3125 locos.

92 3162 149 3209 Si
178 3175 363 3207 nomen
394 3160 673 3222 infrequens
699 3157 872 3204 Ninnii
905 3156 1131 3204 librarios

92 3239 379 3302 corrupisse
408 3237 608 3295 dixero,
638 3251 856 3297 summos
884 3237 1015 3284 viros
1040 3253 1128 3284 nu-

94 3331 263 3368 ctores
283 3317 500 3367 habebo:
524 3318 659 3366 conf.
683 3316 989 3381 potissimum
1018 3332 1129 3380 quae

93 3399 159 3446 ad
191 3398 243 3446 d.
270 3415 379 3462 cap.
415 3413 444 3445 2
479 3398 533 3445 in
562 3400 673 3446 Sen.
703 3398 900 3455 notavi,
932 3408 981 3444 et
1004 3396 1130 3444 adde

92 3481 145 3528 J.
188 3481 243 3526 F.
287 3481 509 3527 Gronov.
548 3477 805 3526 Observat.
846 3479 935 3535 IV,
979 3485 1007 3531 4
1032 3510 1045 3535 ,
1083 3487 1131 3522 et

92 3561 333 3608 Burman.
358 3559 542 3619 junior.
568 3557 632 3605 ad
657 3557 865 3605 Anthol.
894 3559 997 3604 Lat.
1019 3567 1056 3603 t.
1081 3558 1131 3612 1,

94 3653 211 3703 pag.
245 3637 371 3693 415.
402 3639 501 3700 Qui
537 3653 631 3701 pro
670 3639 807 3684 Sext.
844 3651 895 3684 11
918 3669 933 3694 ,
969 3637 1135 3682 Mum·

93 3718 250 3765 mium
276 3717 595 3780 relinquunt,
624 3731 776 3780 quum
807 3716 979 3764 ceteris
1011 3714 1134 3762 locis

92 3797 337 3848 Ninnium
420 3796 681 3844 maluerint
708 3830 723 3853 ,
802 3791 1135 3845 inconstanter

94 3887 281 3941 agunt:
322 3887 397 3924 est
440 3876 571 3924 enim
613 3886 742 3923 certe
782 3876 851 3924 ibi
887 3875 965 3923 vir
1004 3875 1135 3922 idem

96 3957 397 4004 nominatus.

169 4053 221 4084 2.
255 4034 515 4082 Dedieaee‘o
544 4044 619 4079 est
644 4033 889 4096 religiosa.
934 4032 1137 4081 Clodiae

1216 2437 1404 2485 minum
1423 2453 1514 2485 usu
1532 2451 1658 2487 esset
1679 2453 1950 2506 exemptus.
1969 2446 2028 2490 In
2053 2443 2252 2492 dedica-

1217 2518 1354 2564 tione
1385 2518 1741 2581 requirebatur,
1757 2530 1816 2567 ut
1843 2534 2034 2586 postem
2061 2533 2250 2572 teneret

1213 2599 1439 2660 pontifex
1455 2634 1469 2657 ‚
1505 2599 1710 2664 aliisque
1737 2613 1954 2650 uteretur
1973 2603 2148 2652 ritihus
2168 2613 2252 2652 so-

1216 2674 1480 2734 lemnibus,
1516 2680 1602 2742 qui
1641 2681 1692 2727 in
1730 2685 2103 2730 consecratione
2147 2700 2252 2732 non

1214 2757 1608 2819 requirebantur,
1655 2769 1702 2805 et
1738 2772 1794 2807 ut
1831 2761 2076 2810 dedicatio
2113 2761 2251 2810 fleret

1215 2839 1396 2903 populi
1428 2842 1570 2900 jussu
1607 2853 1694 2888 aut
1739 2842 2032 2905 piebiseito,
2076 2855 2130 2890 ut
2167 2844 2250 2892 bic
2327 2867 2336 2874 ·

1216 2919 1390 2966 Cicero
1408 2919 1640 2966 ostendit.
1665 2923 1838 2983 Itaque
1859 2921 1966 2969 loca
1988 2937 2090 2968 non
2111 2934 2251 2986 pote-

1219 3008 1330 3044 rant
1361 2997 1414 3044 in
1449 3000 1696 3061 privatum
1733 3015 1876 3046 usum
1909 3001 2130 3047 converti
2161 3001 2252 3050 ite-

1219 3088 1327 3124 rum
1341 3111 1355 3134 ‚
1382 3079 1476 3124 nisi
1499 3090 1871 3136 resset-arentur,
1889 3078 2048 3127 multo
2070 3081 2249 3140 minus,

1220 3173 1329 3218 quae
1357 3157 1580 3206 dedicata
1619 3169 1721 3206 erat
1753 3159 2054 3207 solemnibus
2089 3159 2253 3210 verbis

1221 3237 1331 3284 diis.
1365 3238 1460 3285 Sed
1494 3249 1543 3287 et
1580 3237 1708 3284 hanc
1748 3238 2163 3286 consecrationem
2203 3250 2252 3288 et

1220 3316 1576 3365 dedicationem
1596 3328 1840 3380 tamqnam
1863 3333 2032 3366 vanam
2058 3329 2108 3366 et
2141 3319 2250 3367 ina·

1220 3413 1330 3444 nem
1368 3398 1581 3460 exagitat
1617 3398 1809 3446 Cicero.
1849 3400 1923 3446 De
1966 3409 2172 3463 utraque
2203 3411 2252 3448 et

1220 3477 1437 3540 antiquis
1465 3477 1560 3524 illis
1591 3477 1775 3535 verbis,
1805 3477 1986 3541 quibus
2010 3497 2086 3527 res
2118 3479 2254 3527 dedi-

1221 3555 1472 3614 cabantur,
1489 3556 1601 3603 vide
1623 3571 1733 3620 quoe
1751 3559 1941 3606 notavit
1961 3560 2172 3606 Guther.
2195 3559 2256 3606 de

1221 3638 1342 3684 Jure
1379 3633 1672 3694 Pontificio,
1709 3638 1808 3694 111,
1849 3653 1928 3695 ιι,
1962 3648 2010 3683 et
2036 3640 2126 3694 IV,
2159 3653 2252 3694 21,

1222 3729 1418 3763 necnon
1440 3714 1657 3761 Brisson.
1687 3714 1748 3761 de
1771 3713 1988 3762 Formul.
2013 3715 2101 3762 lib.
2127 3717 2168 3762 Ι.

1300 3794 1348 3841 3.
1371 3793 1658 3842 obtestatio.
1689 3796 1892 3843 Festus:
1927 3817 1954 3836 α
1978 3793 2256 3842 Obtestatio

1224 3886 1299 3922 est
1315 3908 1328 3932 ,
1367 3888 1520 3936 quum
1560 3874 1680 3921 deus
1731 3874 1866 3920 testis
1911 3874 1962 3921 in
2005 3874 2254 3924 meliorem

1224 3963 1412 4019 partem
1453 3963 1655 4000 vocatur
1682 3968 1695 4001 τ
1724 3952 1984 4002 detestatio
2012 3971 2164 4018 quum
2201 3956 2254 4002 in

1227 4031 1516 4080 deteriorem
1537 4053 1578 4077 n.
