2594 4537
380 312 520 360 220
1036 287 1848 358 PROLEGOMENA.

380 435 497 478 sua
538 409 741 499 ipsius
784 408 1163 474 recensione
1202 405 1440 491 edidit,
1502 429 1824 496 nusquam
1871 408 2010 489 ejus
2057 409 2554 474 controversia·

382 499 779 584 mentionem
823 514 975 580 fecit
988 561 1008 596 ,
1040 531 1235 604 atque
1256 515 1350 584 ,in
1387 513 1662 580 Fabricii
1693 514 2090 582 Bibliotheca
2115 516 2368 580 latina
2411 538 2456 578 a
2489 537 2554 578 se

380 645 534 690 cum
564 619 1039 686 accessionibus
1080 619 1213 684 suis
1247 618 1454 701 edita,
1477 636 1638 686 tom.
1669 621 1735 702 1,
1775 643 1841 709 p.
1881 621 2035 702 161,
2069 619 2152 685 ad
2183 621 2554 686 orationes

380 729 537 820 post*
571 726 851 792 reditum
892 749 1159 817 prorsus
1192 727 1356 792 nihil
1385 725 1470 792 de
1509 749 1582 792 ea
1623 727 1993 810 adnotavit3
2029 725 2115 792 ad
2149 727 2554 794 orationem

384 857 506 924 pro
520 835 758 916 Domo,
782 834 934 898 satis
960 856 1083 924 pro
1111 832 1389 922 imperio
1411 849 1478 899 et
1507 855 1738 921 parum
1773 849 2068 898 accurate
2093 833 2188 898 sic
2211 855 2554 922 pronun-

296 969 301 977 ·
384 941 534 1007 tiat:
554 940 889 1028 «Spuriam
908 937 1155 1021 judicat
1166 939 1564 1022 Tunstallus,
1582 938 1768 1021 cujus
1793 937 2236 1004 dubitationes
2253 937 2558 1002 sustulit

385 1048 420 1112 J
426 1095 441 1110 .
468 1047 563 1112 M.
594 1045 961 1111 Gesnerus»
976 1067 995 1127 ς
1012 1043 1176 1111 etad
1206 1044 1564 1112 orationem
1587 1043 1672 1109 de
1697 1044 2131 1133 Haruspicum
2151 1043 2552 1133 responsis:

386 1184 413 1209 ιι
436 1154 623 1218 Hanc
658 1173 925 1241 quoque
946 1199 965 1235 ,
1004 1152 1251 1240 inquit,
1284 1152 1572 1242 spuriam
1605 1166 1796 1240 putat
1828 1151 2234 1233 Tunstallus,
2269 1151 2404 1214 cui
2441 1169 2556 1212 re-

384 1258 648 1348 spondit
696 1256 871 1324 idem
891 1282 953 1342 υς
1006 1257 1277 1347 perinde
1333 1259 1518 1346 quasi
1569 1255 1896 1322 Gesnerus
1949 1255 2291 1320 Tunstallo
2306 1304 2329 1339 ,
2399 1276 2548 1318 non

384 1364 767 1430 Marklando
804 1362 1263 1453 respondisset.
1328 1361 1528 1446 Quod
1576 1379 1796 1428 tamen
1843 1378 2129 1428 erratum
2164 1362 2308 1442 ejus
2347 1377 2550 1426 tran·

388 1473 816 1561 scripserunt,
846 1469 1012 1534 nihil
1042 1469 1308 1534 monitis
1326 1467 1678 1536 lectoribus
1691 1517 1712 1554 ‚
1737 1469 2016 1536 editores
2039 1469 2415 1558 Bipontini.

474 1579 703 1665 Itaque
750 1575 818 1639 in
854 1575 1139 1664 priorem
1162 1574 1542 1664 dignitatem
1571 1575 1880 1641 restimtae
1905 1575 2232 1639 orationes
2255 1575 2546 1638 solitum

388 1683 609 1746 locum
636 1679 812 1769 apud
840 1680 1223 1746 Ciceronem
1262 1680 1649 1746 obtinebant
1663 1729 1680 1764 ‚
1719 1703 1928 1770 quum
1965 1702 2154 1744 anno·
2176 1679 2386 1761 hujus
2423 1701 2550 1743 sae·

392 1788 521 1852 culi
554 1787 769 1876 primo
806 1785 981 1850 Frid.
1014 1788 1178 1877 Aug.
1204 1786 1482 1852 Wolfius
1525 1787 1820 1852 acerrimi
1865 1785 1966 1852 vir
2011 1802 2077 1850 et
2113 1783 2547 1850 audacissimi

394 1892 662 1982 ingenii,
696 1913 923 1974 causae,
938 1915 1083 1980 quae
1110 1891 1196 1958 ab
1226 1891 1532 1957 omnibus
1561 1890 1812 1958 deserta
1847 1914 1987 1956 esse
2008 1891 2397 1981 putabatur,
2431 1889 2547 1955 de-

398 2021 535 2064 nuo
579 2014 929 2088 patronum
978 2020 1049 2063 se
1084 1997 1234 2062 tulit
1266 2045 1286 2080 ,
1335 1997 1636 2086 libroque
1675 2019 1874 2087 quem
1925 1996 2250 2062 Larchero
2299 2013 2542 2062 nostro

394 2104 745 2188 dedicavit,
796 2121 1083 2192 quatuor
1130 2103 1458 2186 orationes
1501 2102 1705 2168 edidit
1748 2104 1878 2168 hoc
1917 2103 2110 2166 titulo
2151 2124 2169 2168 ε
2203 2103 2297 2168 Μ.
2334 2099 2542 2166 Tullii

393 2211 721 2278 Ciceronis
764 2231 908 2300 quae
945 2209 1143 2301 vulgo
1183 2209 1488 2275 feruntur
1534 2209 1860 2275 orationes
1897 2223 2180 2298 quatuor
2201 2257 2222 2292 ,
2273 2210 2344 2273 1⁰
2390 2221 2544 2299 post

396 2318 701 2383 Reditum
738 2318 808 2381 in
842 2318 1115 2399 Senatu3
1164 2330 1235 2381 2⁰
1265 2316 1352 2381 ad
1405 2315 1692 2399 Quirites
1729 2332 1880 2405 post
1929 2314 2254 2398 reditum3
2305 2312 2386 2380 3⁰
2418 2334 2543 2403 pro

397 2426 614 2489 Domo
655 2446 772 2488 sua
802 2420 887 2486 ad
922 2420 1306 2505 Pontifices3
1347 2420 1424 2501 4⁰
1457 2420 1540 2487 de
1569 2423 2006 2511 Haruspicum
2032 2422 2388 2511 responsis.
2413 2424 2536 2486 Re-

398 2529 711 2619 cognovit
742 2526 1015 2593 Wolfius
1038 2528 1320 2592 Berolini
1353 2528 1554 2611 1801;
1593 2551 1730 2617 quo
1763 2528 1832 2593 iu
1869 2527 2204 2593 volumine
2247 2527 2539 2617 primum

399 2657 531 2699 suae
570 2634 930 2723 praefationi
961 2632 1324 2700 Marklandi
1371 2651 1438 2700 et
1474 2635 1748 2702 Gesneri
1790 2634 2200 2724 praefationes
2223 2682 2244 2716 ,
2299 2632 2538 2699 deinde

400 2739 747 2803 amborum
780 2740 847 2802 in
884 2754 1231 2828 utramque
1260 2756 1514 2828 partem
1549 2739 2135 2805 animadversiones
2157 2786 2178 2822 ‚
2211 2762 2352 2804 una
2389 2760 2538 2805 cum

400 2866 521 2911 sua
546 2845 861 2911 sententia
896 2845 1188 2927 subjecit.
1226 2847 1460 2935 Neque
1493 2847 1710 2913 statim
1737 2848 1916 2919 ‚bene
1945 2846 2127 2911 alteri
2155 2846 2536 2911 Aristarcho

403 2952 730 3033 successit,
766 2974 975 3040 quum
992 2953 1053 3016 ei
1082 2952 1348 3042 plurimi
1383 2969 1526 3018 tum
1547 2954 1736 3019 falsas
1750 2969 1865 3018 aut
1881 2953 2103 3017 inanes
2126 2951 2536 3017 animadver-

408 3060 658 3143 siones,
710 3075 855 3123 tum
886 3058 1147 3124 dicendi
1194 3082 1403 3149 genus
1437 3058 1681 3124 durum
1717 3081 1840 3125 nec
1871 3060 1960 3123 ita
1991 3058 2196 3123 latino
2247 3056 2533 3123 sermoni

405 3182 916 3231 consentaneum
932 3213 951 3247 ,
998 3182 1139 3230 tum
1174 3166 1450 3230 maxime
1487 3182 1776 3231 atrocem
1821 3165 2257 3255 arrogantiam
2298 3165 2534 3246 objice·

412 3287 577 3335 rent.
633 3271 878 3336 Verum
938 3271 1241 3335 nonnulli
1293 3286 1515 3361 postea
1565 3273 1686 3337 viri
1727 3271 1908 3337 docti
1946 3272 2397 3361 probaverunt
2415 3318 2434 3353 ,
2471 3271 2530 3333 in

410 3376 637 3466 primis
662 3375 951 3460 nechim,
979 3378 1344 3461 Schiitzius,
1373 3394 1439 3442 et
1457 3377 1930 3468 Orellius‚quos
1949 3377 2226 3443 omnino
2251 3378 2322 3441 in
2350 3377 2532 3456 hujus

412 3481 699 3571 magistri
726 3481 921 3547 verba
943 3481 1163 3561 jurare
1196 3504 1330 3547 non
1370 3483 1598 3572 piguit.
2149 3570 2156 3577 ·

503 3590 641 3653 Jam
685 3609 991 3653 successu
1020 3589 1203 3653 ferox
1224 3587 1506 3654 Wolfius
1519 3638 1538 3671 ,
1569 3605 1700 3654 tam
1743 3589 2014 3655 feliciter
2049 3605 2346 3676 expertas
2380 3604 2532 3652 artes

418 3698 487 3759 in
524 3694 709 3759 aliam
744 3696 1106 3760 orationem
1120 3694 1346 3776 vertit,
1375 3694 1584 3762 multo
1623 3718 1779 3759 sane
1815 3712 2188 3785 expugnatu
2223 3693 2532 3759 difficilio-

422 3822 558 3865 rem
576 3850 595 3875 ‚
642 3799 757 3865 sed
794 3823 937 3887 quae
982 3800 1263 3866 vincenti
1307 3802 1742 3889 pulchriorem
1781 3800 2050 3868 lauduni
2094 3800 2350 3889 copiam
2393 3824 2532 3889 prae-

418 3920 631 3969 staret.
686 3906 998 3987 Quamvis
1046 3906 1221 3970 enim
1266 3906 1476 3971 oratio
1524 3930 1645 3995 pro
1688 3907 1782 3973 M.
1819 3908 2127 3973 Marcello
2167 3930 2203 3969 a
2250 3907 2528 3996 plurimis

420 4009 744 4097 praeconio
778 4009 1082 4097 singulari
1117 4026 1343 4076 ornata
1375 4034 1630 4099 semper
1655 4029 1823 4077 esset
1842 4059 1859 4094 ‚
1888 4012 2058 4079 hanc
2101 4010 2369 4097 eodem,
2413 4034 2529 4101 quo
