2594 4537
324 291 419 383 94
575 314 585 320 -
998 283 1748 354 ARGUMENTUM.

404 413 539 468 Non
560 477 567 482 ,
585 398 719 465 illud
772 405 927 464 inter
962 409 1241 465 maximas
1283 404 1451 464 dotes
1499 403 1998 464 annumerandum
2018 448 2036 478 ,
2079 425 2189 462 nec
2221 405 2467 464 mentio

404 507 501 564 illa
529 504 750 565 Archiae
794 505 1041 563 multum
1078 503 1153 563 ad
1191 503 1428 563 laudem
1459 505 1724 576 confert,
1768 523 1950 582 quum
1996 502 2134 560 inde
2169 516 2472 582 appareat

407 603 554 662 nihil
577 599 725 662 aliud
756 602 817 660 in
858 621 929 660 eo
972 597 1326 663 laudandum
1361 602 1666 661 exstitisse.
1709 606 1910 661 Potest
1945 597 2130 679 hujus*
2159 601 2474 660 facilitatis

411 701 729 778 exemplum
787 699 943 777 apud
989 700 1374 770 Brunckium,
1419 713 1559 759 tom.
1595 704 1681 771 ΙΙ,
1724 717 1859 777 pag.
1907 699 1988 776 93
2007 740 2026 768 ,
2067 697 2252 777 epigr.
2275 698 2356 766 6,
2414 719 2472 772 7,

414 800 449 856 8
492 811 550 854 et
582 791 655 873 9,
705 796 990 873 inveniri,
1024 793 1183 874 quod
1228 796 1343 855 hoc
1381 795 1785 855 loco·recitare
1807 796 1967 876 piget
1987 839 2006 866 ,
2055 812 2236 874 quum
2277 795 2472 854 iidem

414 895 637 952 omniuo
665 911 863 952 sensus
892 895 1125 953 mutatis
1154 905 1378 953 tantum
1405 893 1600 953 verbis
1627 905 2053 972 proponantur,
2095 906 2153 951 et
2173 893 2360 951 miser
2395 895 2474 952 sit

416 987 581 1050 labor
596 991 959 1069 ineptiarum.

493 1089 755 1146 Creditur
779 1089 1023 1148 Archias
1055 1104 1228 1148 causa
1248 1087 1480 1162 vicisse3
1519 1107 1628 1146 nec
1658 1089 1868 1147 mirum
1890 1133 1908 1162 ,
1956 1107 2135 1166 quum
2161 1087 2472 1146 Ciceronis

416 1184 737 1262 eloquentia
764 1183 1053 1255 defensus,
1078 1185 1308 1244 Luculli
1327 1184 1658 1243 testimonio
1686 1197 1984 1264 protectus
2007 1199 2177 1244 esset.
2199 1183 2474 1263 Ambigi-

422 1295 518 1340 tur
548 1295 733 1340 mrum
754 1283 896 1360 legis
917 1284 1153 1342 Plautiae
1182 1283 1428 1361 Papiriae
1458 1297 1722 1342 auctores
1747 1283 2014 1344 Silvanus
2036 1296 2098 1340 et
2125 1281 2322 1341 Carbo
2355 1284 2474 1341 tri-

419 1377 563 1436 buni
584 1378 769 1456 plebis
801 1394 991 1457 essent
1014 1401 1167 1439 anno
1200 1381 1315 1450 661.
1339 1403 1356 1453 ;
1385 1401 1459 1438 an
1489 1379 1584 1439 lex
1607 1400 1676 1439 ea
1700 1382 1898 1442 Silano
1927 1377 2344 1452 adscribenda,
2393 1379 2477 1438 ita

422 1487 490 1532 ut
511 1467 763 1534 consules
790 1475 911 1535 duo
938 1491 1147 1550 essent,
1171 1490 1235 1536 ut
1256 1477 1450 1555 placet
1475 1477 1684 1556 Angeli
1717 1477 1862 1536 Maii
1883 1477 2223 1544 scholiasta,
2243 1494 2360 1535 nec
2389 1497 2478 1535 sa-

426 1574 497 1630 tis
512 1573 809 1650 probatur.
834 1578 1109 1632 Ceterum
1132 1575 1371 1653 plurimi
1393 1575 1666 1634 exstitere
1686 1573 1920 1635 Archiae
1936 1617 1953 1644 ,
1980 1574 2294 1652 Byzantius
2314 1615 2334 1642 ,
2363 1575 2478 1633 Mi-

428 1670 725 1745 tyleraeus,
752 1682 865 1729 etc.
890 1675 979 1729 De
1003 1671 1093 1729 his
1124 1673 1226 1749 qui
1258 1671 1510 1750 plurima
1533 1673 1724 1745 volet,
1771 1670 1941 1730 adeat
1967 1670 2222 1731 Fabricii
2250 1670 2478 1730 Biblio-

428 1769 639 1825 thecam
666 1772 928 1826 Graecam
943 1812 960 1839 ‚
995 1769 1138 1826 Maii
1176 1781 1341 1828 notas
1356 1814 1374 1843 ,
1421 1770 1626 1847 Ilgenii
1653 1789 1990 1842 excursum,
2031 1781 2090 1828 et
2117 1768 2480 1847 peculiarem

424 1864 586 1942 hujus
616 1866 897 1924 orationis
923 1865 1257 1940 editionem,
1283 1887 1460 1946 quam
1483 1864 1645 1925 dedit
1665 1869 2041 1941 Hiilsemann,
2066 1866 2226 1946 quod
2251 1865 2484 1944 indige..

431 1974 576 2021 stum
604 1983 753 2042 opus
787 1965 1050 2042 quamvis
1076 1964 1259 2026 multa
1286 1976 1694 2044 corrumpant,
1722 1966 2001 2024 nonnulla
2035 1979 2226 2024 tamen
2251 1964 2482 2023 utiliter

429 2061 697 2121 adamata
723 2061 1047 2142 legentibus
1076 2061 1332 2122 exhibet.

513 2267 601 2327 Ad
637 2268 851 2327 calcem
894 2267 1145 2346 hujusce
1189 2267 1470 2326 orationis
1511 2265 1612 2325 vix
1643 2278 1850 2328 notum
1880 2266 2201 2327 scholiastae
2233 2263 2484 2325 Ambro-

436 2365 581 2423 smni
602 2366 1077 2423 commentarium
1094 2364 1527 2443 subjunximus;
1549 2366 1754 2425 melius
1775 2365 1890 2426 hoc
1911 2366 2044 2443 loco
2067 2362 2324 2444 po'situm
2347 2382 2480 2423 eum

435 2460 574 2529 rati,
594 2480 767 2538 quam
794 2460 843 2519 si
866 2461 1161 2520 Ciceronis
1188 2474 1413 2520 textum
1439 2482 1508 2521 ac
1535 2474 1705 2523 notas
1728 2462 2160 2523 interturbaret.
