2594 4537
302 264 450 339 606
697 266 795 335 IN
848 264 1405 335 ORATIONEM
1455 265 2062 345 PLANCIANAM

390 388 715 447 Laterensis
747 387 807 444 in
836 385 1094 445 Tullium
1130 386 1360 445 dixerat
1385 388 1650 467 epilogos
1675 388 1801 465 ejus
1829 388 2112 462 irridens,
2141 410 2306 468 quos
2337 412 2472 450 eum

210 544 217 552 ,
301 499 532 545 constat
564 485 805 543 nimium
834 482 1057 541 flebiles
1094 497 1153 541 et
1192 485 1578 543 miserationis
1617 485 1825 562 plenos
1859 486 1922 543 in
1959 486 2200 563 judiciis
2233 510 2472 567 semper

306 582 593 643 habuisse.
623 583 783 649 Etin
808 584 1059 639 Oratore
1086 602 1193 639 suo
1236 581 1498 641 eamdem
1537 573 1854 641 affectuum
1881 586 2322 645 movendorum
2357 586 2466 643 sibi

304 680 695 759 praestantiam
728 677 1050 737 vindicavit
1073 676 1175 758 (1).
1211 684 1302 738 Ac
1335 700 1408 737 ne
1435 679 1560 738 haec
1609 681 1898 756 lenocinia
1929 684 2134 760 potius
2171 684 2466 742 adhibere

306 776 573 837 saliendis
591 774 912 853 judicibus,
944 795 1120 853 quam
1152 796 1289 835 vere
1319 777 1638 837 secundum
1669 779 1846 837 animi
1887 780 1978 839 sui
2005 792 2234 839 motum
2270 782 2464 839 faeere

306 874 669 933 existimetur
682 918 699 945 ‚
728 873 1031 932 adseverat
1053 874 1316 951 Cispium
1349 875 1466 934 hoc
1491 895 1612 935 sua!
1637 876 1919 937 orationis
1959 878 2182 937 affectu
2211 898 2344 937 non
2363 880 2460 937 in-

307 972 547 1049 dignum
600 972 806 1045 fuisse,
842 990 977 1031 cum
1024 990 1141 1048 quo
1176 970 1261 1049 (a)
1303 986 1436 1050 post
1468 974 1738 1032 amicitiae
1789 976 2228 1033 reconciliation
2241 996 2340 1033 e·
2381 976 2460 1033 ita

306 1067 659 1147 participatu
688 1070 939 1126 fortunae
964 1086 1083 1127 suae
1134 1066 1398 1127 dolorem
1431 1069 1676 1129 senserit
1697 1114 1716 1144 ,
1747 1082 1812 1129 ut
1845 1072 2104 1147 impense
2136 1071 2318 1150 diligi
2347 1092 2462 1130 me-

308 1164 655 1245 rereturffi).

330 1312 335 1325 ’
405 1330 692 1403 XXXII.
762 1352 817 1398 1.
868 1322 1008 1397 Sed
1044 1346 1163 1395 me
1207 1349 1436 1422 quum
1475 1342 1759 1401 tantum
1798 1330 1944 1425 jam
1985 1328 2288 1400 Plancio
2332 1329 2454 1401 de·

307 1438 558 1511 berem
590 1438 813 1510 Racili
842 1436 1179 1514 beneficii
1206 1437 1292 1516 (4)
1328 1436 1548 1511 fuisse
1589 1454 2040 1511 contentum.

385 1611 816 1665 Extenuaturus
836 1607 1044 1666 merita
1066 1584 1169 1669 Cin.
1197 1606 1416 1667 Plancii
1452 1626 1584 1685 quae
1608 1605 1870 1663 intulisse
1893 1605 1956 1662 in
1985 1609 2070 1663 M.
2093 1605 2351 1665 Tullium
2367 1606 2453 1662 vi·

308 1701 565 1775 deretur,
588 1701 661 1760 de
688 1708 752 1760 L.
778 1703 951 1761 etiam
978 1706 1203 1764 Racilio
1230 1702 1499 1782 quaedam
1519 1703 1852 1760 Laterensis
1873 1716 2450 1771 commemoraverat,

307 1800 411 1877 qui
436 1799 619 1877 magis
654 1798 991 1877 adjumento
1034 1802 1302 1860 Ciceroni
1336 1802 1512 1859 fuisse
1537 1798 1808 1858 videatur
1827 1798 1944 1879 (5),
1979 1819 2164 1877 quum
2193 1800 2449 1858 Plancius

310 1898 367 1954 in
384 1896 685 1955 tribunatu
702 1916 810 1955 suo
824 1918 943 1955 non
962 1910 1269 1978 tantopere
1281 1899 1356 1958 sit
1367 1916 1479 1977 pro
1497 1896 1759 1974 ejusdem
1777 1896 2148 1955 restitutione
2167 1898 2446 1955 connisus.

306 1998 397 2053 Ne
428 1993 543 2053 hoc
568 1995 745 2073 igitur
788 1996 843 2054 ei
872 1996 1096 2056 deesset
1122 1998 1207 2077 (6)
1240 1996 1317 2055 ad
1344 1995 1619 2075 gratiam,
1657 1996 2000 2066 confitetur,
2027 1995 2230 2055 animo
2255 2014 2447 2073 prom-

306 2096 568 2174 ptissimo
596 2097 769 2155 etiam
790 2096 949 2156 hunc
980 2098 1279 2157 Plancium
1310 2116 1446 2174 erga
1474 2095 1905 2155 restitutionem
1931 2114 2096 2154 suam
2123 2096 2320 2154 fuisse.
2339 2094 2444 2155 Sed

308 2197 585 2273 quoniam
614 2195 811 2254 omnia
838 2217 946 2276 per
971 2197 1259 2255 Racilium
1278 2195 1631 2254 videbantur
1651 2194 1916 2274 impleta,
1943 2214 2066 2253 nou
2091 2195 2376 2274 expetisse
2389 2213 2446 2251 se

307 2293 475 2367 dicit,
506 2306 571 2352 ut
597 2295 769 2352 etiam
796 2295 892 2353 ille
920 2315 993 2353 ex
1014 2295 1311 2373 superfluo
1334 2293 1664 2362 laboraret,
1697 2291 1799 2370 qui
1828 2306 2053 2351 tantum
2076 2291 2192 2350 sibi
2215 2292 2276 2351 iu
2303 2312 2444 2372 qu&

306 2405 463 2449 stura
488 2390 867 2449 Macedonica
895 2391 1273 2471 praestitisset.
1315 2389 1517 2449 Exstat
1554 2403 1745 2448 autem
1777 2387 2008 2448 libellus
2056 2390 2318 2466 ejusdem
2353 2389 2440 2448 Ci-

309 2488 538 2546 ceronis
555 2531 571 2556 ,
591 2488 693 2565 qui
712 2487 793 2544 ita
812 2486 1180 2547 inscribitur:
1200 2491 1562 2548 EDICTUM
1583 2489 1800 2547 LUCII
1820 2491 2119 2547 RACILII
2137 2490 2440 2546 TROEUNI

382 2651 461 2717 (1)
494 2650 561 2700 In
579 2647 832 2710 Oratore,
854 2649 943 2718 37,
966 2648 1055 2702 38.
1083 2651 1165 2704 Ita
1182 2649 1251 2703 de
1270 2667 1326 2703 se
1343 2648 1550 2702 Tullius
1573 2666 1588 2700 ε
1610 2647 1795 2714 «Quid
1815 2667 1913 2721 ego
1931 2645 2002 2703 de
2027 2649 2442 2704 miserationibus

312 2728 544 2802 loquar?
568 2728 761 2801 quibus
789 2749 853 2783 eo
881 2748 1003 2785 sum
1028 2749 1158 2784 usus
1193 2731 1472 2804 pluribus,
1504 2729 1650 2804 quod
1679 2731 1882 2785 etiamsi
1908 2731 2090 2803 plures
2117 2732 2439 2794 dicebamus,

306 2811 701 2888 perorationem
726 2813 858 2867 mihi
889 2825 1069 2868 tamen
1092 2835 1277 2869 omnes
1303 2815 1737 2888 relinquebant...
1767 2813 2115 2870 Miseratione
2148 2836 2250 2870 nos
2271 2818 2344 2870 ita
2361 2816 2441 2870 do-

307 2899 473 2952 lenter
502 2898 581 2950 uti
602 2897 869 2962 solemus,
898 2911 959 2952 ut
986 2916 1213 2972 puerum
1238 2899 1496 2954 infantem
1525 2899 1580 2950 in
1614 2897 1862 2952 manibus
1901 2908 2238 2970 perorantem
2277 2911 2438 2952 tenue·

308 2983 511 3036 rimus:
538 2993 599 3035 ut
622 2982 723 3036 alia
760 2982 819 3035 in
844 3001 1030 3046 causa,
1070 2983 1300 3036 excitato
1342 3000 1437 3036 reo
1472 2981 1642 3036 nobili
1661 3020 1678 3046 ‚
1697 2981 1911 3036 sublato
1937 2981 2098 3036 etiam
2121 2983 2238 3036 filio
2258 3003 2435 3056 parvo,

307 3067 561 3139 plangore
585 3078 635 3119 et
654 3067 1031 3120 lamentatione
1050 3067 1444 3138 compleremus
1475 3067 1654 3120 forum
1679 3089 1727 3117 ι.

372 3155 449 3222 (a)
481 3149 710 3204 Videtur
734 3149 1111 3221 corrigendum
1142 3171 1289 3220 quum
1323 3154 1382 3204 is.
1413 3151 1550 3204 Nam
1582 3149 1791 3222 Cispius
1825 3149 2021 3204 exsulis
2052 3151 2328 3206 Ciceronis
2349 3153 2436 3206 mi·

309 3246 481 3285 sertus
502 3233 673 3286 fuerat
692 3271 709 3298 ,
736 3245 797 3285 ut
814 3233 967 3288 vides
987 3233 1045 3287 in
1062 3233 1166 3287 boc
1189 3233 1308 3288 loco
1338 3235 1614 3288 orationis.

380 3317 459 3385 (3)
495 3316 677 3370 Codex
709 3332 932 3370 meretur.
1013 3367 1029 3382 ,

384 3403 461 3468 (4)
490 3399 927 3454 Notaiectionem
949 3400 1213 3455 diversam
1246 3401 1315 3454 ab
1347 3412 1468 3455 ante
1496 3401 1640 3454 edita
1667 3401 1908 3473 beneficiis
1934 3401 2013 3456 vel
2038 3405 2286 3476 benficia.
2313 3403 2432 3456 Nota

311 3484 473 3536 etiam
511 3496 785 3534 concentum
815 3502 938 3537 cum
974 3483 1241 3555 genitivo:
1282 3488 1435 3558 cujus
1463 3497 1744 3558 syntaxeos
1768 3487 2009 3558 exempla
2041 3486 2186 3558 apud
2208 3487 2432 3549 Livium,

310 3568 590 3632 Ovidium,
616 3567 977 3630 Paterculum,
997 3569 1241 3623 Curtium
1256 3607 1272 3633 ,
1292 3569 1601 3642 Apuleium,
1615 3565 1648 3621 J
1651 3569 1890 3622 ustinum
1909 3610 1926 3636 ,
1950 3571 2164 3642 Digesta
2183 3611 2198 3633 ,
2216 3571 2432 3644 Dictym·

310 3671 417 3722 que
442 3653 747 3706 Cretensem
788 3651 1075 3705 laudantur
1108 3671 1141 3705 a
1170 3654 1360 3706 Vossio
1395 3652 1462 3706 de
1499 3653 1738 3705 Gramm.
1757 3654 1894 3714 vn,
1931 3673 1958 3704 2
1984 3671 2000 3718 ;
2037 3655 2108 3707 ab
2145 3654 2349 3707 Heinsio
2373 3653 2430 3706 ad

311 3735 571 3788 Patercul.
597 3737 683 3802 11,
704 3736 799 3798 88,
818 3747 874 3788 'et
913 3755 945 3789 a
972 3737 1269 3790 Forcellino
1307 3738 1366 3790 in
1396 3737 1612 3790 Lexico.
1637 3737 1819 3802 Quare
1847 3737 1992 3791 hanc
2029 3738 2344 3793 locutionem
2383 3741 2428 3791 in

314 3819 665 3872 Ambrosiano
687 3819 1027 3892 palimpsesto
1046 3821 1349 3876 nullatenus
1370 3819 1680 3876 mendosam
1705 3821 1968 3874 existimo.

386 3902 461 3970 (5)
496 3903 681 3965 Malim
719 3906 994 3956 videbatur.

382 3987 456 4050 (6)
484 3983 613 4037 Cod'.
654 3990 829 4036 deesse.
