2594 4537
603 268 986 338 ORATIO
1034 268 1240 337 PRO
1291 268 1600 337 DOMO
1650 269 1863 339 SUA.

2167 268 2305 367 367

155 392 290 487 qui
333 404 511 460 sunt
549 371 906 461 reconditi
927 442 946 477 ‚
993 411 1146 459 non
1182 403 1503 477 scrutor-3
1540 413 1693 460 non
1730 414 1891 461 sum
1930 394 2007 461 in
2051 396 2307 489 exqui-

153 499 398 572 rendo
441 502 608 597 jure
663 525 1020 598 augurum
1081 505 1429 571 curiosus.
1494 506 1697 587 Haec,
1739 526 1904 599 quae
1952 528 2099 573 una
2142 528 2313 575 cum

155 612 444 710 populo
507 611 772 699 didici,
833 638 993 709 quae
1048 636 1234 711 saepe
1290 613 1365 681 in
1430 612 1907 685 concionibus
1962 639 2313 713 responsa

153 738 330 793 sunt
347 734 406 807 ²,
450 724 641 793 novi.
698 726 982 821 Negant
1023 722 1126 793 fas
1171 746 1325 793 esse
1360 723 1475 819 agi
1516 746 1681 793 cum
1724 724 2039 822 popule,
2077 749 2309 822 quum

150 832 248 906 de
275 834 458 905 caelo
485 848 844 907 servatum
881 836 970 905 sit
993 830 1045 904 3.
1086 836 1252 925 Quo
1288 832 1407 904 die
1439 832 1531 903 de
1567 848 1639 905 te
1676 836 1791 905 lex
1820 838 2141 907 curiata‘*
2170 838 2309 908 lata

150 1073 228 1111 eat
255 1061 467 1111 Tullius.
485 1064 566 1111 An
577 1078 696 1111 vero
715 1073 767 1112 et
781 1062 879 1127 ipsi
903 1062 1194 1111 sententiam

147 1142 304 1191 laturi
326 1156 442 1189 cum
467 1140 823 1207 pontificibus?
841 1142 923 1191 An
947 1140 1114 1205 plures
1131 1158 1194 1189 ex

147 1223 213 1270 iis
244 1236 458 1285 augures
493 1220 636 1269 simul
658 1232 794 1269 erant
823 1232 871 1269 et
899 1218 1193 1285 pontifices?

147 1303 369 1367 Utrique
387 1302 516 1349 enim
537 1301 932 1368 interpretationi
963 1300 1195 1349 desenso·

147 1398 230 1431 res
253 1398 362 1431 non
381 1382 557 1429 desunt
577 1396 590 1428 :
619 1398 772 1446 quum
797 1392 964 1431 tamen
987 1380 1193 1429 alterum

117 1506 128 1515 .
147 1462 416 1511 manifeste
449 1461 514 1509 sit
547 1461 746 1519 falsum,
779 1462 981 1509 alterum
1015 1460 1192 1508 verisi-

145 1542 270 1589 mile
331 1556 436 1588 non
491 1539 735 1587 videatur.
791 1540 1033 1604 Equidem
1088 1554 1191 1586 non

151 1624 362 1685 ignore,
390 1634 604 1667 summos
629 1620 895 1684 aliquando
920 1622 1078 1677 viros,
1105 1620 1194 1683 qui

151 1700 398 1763 dignitate
426 1710 475 1749 et
499 1700 648 1763 gratia
671 1698 940 1763 plurimum
963 1710 1194 1763 possent,

149 1781 358 1828 duobus
394 1779 680 1826 sacerdotiis
720 1780 979 1841 insignitos
1019 1779 1186 1825 fuisse.

147 1861 355 1915 Livius,
391 1860 549 1907 'XXX
571 1896 587 1919 ,
619 1858 716 1917 26,
756 1874 909 1922 quum
954 1859 1018 1920 Q.
1058 1852 1195 1907 Fabii

148 1939 366 1988 Maximi
407 1948 616 1985 mortem
663 1938 898 1987 referret:
947 1956 970 1980 e
988 1938 1190 1999 Augur,

147 2019 348 2084 inquit,
393 2018 447 2065 in
500 2017 664 2065 locum
709 2018 815 2078 ejus
870 2018 1193 2081 inauguratus

149 2100 218 2161 Q.
241 2096 426 2145 Fabius
451 2096 698 2144 Maximus
721 2094 881 2157 fllius3
899 2096 952 2144 in
976 2096 1192 2157 ejusdem

145 2176 323 2225 locum
347 2174 578 2239 pontifex
612 2174 762 2241 (1111111
789 2174 893 2223 duo
919 2175 1189 2223 sacerdotia

147 2250 356 2317 habuit)
381 2254 492 2304 Ser.
517 2254 766 2322 Sulpicius
785 2255 998 2306 Galba».
1029 2256 1190 2306 Caesar

149 2337 286 2402 ipse,
329 2355 481 2402 quum
515 2350 641 2387 esset
674 2338 900 2402 pontifex
922 2339 1190 2394 maximus,

149 2431 312 2480 augur
330 2428 562 2480 praeterea
583 2416 708 2474 suit,
724 2425 780 2464 ut
803 2433 867 2464 ex
885 2417 1098 2480 Philipp.
1122 2417 1186 2470 11,

151 2495 258 2544 33·
243 2531 258 2544 .
297 2495 658 2546 -obsu-inxinti
684 2495 921 2560 religione
949 2494 1187 2561 populum

150 2590 414 2624 romanum
429 2610 446 2634 ,
463 2591 620 2639 augur
641 2577 811 2642 auguri
833 2610 850 2637 ,
871 2575 1044 2624 consul
1067 2591 1196 2644 con--

149 2654 250 2702 auli
275 2651 582 2701 obnuntiasti
599 2677 640 2702 n.
661 2656 910 2704 Antonius
929 2655 1057 2702 enim
1080 2671 1184 2703 cos.

150 2743 202 2781 et
240 2747 401 2795 augur
433 2732 810 2782 obnuntiaverat
852 2734 1029 2782 Cesari
1067 2749 1188 2782 eon·-

149 2812 250 2860 mli
289 2822 338 2858 et
381 2813 558 2876 auguri
593 2813 656 2860 ad
691 2813 1004 2878 impedienda
1039 2814 1186 2862 Dola·

148 2889 298 2939 bellae
337 2893 552 2940 comitia.
599 2888 714 2940 Hoc
754 2904 916 2941 tamen
951 2909 1187 2958 perquam

149 2987 268 3022 raro
293 2971 476 3020 factum
495 2971 787 3020 crediderim
809 2973 862 3020 in
881 2972 1190 3037 principibus

151 3051 306 3111 viris,
335 3051 544 3099 maxime
571 3063 830 3116 antequam
861 3053 946 3114 jus
971 3051 1192 3101 sacerdo-

152 3141 262 3181 tum
281 3131 610 3180 creandorum
633 3132 853 3180 Domitia
880 3132 986 3200 lege
1013 3133 1078 3180 ad
1097 3149 1188 3199 po-

151 3212 334 3276 pulum
373 3213 746 3260 transferretur:
774 3212 860 3260 ubi
899 3227 1020 3261 vero
1053 3213 1106 3260 in
1133 3228 1188 3260 ea

153 3309 358 3356 quoque
395 3307 448 3340 re
481 3292 659 3340 habere
695 3293 862 3340 locum
899 3293 1054 3357 coepit
1089 3307 1190 3340 am·-

151 3371 284 3422 binio
299 3405 314 3430 ,
341 3387 446 3420 nou
475 3371 688 3420 arbitror
713 3374 780 3420 ita
807 3371 990 3420 nultos
1015 3373 1077 3420 ‹le
1103 3389 1189 3420 sua

155 3451 397 3516 dig-uitam
418 3451 598 3515 sapius
622 3453 896 3517 periculum
921 3453 1077 3500 facere
1104 3468 1191 3500 vo·

149 3532 304 3580 luisse
321 3565 338 3590 ,
385 3542 471 3580 aut
526 3531 766 3596 populum
812 3531 1082 3596 neglexisse
1127 3531 1189 3579 de

151 3611 382 3675 pluribus
401 3611 528 3659 bene
551 3613 738 3659 mereri.
771 3612 871 3660 Cur
891 3613 1152 3676 Pompeius
1173 3645 1188 3670 ,

151 3691 452 3739 Hortensius
472 3725 488 3750 ,
507 3691 590 3738 alii
619 3691 760 3739 multi
785 3707 990 3754 augures
1019 3701 1156 3738 erant
1175 3725 1191 3750 ‚

148 3787 252 3818 non
273 3771 424 3818 etiam
443 3768 706 3835 pontifices
723 3773 746 3818 ἓ
763 3771 866 3820 0111·
887 3773 942 3818 Ρ.
963 3771 1193 3828 Clodius,

147 3851 304 3899 homo
351 3850 640 3916 popularis,
687 3850 964 3916 sibyllinus
1006 3861 1196 3899 tantum

149 3931 414 3989 sacerdos,
457 3945 563 3978 non
597 3931 718 3978 item
757 3929 836 3978 vel
873 3943 1031 3994 augur
1053 3963 1069 3988 ,
1121 3928 1196 3976 vel

151 4012 382 4076 pontifex
402 4011 426 4059 ξ’
484 4010 589 4058 0111·
637 4025 742 4057 uno
783 4020 922 4056 arant
971 4010 1193 4057 contenti

1282 1060 1559 1111 sacerdotio
1585 1062 1625 1110 ii
1641 1097 1657 1122 ,
1680 1065 1765 1127 qui
1790 1064 1999 1113 multum
2026 1067 2161 1131 apud
2200 1067 2307 1133 ple-

1280 1139 1393 1190 bem
1420 1143 1570 1205 gratia
1600 1140 1857 1202 valebant,
1884 1146 2067 1210 quique
2093 1145 2307 1197 honores

1281 1236 1452 1269 omnes
1476 1256 1491 1280 ,
1542 1222 1805 1286 omniaque
1850 1223 2033 1273 ambire
2081 1226 2307 1275 solebant

1277 1301 1483 1365 imperia
1504 1302 1527 1348 i·
1572 1303 1669 1349 Dio
1709 1312 1873 1350 narrat
1916 1302 2007 1352 lib.
2055 1307 2303 1357 xxm.

1281 1382 1336 1429 P.
1376 1382 1633 1429 Lentulum
1678 1383 1953 1446 Spintheris
1996 1382 2152 1432 filium
2176 1420 2191 1445 ,
2248 1398 2309 1437 ut

1278 1475 1434 1523 aug-nr
1472 1460 1577 1509 fieri
1617 1472 1831 1526 posset„
1863 1461 2029 1511 datum
2067 1464 2213 1513 fuisse
2252 1466 2307 1514 iu

1278 1540 1599 1605 adoptionem
1624 1542 1815 1590 Manlio
1842 1544 2096 1607 Torquato
2118 1579 2132 1603 ,
2168 1545 2307 1608 quod.

1278 1621 1499 1683 ejusdem
1527 1622 1765 1670 Cornelia
1800 1624 1957 1686 gentis
1992 1639 2147 1688 augur
2178 1636 2307 1673 esset

1277 1704 1485 1749 Faustus
1511 1702 1659 1751 Sulla.
1680 1701 1829 1765 Quod
1845 1703 1889 1749 si
1916 1702 2129 1766 ejusdem
2150 1706 2311 1767 gentis

1280 1779 1387 1828 duo.
1405 1781 1547 1829 simul
1570 1798 1671 1830 esse
1691 1797 1793 1829 non
1819 1792 2048 1845 poterant
2074 1798 2306 1846 augures,

1277 1858 1395 1907 licet
1420 1876 1481 1908 ex
1510 1860 1713 1909 diversis
1750 1860 1847 1908 orti
1875 1862 2069 1910 familiis
2101 1878 2115 1911 ε
2144 1864 2311 1913 minus

1279 1950 1353 1988 est
1376 1938 1633 2003 probabile
1647 1973 1662 1998 ,
1682 1956 1837 1989 unum
1851 1974 1867 1999 ,
1886 1952 1937 1991 et
1956 1943 2183 1993 eumdem
2202 1944 2309 1993 duo

1278 2018 1452 2065 eodem
1485 2021 1707 2083 tempore
1726 2018 1903 2066 habere
1924 2021 2191 2069 sacerdan
2217 2039 2309 2087 po-

1277 2096 1441 2144 tuisse.
1466 2101 1690 2160 Augures
1728 2095 1959 2145 videlicet
1993 2098 2191 2147 aderant
2218 2100 2311 2149 ad-

1276 2178 1439 2224 vocati
1474 2176 1726 2225 Ciceronis
1749 2210 1765 2234 ,
1812 2176 2022 2241 ideoque
2058 2196 2101 2226 c.
2140 2180 2171 2227 6
2191 2214 2207 2241 ,
2246 2181 2309 2230 de

1275 2257 1395 2308 Har.
1429 2260 1579 2323 Resp.
1618 2281 1643 2300 ι-
1662 2256 1869 2306 maxima
1899 2258 2171 2323 frequentia
2196 2277 2307 2310 am·

1273 2335 1605 2401 plissimorum
1638 2354 1695 2386 ac
1727 2337 2195 2403 sapientissimorum
2239 2341 2311 2390 ci-

1271 2418 1409 2464 vium
1453 2417 1700 2478 adstante,
1734 2437 1757 2460 n
1791 2432 1844 2464 se
1885 2433 1981 2482 pro
2026 2419 2177 2468 domo
2220 2437 2307 2469 sna

1276 2495 1457 2546 dixisse
1476 2509 1703 2549 testatur:
1718 2513 1869 2563 quum
1890 2500 2025 2548 viros
2046 2502 2313 2567 principes,

1275 2579 1447 2642 suique
1472 2579 1814 2638 amicissimos,
1849 2580 2116 2629 advocatos
2157 2582 2310 2630 habe-

1274 2668 1350 2704 ret
1369 2692 1383 2716 ,
1433 2650 1641 2707 maxime
1683 2675 1799 2707 vero
1844 2657 1933 2708 Cu.
1980 2662 2302 2728 Pompeium,

1275 2737 1341 2798 Q.
1384 2739 1703 2786 Hortensium
1723 2776 1738 2801 ‚
1781 2739 1837 2788 C.
1883 2740 2199 2801 Marcellum,
2244 2743 2305 2791 Ρ.

1275 2815 1533 2874 Crassum,
1554 2821 1781 2866 Faustum
1804 2819 2021 2880 Sullam,
2044 2837 2172 2884 quos
2196 2837 2309 2868 om-

1274 2911 1362 2942 nes
1396 2897 1543 2943 fuisse
1582 2913 1821 2960 augures,
1860 2915 1921 2945 ex
1948 2910 2167 2946 veterum
2204 2914 2312 2946 mo-

1275 2975 1523 3022 numentis
1542 2977 1897 3040 cognoscimus.
1928 2979 2035 3024 Hos
2060 2977 2309 3041 appellat,

1275 3070 1379 3102 non
1434 3065 1681 3118 tamquam
1722 3054 1913 3115 iudices
1930 3089 1948 3116 ‚
1994 3054 2083 3102 sed
2132 3071 2305 3104 eorum

1275 3146 1450 3191 testes,
1477 3149 1586 3198 quae
1608 3132 1827 3181 dicturus
1844 3145 1988 3182 esset.
2010 3161 2079 3172 -—
2094 3135 2169 3182 De
2182 3151 2306 3199 pon·

1277 3213 1493 3262 tificibus
1510 3212 1725 3274 ejusdem
1748 3214 1923 3275 gentis,
1939 3223 1986 3260 et
2005 3213 2121 3262 loeo
2130 3215 2306 3265 Dionis

1279 3291 1481 3341 consule
1500 3292 1655 3341 celeb.
1674 3291 1928 3342 Norisium
1946 3294 2123 3343 Cenot.
2147 3295 2305 3344 Pisau.

1279 3375 1331 3421 11
1350 3405 1365 3432 ,
1405 3389 1455 3434 7.

1356 3467 1405 3500 2.
1434 3453 1553 3514 Quoe
1568 3463 1695 3514 soepe
1710 3449 1760 3497 in
1780 3451 2089 3500 concionibus
2113 3469 2307 3519 respon-

1278 3549 1337 3580 sa
1368 3543 1494 3579 sunt.
1531 3531 1689 3578 Moris
1710 3531 1837 3588 fuit,
1875 3543 1929 3579 ut
1952 3533 2038 3596 qui
2072 3534 2193 3597 qnid
2223 3549 2311 3598 per

1279 3611 1497 3676 auspicia
1516 3609 1795 3674 improbare
1823 3611 1969 3658 vellet
1984 3647 1998 3669 ,
2022 3613 2063 3658 is
2082 3627 2307 3675 augures,

1281 3702 1333 3740 et
1354 3705 1465 3739 eum
1484 3724 1500 3749 ,
1539 3691 1623 3754 qui
1651 3705 1763 3738 cum
1790 3691 2059 3754 auguribus
2086 3690 2147 3738 de
2186 3691 2309 3739 coelo

1281 3780 1499 3820 servam
1515 3804 1531 3827 ,
1556 3769 1609 3816 in
1632 3771 1922 3817 concionem
1945 3769 2215 3833 productos
2236 3771 2313 3818 in·-

1285 3860 1577 3914 terrogaret,
1600 3846 1781 3913 ecquid
1806 3847 2276 3899 animadvertissent.

1356 3931 1407 3977 3.
1434 3933 1511 3978 De
1548 3930 1673 3978 coelo
1714 3940 1959 3978 servatum
1988 3927 2066 3978 sit.
2110 3931 2313 3980 Fulmen

1283 4019 1369 4058 aut
1416 4010 1605 4059 tonitru
1652 4021 1755 4058 erat
1801 4007 2155 4060 obsecrandum
2183 4045 2199 4070 ,
2258 4021 2313 4060 ut
