2594 4537
315 276 458 349 508
999 273 1653 344 ARGUMENTU
1670 273 1767 342 M.

383 396 677 458 Laterensi
705 394 969 454 Aniensis
991 393 1176 454 tribus
1205 415 1240 453 a
1265 396 1455 455 Plotio
1472 437 1491 464 ,
1512 395 1823 454 Terentina
1850 413 1886 452 a
1914 392 2151 452 Plancio
2174 411 2439 453 concessa

387 496 560 554 fuerit
577 539 596 567 ,
613 492 806 553 alteris
826 503 1021 551 autem
1039 489 1114 550 ab
1137 503 1387 572 utroque
1416 513 1499 552 eae
1526 492 1739 552 avulsae
1766 491 1981 550 fuerint
1994 491 2197 569 >quod
2218 495 2437 550 nummi

390 593 466 650 in.
485 591 640 650 circo
675 589 956 649 Flaminio
988 587 1336 668 deprehensi
1368 589 1509 663 sint,
1546 609 1679 668 cap.
1710 608 1817 662 22.
1836 592 2135 646 Postremo
2166 587 2439 670 significat

316 703 324 706 ·
387 695 754 749 Laterensem
793 706 912 744 non
942 699 1058 745 tam
1086 687 1435 766 argumentis
1462 687 1523 746 in
1550 685 1659 746 hae
1690 685 2054 746 accusatione
2068 728 2086 758 ,
2114 705 2293 763 quam
2318 686 2437 765 opi-

387 785 496 842 bus
522 784 641 842 suis
671 797 730 843 et
772 784 958 862 gratia
991 783 1317 856 confidere,
1348 784 1669 864 praesertim
1703 803 1886 862 quum
1919 781 2188 841 Plancius
2224 783 2434 842 multos

383 879 614 938 invidos
642 893 702 938 et
727 879 1144 939 obtrectatores
1172 878 1415 954 habeat3
1438 881 1635 960 itaque
1655 879 1881 959 judices
1903 877 2206 952 obsecrat,
2239 899 2315 938 ne
2346 893 2433 938 te-

385 989 544 1036 m‘ere
571 977 736 1036 sactis
763 976 1158 1041 auditionibus
1184 977 1673 1056 disseminatoque
1704 977 1959 1036 sermoni
1986 976 2243 1035 credant.

459 1077 589 1133 Iam
625 1073 846 1132 accedit
877 1073 951 1133 ad
972 1079 1038 1134 L.
1069 1068 1290 1146 Cassii,
1326 1075 1431 1154 qui
1458 1095 1521 1134 se
1540 1074 1867 1134 accusatori
1896 1071 2355 1151 subscriptorem
2382 1071 2435 1129 in

389 1169 499 1228 hac
533 1190 707 1230 causa
734 1170 1030 1250 professus
1069 1185 1194 1230 erat
1213 1215 1232 1243 ,
1277 1171 1617 1230 orationem.
1672 1176 1731 1230 Is
1761 1176 2135 1240 Laterensem
2167 1166 2439 1227 laudibus

384 1267 702 1340 extulerat3
731 1266 893 1344 quod
921 1267 1008 1325 illi
1033 1267 1239 1327 Cicero
1269 1268 1437 1327 facile
1466 1266 1768 1339 concedit3
1808 1265 2185 1347 reprehendit
2222 1277 2437 1324 tantum

385 1362 546 1440 quod
591 1364 784 1422 inania
823 1361 1086 1441 quadam
1114 1376 1173 1422 et
1193 1364 1345 1422 levia
1374 1363 1828 1442 conquisiverit3
1870 1375 1937 1421 ut
1960 1367 2249 1421 Praeneste
2274 1359 2439 1419 ludos

381 1459 598 1533 fecisse,
614 1460 855 1538 Cyrenis
885 1458 1182 1518 liberalem
1208 1464 1269 1517 in
1294 1458 1637 1536 publicanos
1650 1503 1668 1533 ,
1684 1459 1906 1536 justum
1932 1459 1995 1516 in
2021 1457 2210 1516 socios
2236 1458 2438 1530 fuisse3

342 1609 354 1621 .
377 1557 591 1636 inque,
604 1558 935 1616 narratione
957 1555 1030 1616 de
1053 1576 1125 1616 eo
1146 1555 1288 1634 quid
1312 1555 1424 1614 sibi
1447 1575 1520 1614 ex
1540 1570 1835 1634 quaestura
1854 1555 2152 1615 Siciliensi
2174 1553 2441 1614 redeunti

381 1655 658 1714 acciderit
679 1655 1004 1735 praemissa,
1053 1654 1255 1725 docet,
1295 1655 1611 1733 plurimum
1653 1654 1943 1734 profuisse
1982 1655 2217 1713 Plancio
2236 1697 2254 1726 ,
2283 1652 2439 1732 quod

380 1771 696 1829 numquam
723 1756 910 1810 Roma
943 1749 1220 1825 abfuerit,
1249 1751 1365 1810 nisi
1396 1765 1571 1824 sorte,
1602 1751 1757 1830 lege,
1784 1751 2166 1824 necessitate;
2192 1763 2253 1810 et
2282 1749 2439 1829 quod

383 1846 716 1906 assiduitate
733 1890 749 1917 ,
771 1846 1152 1906 observandis
1178 1847 1395 1920 amicis,
1420 1846 1767 1906 liberalitate
1787 1848 2037 1906 valuerit
2050 1890 2067 1919 ,
2088 1866 2218 1925 cap.
2244 1855 2436 1919 24-27.

387 1948 686 2002 Postremo
717 1943 977 2006 Cassium
1005 1945 1250 2016 refutat,
1300 1943 1463 2021 quod
1490 1944 1588 2004 ille
1616 1963 1678 2002 se
1704 1943 1875 2002 nimis
1909 1963 2181 2022 magnum
2217 1941 2437 2001 benefi—

383 2039 536 2098 cium
567 2041 756 2100 faeere
783 2061 818 2099 a
844 2025 1079 2100 Plancio
1103 2041 1166 2099 in
1187 2060 1250 2100 se
1277 2041 1553 2099 collatum
1575 2039 1829 2114 dixerat,
1852 2059 1977 2118 cap.
2003 2041 2081 2098 28
2096 2083 2114 2113 ,
2139 2059 2234 2118 ²9·

455 2143 584 2196 Jam
612 2138 764 2197 redit
791 2138 865 2196 ad
893 2143 1286 2211 Laterensem,
1310 2157 1558 2216 eumque
1588 2138 1841 2216 primum
1861 2135 2255 2216 reprehendit,
2278 2133 2439 2215 quod

381 2233 719 2294 Ciceronem
743 2233 970 2295 dixerat
987 2278 1004 2306 ‚
1047 2255 1178 2314 quae
1205 2235 1278 2294 de
1318 2235 1554 2295 Plancio
1581 2234 1765 2308 dicat,
1814 2234 2044 2293 mentiri
2072 2247 2133 2294 et
2158 2233 2441 2313 temporis

382 2352 554 2391 causa
589 2335 802 2408 fingere
820 2377 838 2407 ,
873 2353 1000 2412 cap.
1037 2336 1132 2393 30.
1179 2334 1406 2392 Deinde
1434 2353 1568 2392 eum
1597 2334 1740 2392 nihil
1774 2335 1834 2392 in
1858 2334 2058 2413 Cispio
2090 2333 2403 2411 perfecisse
2420 2375 2437 2404 ‚

377 2450 549 2507 quem
576 2428 901 2489 defenderit
921 2472 938 2500 ‚
985 2450 1112 2508 cap.
1138 2432 1236 2487 31.
1285 2430 1511 2489 Plancii
1537 2430 1896 2489 tribunatum
1926 2430 2072 2489 nihil
2112 2428 2435 2507 adjumenti

380 2524 674 2584 Ciceronis
702 2524 968 2603 dignitati
999 2524 1256 2583 attulisse
1275 2568 1293 2598 ‚
1320 2525 1575 2603 ideoque
1600 2526 1772 2584 nimis
1799 2546 1933 2584 eum
1960 2538 2187 2604 gratum
2216 2545 2343 2585 esse
2374 2525 2435 2583 in

376 2621 703 2693 Plancium,
728 2642 778 2683 c.
809 2622 908 2694 32,
932 2622 1024 2680 33.
1043 2626 1219 2693 Tum,
1257 2637 1567 2701 postquam
1594 2622 1815 2681 leviora
1845 2622 2111 2700 quaedam
2138 2635 2198 2681 et
2223 2622 2437 2701 partim

375 2717 574 2796 inepta
599 2720 926 2777 Laterensis
951 2718 1108 2778 dicta
1135 2720 1498 2793 confutarat,
1534 2740 1661 2797 cap.
1693 2718 1767 2788 34
1788 2763 1807 2791 ,
1841 2718 2067 2777 accedit
2101 2717 2175 2778 ad
2203 2719 2437 2797 gravius

343 2813 762 2892 ,opprobrium
779 2858 796 2888 ,
842 2815 1002 2893 quod
1042 2817 1369 2875 Laterensis
1404 2816 1633 2897 dixerat
1651 2860 1669 2888 ,
1706 2836 1887 2893 quum
1928 2817 1987 2873 in
2016 2815 2283 2874 exsilium
2324 2816 2439 2874 iret

377 2912 617 2985 Cicero,
647 2932 768 2971 non
797 2913 1076 2971 auxilium
1099 2912 1212 2972 sibi
1233 2956 1250 2985 ,
1277 2912 1381 2971 sed
1410 2932 1471 2972 se
1492 2912 1711 2971 auxilio
1747 2910 2027 2985 defuisse,
2060 2931 2188 2990 cap.
2213 2911 2434 2984 35-36,

383 3023 444 3068 et
468 3024 715 3070 mortem
740 3009 1026 3083 timuisse,
1051 3029 1178 3088 cap.
1204 3010 1296 3084 37-
1326 3009 1585 3081 Deinde,
1610 3007 1789 3087 quod,
1814 3028 1995 3087 quum
2016 3008 2141 3088 ipse
2168 3028 2230 3067 se
2254 3010 2318 3066 in
2344 3029 2435 3067 re-

375 3105 610 3184 publica
632 3106 884 3166 liberum
911 3126 1034 3167 esse
1057 3108 1434 3184 gloriaretur,
1462 3106 1801 3165 Ciceronem
1830 3106 2080 3165 liberum
2108 3124 2231 3164 esse
2256 3124 2437 3183 nega-

371 3217 497 3276 rat,
528 3223 654 3282 cap.
689 3205 782 3263 38.
814 3204 1080 3283 Denique
1107 3202 1267 3281 quod
1293 3203 1513 3261 Plancii
1544 3203 1605 3259 in
1636 3222 1696 3261 se
1724 3204 1997 3262 meritum
2026 3202 2197 3261 nimis
2228 3201 2435 3260 extolli

367 3318 400 3357 a
425 3299 706 3358 Cicerone
737 3299 998 3371 dixerat,
1024 3319 1205 3379 quum
1239 3300 1296 3358 ei
1324 3319 1433 3358 nec
1460 3299 1798 3359 insidiarum
1826 3319 1935 3358 nec
1968 3298 2172 3358 mortis
2193 3298 2437 3378 pericu—

365 3396 488 3454 lum
517 3395 692 3455 fuerit
710 3440 726 3467 ,
755 3418 879 3478 cap.
905 3407 1010 3472 40,
1041 3408 1138 3467 41.

439 3496 510 3551 In
536 3495 906 3571 peroratione
927 3494 1180 3573 judices,
1220 3496 1280 3554 in
1312 3496 1514 3574 primis
1548 3495 1812 3555 Flavium
1842 3492 2213 3572 quasitorem
2257 3490 2434 3550 obte-

363 3601 570 3660 statur,
593 3603 656 3647 ut
683 3588 794 3648 sibi
815 3610 947 3649 eum
967 3604 1331 3665 conservent,
1356 3612 1463 3670 per
1487 3612 1659 3669 quem
1686 3592 1810 3670 ipse
1840 3590 1917 3649 sit
1939 3588 2271 3669 reipublicae
2294 3606 2437 3647 con·

371 3697 670 3757 servatus,
694 3706 820 3765 cap.
854 3697 949 3756 42.

437 3784 708 3840 Ceterum
745 3802 925 3860 quum
953 3783 1109 3843 inter
1135 3785 1483 3864 interpretes
1510 3785 1684 3863 hujus
1710 3784 1993 3844 orationis
2015 3784 2091 3843 de
2118 3802 2273 3842 anno
2304 3801 2433 3859 quo

365 3874 560 3933 habita
584 3878 655 3936 sit
680 3878 804 3937 haec
831 3879 1048 3953 oratic,
1069 3901 1188 3939 non
1223 3882 1533 3941 conveniat
1552 3924 1571 3950 ‚
1596 3880 1736 3940 aliis
1760 3879 1833 3939 ad
1874 3900 2005 3939 ann.
2026 3885 2099 3940 U.
2134 3879 2281 3957 698,
2306 3898 2433 3956 quo

359 3971 664 4048 Pompeius
685 3988 744 4031 et
771 3980 1004 4034 Crassus
1023 3998 1166 4037 coss.
1196 3978 1457 4051 fuerunt,
1482 3979 1607 4039 aliis
1622 3977 1693 4037 ad
1720 3998 1852 4037 ann.
1871 3980 1945 4036 U.
1966 3978 2109 4054 699,
2136 3976 2193 4035 h.
2224 3996 2279 4033 e.
2302 3978 2433 4035 Do-
