2594 4537
316 267 409 342 88
814 319 821 326 -
990 275 1780 347 ARGUMENTUM.

471 394 701 454 Etenim
725 394 990 472 quamvis
1019 408 1279 475 tempore
1303 397 1492 458 deleta
1521 399 1734 458 fuerint
1762 397 2041 478 pleraque
2061 413 2248 479 poetae
2270 400 2450 478 hujus

393 511 605 570 opera,
636 506 857 551 certum
884 505 971 552 est
1000 492 1118 554 duo
1154 515 1287 564 eum
1327 497 1580 556 carmina
1613 497 1939 575 scripsisse,
1981 518 2160 556 unum
2185 497 2258 556 de
2281 497 2445 556 bello

390 587 965 657 cnnbrioo,a1temm
988 589 1061 648 de
1081 592 1482 653 Mithridatico
1509 591 1685 667 beno,
1705 577 1804 652 u'bi
1827 595 2049 653 Lucani
2069 594 2268 654 laudes
2287 596 2448 653 ocie-

392 684 654 744 brantur.
672 685 949 746 Versibus
974 689 1147 762 etiam
1176 691 1433 758 narravit
1471 691 1611 768 quid
1646 692 1859 754 Roscio
1901 710 2087 770 puero
2117 691 2448 764 advenerit,

394 803 573 861 quum
620 779 858 863 serp'ens
895 804 1108 864 corpus
1142 786 1416 857 involvit,
1459 788 1852 866 infantemque
1895 801 2052 847 tactu
2093 789 2250 850 molli
2299 791 2446 856 lam-
2539 832 2541 850 .

394 879 569 951 bens,
607 901 681 940 ne
714 881 947 940 minime
983 883 1349 944 vulneratum
1391 885 1626 962 quidem
1669 885 1920 965 reliquit.
1955 886 2219 964 Denique
2251 885 2449 966 paullo
2541 926 2543 936 ·

391 991 524 1038 ante
543 977 826 1058 judicium
855 979 1032 1038 Tullii
1056 982 1419 1040 consulatum
1447 981 1703 1042 carmine
1731 981 2026 1041 celebrare
2051 995 2327 1062 coeperat.
2543 1041 2545 1060 Ι

472 1079 639 1134 Nunc
667 1091 909 1155 apparet
937 1091 1121 1147 certe,
1147 1099 1328 1156 quare
1358 1093 1470 1138 tam
1499 1080 1755 1139 studiose
1786 1081 2021 1151 Cicero,
2049 1081 2140 1138 vir
2171 1080 2268 1138 ille
2303 1099 2448 1138 con-
2545 1114 2547 1138 ;

394 1172 597 1231 sularis
637 1175 981 1234 clarissimus
1002 1218 1017 1244 ,
1062 1173 1394 1234 Graeculum
1429 1176 1586 1234 hunc
1627 1175 2053 1236 Antiochenum
2097 1175 2449 1234 carminibus
2547 1211 2549 1216 ·

397 1282 617 1328 tantum
674 1284 733 1328 et
780 1268 1110 1330 adulatione
1154 1285 1360 1331 notum
1408 1272 1751 1332 defenderit.
1811 1277 2314 1350 supervacaneum
2369 1285 2451 1330 est

398 1369 569 1426 etiam
598 1368 838 1447 fingere,
866 1383 929 1428 ut
949 1371 1245 1440 nonnulli,
1276 1369 1352 1429 ab
1373 1391 1446 1430 eo
1473 1371 1646 1430 fuisse
1673 1371 1998 1429 institutum
2026 1370 2316 1442 Tullium,
2343 1376 2452 1430 Ar-

393 1465 581 1523 chiam
616 1478 835 1525 tantum
864 1487 898 1526 a
926 1468 1175 1546 pueritia
1200 1469 1424 1528 Tullius
1452 1481 1717 1537 noverat,
1749 1480 1810 1527 et
1830 1489 1946 1526 uno
1968 1466 2292 1546 eodemque
2319 1469 2452 1526 lite-

394 1583 591 1621 rarum
616 1564 811 1623 studio
838 1565 983 1626 moti
1002 1608 1019 1638 ‚
1042 1565 1351 1625 amicitiam
1379 1586 1495 1625 una
1519 1567 1742 1624 firmam
1771 1565 2220 1642 conjunxerant3
2247 1563 2452 1643 procul

398 1658 581 1718 dubio
627 1661 835 1719 caritas
858 1661 957 1720 illa
985 1663 1151 1721 annis
1181 1661 1574 1738 crescentibus
1604 1661 1880 1738 invaluit,
1921 1679 2054 1718 nam
2081 1659 2262 1726 Tullii
2287 1661 2452 1723 amici

400 1777 599 1815 omnes
612 1756 841 1816 Archiae
871 1777 1107 1836 quoque
1132 1757 1296 1817 fuere
1323 1758 1522 1818 dediti.
1553 1763 1628 1817 Et
1649 1759 1774 1818 laus
1801 1757 1938 1824 inde
1961 1758 2212 1816 maxixna
2225 1757 2454 1816 Archiae

402 1855 589 1922 venit,
622 1854 782 1932 quod
810 1855 1037 1914 Tullius
1062 1856 1263 1934 graecis
1292 1856 1374 1915 ita
1394 1856 1574 1914 literis
1605 1853 1865 1924 deditus,
1895 1867 1956 1912 et
1984 1867 2099 1914 tam
2131 1854 2249 1912 acri
2271 1853 2456 1913 laudis

401 1949 593 2010 studio
619 1949 915 2030 abreptus,
934 1952 1262 2027 consulatus
1277 1953 1367 2011 sui
1395 1951 1800 2030 patrocinium,
1830 1963 1895 2010 ut
1913 1953 1990 2009 ita
2007 1951 2458 2020 dicam,Archiae

400 2048 777 2118 commiserit,
806 2062 872 2107 ut
907 2047 981 2108 ab
1009 2069 1080 2107 eo
1118 2069 1329 2127 nomen
1369 2048 1441 2107 ad
1480 2049 1676 2130 gloriae
1713 2060 2151 2106 consecraretur
2177 2047 2458 2122 aeternita·

403 2150 679 2225 tem.1psa
694 2147 880 2211 Graeci
901 2159 1091 2235 poetae
1114 2147 1399 2224 mora‚qui
1420 2157 1698 2226 patronos
1712 2145 1855 2202 alios
1876 2143 2225 2215 celebrabat,
2250 2145 2459 2212 clarius

401 2245 673 2325 apparuit
695 2244 1052 2323 quanticum
1078 2244 1304 2324 Tullius
1333 2244 1669 2321 aestimaret3
1698 2242 1790 2301 his
1813 2243 1965 2319 enirn
1987 2240 2184 2302 verbis
2216 2241 2291 2307 ad
2315 2242 2460 2302 Atti-

402 2361 537 2401 cum
572 2339 813 2423 scribit:
864 2341 1352 2423 «Epigrammatis
1393 2343 1541 2413 tuis,
1571 2361 1701 2419 quae
1741 2341 1801 2399 in
1837 2340 2146 2399 Amaltheo
2183 2340 2458 2419 posuisti,

402 2438 663 2499 contenti
707 2438 953 2509 erimus,
990 2439 1308 2515 prasertim
1346 2457 1526 2515 quum
1557 2450 1616 2495 et
1650 2436 1872 2497 Chilius
1903 2456 2010 2494 nos
2041 2437 2374 2515 reliquerit,
2404 2449 2462 2495 et

399 2536 644 2595 Archias
672 2536 819 2595 nihil
850 2536 925 2595 de
951 2555 1044 2595 me
1074 2536 1411 2616 scripserit3
1460 2556 1528 2595 ae
1559 2556 1767 2595 vereor
1793 2556 1866 2593 ne
1905 2536 2162 2595 Lucullis
2186 2536 2462 2615 quoniam

403 2652 654 2711 graecum
680 2652 888 2711 poema
917 2632 1179 2691 condidit
1194 2677 1210 2704 ,
1231 2653 1390 2691 nunc
1413 2632 1486 2692 ad
1512 2632 1876 2693 Caecilianam
1904 2630 2158 2690 fabulam
2179 2644 2402 2710 spectet
2421 2661 2460 2690 υ.

322 2716 330 2723 ’
404 2730 498 2789 Ad
524 2736 644 2788 Att.
668 2734 729 2798 1,
760 2731 849 2788 16.
886 2736 1152 2790 Attamen
1190 2744 1424 2810 poetam
1455 2731 1739 2810 impulere
1767 2728 1949 2801 verba
1990 2729 2102 2789 viri
2147 2731 2462 2813 consularis

408 2841 521 2886 tam
564 2828 773 2895 acriter
808 2838 1041 2885 carmen
1078 2827 1356 2905 petentis3
1390 2840 1448 2899 et
1487 2828 1804 2906 incoeptum
1844 2846 1994 2904 opus
2030 2839 2157 2884 erat
2189 2845 2371 2904 quum
2401 2828 2460 2885 in

400 2924 685 3003 judicium
714 2924 821 2997 fuit
850 2938 1107 2983 vocatus.
1137 2930 1259 2984 Nec
1287 2924 1498 3001 mirum
1528 2936 1675 3001 esset
1698 2924 1993 2996 Archiam,
2018 2922 2181 3001 cujus
2207 2942 2280 2982 ex
2312 2924 2462 2982 facili

410 3041 551 3080 vena
606 3021 861 3099 earmina
904 3018 1274 3100 profluebant
1294 3064 1311 3091 ,
1366 3020 1586 3103 aliquid
1632 3020 1944 3103 derepente
1982 3020 2311 3099 scripsisse,
2345 3040 2462 3099 quo

406 3118 595 3177 acrius
627 3138 761 3180 eum
784 3118 1009 3179 Tullius
1031 3118 1391 3181 defenderet.
1471 3102 1478 3111 ’

483 3278 583 3337 Lis
612 3296 684 3335 ex
704 3278 879 3357 Papia
898 3279 1023 3355 lege
1051 3290 1243 3337 ortum
1270 3276 1572 3340 habuerat.
1606 3280 1668 3337 C.
1691 3276 1904 3354 Papius
1921 3319 1939 3350 ,
1971 3274 2236 3333 tribunus
2262 3272 2464 3355 plebis,

407 3376 532 3453 lege
554 3390 825 3435 sanxerat
850 3390 917 3435 ut
946 3397 1145 3437 omnes
1166 3379 1426 3437 extranei
1453 3384 1640 3439 Roma
1669 3377 1911 3448 exirent,
1943 3374 2052 3435 nisi
2075 3374 2306 3434 civitate
2332 3376 2464 3433 fuis·

404 3486 535 3531 sent
556 3472 772 3532 donati.
798 3478 879 3532 M.
899 3476 1086 3554 Pupio
1110 3475 1316 3534 Pisone
1339 3489 1399 3535 et
1425 3475 1745 3533 M.Valerio
1767 3472 2036 3532 Messalla
2060 3491 2206 3531 coss.
2233 3472 2464 3531 Gratius

404 3569 641 3647 quidam
677 3573 769 3631 vel
800 3572 1099 3633 Gracchus
1133 3573 1411 3632 Archiam
1447 3585 1680 3651 poetam
1707 3571 1941 3630 civitate
1977 3569 2255 3629 donatum
2293 3590 2459 3629 num-

405 3684 577 3743 quam
612 3668 787 3727 suisse
810 3670 1127 3728 contendit.
1155 3654 1342 3747 Hujus
1365 3690 1594 3751 causam
1625 3668 1878 3747 suscepit
1897 3668 2139 3728 Tullius.

490 3765 663 3823 Multi
684 3764 757 3823 de
786 3766 1048 3844 praetorls
1076 3766 1310 3823 nomine
1333 3766 1434 3844 qui
1455 3764 1680 3846 judicio
1702 3776 1970 3845 praeerat,
1991 3762 2327 3821 disseruere.
2351 3760 2464 3821 Sed

407 3860 757 3920 clarissimus
770 3862 857 3920 vir
871 3863 1129 3943 Angelus
1150 3861 1369 3933 Maius,
1395 3862 1552 3922 edito
1580 3853 1948 3939 Ambrosiani
1972 3860 2292 3920 scholiastae
2313 3878 2464 3917 com-

400 3958 716 4032 mentario,
754 3958 1141 4038 deprehendit
1170 3960 1330 4020 hune
1363 3968 1672 4039 praetorem
1705 3978 1828 4019 esse
1863 3964 1936 4033 Q.
1967 3956 2302 4019 Ciceronem
2334 3974 2464 4015 ora-
