2594 4537
771 272 1539 341 PRAEFATIONES.
2022 262 2027 269 ’
2078 274 2221 349 255

95 400 310 466 omnis
331 429 380 464 ι.
412 374 670 461 Scilicet
689 393 954 483 ineptus
980 394 1104 458 fuit
1127 409 1195 459 et
1219 393 1536 483 gloriosus
1566 408 1799 482 praeter
1826 413 1967 459 rem
1994 413 2057 464 et
2083 420 2227 465 mo-

95 507 246 571 dum
285 504 579 584 Tullius,
609 501 664 566 si
697 500 764 563 in
797 500 1096 569 Sextiam
1122 522 1197 563 ea
1227 500 1519 589 repetiit,
1548 522 1693 589 quae
1722 501 1792 565 in
1819 504 2227 573 orationibus

97 634 132 675 a
157 611 374 676 reditu
401 606 714 698 proximis
743 605 877 686 jam
911 605 1347 669 inculcaverat
1376 626 1393 669 ε
1427 622 1493 669 st
1521 606 1781 695 ineptus
1816 624 1881 672 et
1906 610 2225 699 gloriosus

101 740 228 781 non
267 716 400 781 fuit
443 714 697 777 Tullius
727 735 744 777 z
781 728 936 801 ergo
987 710 1200 775 Tullii·
1235 732 1373 774 non
1410 727 1569 775 sunt
1604 714 1923 779 orationes
1958 716 2081 781 illae
2096 762 2115 801 ,
2146 719 2229 784 de

102 823 336 910 quibus
375 820 748 909 quaerimus.
787 818 912 881 Vix
941 816 1074 882 diei
1099 832 1321 905 potest
1350 815 1653 902 breviter,
1686 842 1880 907 quam
1914 821 2023 888 hie
2051 824 2231 889 falla..

105 946 202 993 tur
233 929 340 993 vir
375 926 742 1016 praelarus.
788 925 1162 990 Potuerunt
1209 944 1381 1006 esse,
1424 939 1489 988 et
1532 926 1802 990 fuerunt
1830 927 1995 993 adeo
2024 951 2232 1020 causa·

103 1033 346 1098 idoneae
365 1080 386 1115 ,
420 1048 688 1121 propter
725 1054 888 1120 quas
921 1028 1498 1095 commemoranda
1526 1029 1637 1095 hio
1670 1050 1885 1098 essent
1918 1032 2091 1124 apud
2118 1039 2231 1118 ju·

103 1140 266 1205 dices
287 1188 310 1221 ,
350 1162 520 1228 quos
567 1161 778 1203 causae
808 1138 1094 1203 fautores
1126 1137 1320 1202 vellet
1354 1134 1609 1202 efficere
1624 1186 1644 1220 ,
1674 1138 1851 1228 apud
1886 1158 2195 1208 coronam
2212 1190 2233 1228 ,

105 1270 291 1333 quam
323 1247 449 1311 sibi
477 1245 822 1311 conciliare
845 1260 1148 1333 cuperet,
1172 1267 1282 1327 ea,
1307 1266 1451 1333 quae
1472 1244 1669 1309 rebus
1691 1246 2063 1311 recentibus
2087 1250 2234 1339 plus

104 1352 292 1416 semel
312 1350 450 1431 jam
473 1348 741 1433 dixerut,
771 1350 846 1413 in
873 1348 1054 1414 Urbe
1083 1350 1435 1438 praesertim
1463 1350 1553 1413 ita
1582 1348 1775 1439 plena
1806 1353 2105 1417 omnium
2132 1375 2238 1419 or-

105 1456 330 1523 dinum
353 1456 736 1521 hominibus
753 1502 774 1538 ,
795 1472 874 1521 ut
899 1478 1024 1521 nee
1043 1457 1212 1520 intra
1237 1478 1485 1545 paucos
1516 1455 1653 1521 dies
1668 1498 1691 1539 ,
1724 1456 1915 1521 nianis
1949 1459 2232 1524 multum

106 1562 227 1627 dixi
247 1612 268 1647 ,
317 1586 442 1629 nec
490 1564 662 1627 intra
715 1562 944 1627 horam
966 1610 986 1648 ,
1025 1562 1272 1627 nedum
1314 1563 1485 1627 intra
1526 1586 1812 1648 annum,
1854 1564 2119 1630 eosdem
2168 1566 2237 1631 in

107 1671 418 1735 concione
443 1668 698 1733 adstare
723 1666 1024 1733 homines
1041 1716 1060 1751 ,
1088 1689 1319 1733 eorum
1336 1715 1357 1751 ,
1384 1690 1531 1757 quae
1562 1670 1897 1759 superiore
1927 1690 2103 1736 anno
2130 1694 2241 1739 au⁴

109 1773 386 1857 dierant,
421 1793 746 1839 memores
761 1821 783 1856 ,
810 1773 1108 1839 arbitrari
1139 1775 1345 1839 liceat.
1384 1774 1637 1840 Deinde
1666 1774 1899 1842 habuit
1920 1774 2049 1843 hoe
2068 1778 2242 1844 inter

112 1880 333 1945 multas
379 1900 777 1967 magnasque
827 1878 1100 1945 virtutes
1136 1878 1391 1943 Tullius
1412 1921 1433 1962 ,
1467 1897 1851 1970 utmagnus
1884 1900 2053 1949 esset
2088 1904 2241 1949 sua-

113 2004 244 2049 rum
275 2006 502 2051 rerum
533 1982 938 2073 praedieator,
969 1982 1050 2047 de
1077 2005 1214 2071 quo
1237 1983 1290 2048 si
1318 1978 1465 2071 quis
1490 1982 1745 2049 dubitet
1760 2028 1781 2063 ,
1814 1986 1995 2051 illum
2025 1990 2241 2079 legere

107 2090 356 2167 jubeam
387 2091 606 2178 ips-um
641 2090 928 2177 primum
965 2104 1161 2178 caput
1193 2088 1527 2152 Ciceronis
1558 2088 1641 2151 ab
1678 2088 1939 2154 Andrea
1968 2093 2241 2159 Schotto

113 2195 442 2261 vindicati:
475 2196 594 2261 sed
615 2210 940 2284 nusquam
965 2194 1174 2284 magis
1217 2193 1301 2259 de
1339 2214 1409 2259 se
1434 2192 1833 2283 praedicavit,
1868 2216 2064 2285 quam
2092 2216 2243 2289 post

115 2301 282 2366 illum
298 2301 1038 2368 honorificentissimum
1071 2301 1154 2366 ab
1204 2300 1428 2365 exsilio
1474 2299 1781 2364 reditum,
1821 2301 1971 2390 Ipse
2002 2304 2072 2368 in
2114 2305 2244 2372 hoc

118 2431 218 2472 -se
247 2425 430 2498 spem
463 2407 801 2490 fefellisse,
839 2407 930 2472 ait
971 2407 1162 2496 (Div.
1185 2408 1241 2489 1,
1265 2405 1387 2494 9),
1424 2427 1557 2470 non
1594 2405 1793 2472 modo
1826 2408 2199 2477 invidorum
2220 2459 2241 2495 ,

118 2513 218 2578 sed
263 2514 460 2580 etiam
495 2514 910 2599 inimieorum·
947 2536 1288 2579 suorum...
1337 2514 1453 2602 qui
1498 2513 1861 2603 cogitarent
1898 2517 1984 2580 ab
2018 2521 2242 2584 exsilio

119 2619 448 2700 abjectiore
485 2621 670 2686 illum
703 2619 922 2684 anirno
957 2621 1256 2686 futurum
1277 2655 1313 2703 ,·
1334 2641 1543 2708 quum
1578 2622 1943 2710 respublica
1958 2669 1977 2706 ,
2007 2627 2245 2714 inquit,

121 2727 416 2807 majorem
453 2727 644 2792 etiam
679 2725 841 2790 mihi
876 2727 1171 2790 animum
1195 2774 1214 2808 ,
1248 2749 1445 2815 quam
1476 2749 1793 2815 umquam
1828 2727 2201 2799 habuissem
2220 2779 2241 2816 ,

121 2831 284 2898 daret
302 2880 322 2915 ,
371 2855 518 2920 quae
561 2831 944 2898 declarasset
962 2877 981 2914 ,
1023 2854 1094 2896 se
1136 2855 1276 2896 non
1319 2833 1613 2920 potuisse
1647 2857 1755 2897 me
1795 2857 1936 2899 uno
1964 2838 2104 2901 cive
2135 2861 2243 2902 ca·-

123 2957 278 3022 rere,
337 2953 460 3002 etc.
485 2969 512 2994 υ
564 2937 747 3003 Nihil
795 2937 996 3026 igitur
1041 2936 1216 3001 firmi
1261 2953 1363 3001 est
1408 2938 1476 3001 in
1522 2938 1659 3018 his,
1706 2961 1852 3026 quae
1888 2943 2241 3008 universim

123 3061 331 3109 contra
370 3043 566 3110 fidem
601 3043 839 3108 harum
877 3043 1250 3108 orationum
1285 3042 1456 3108 dicta
1492 3058 1668 3107 sunt.

197 3149 270 3218 V·
309 3150 439 3222 Sed
475 3149 963 3219 consideremus
999 3149 1305 3239 deinceps
1336 3147 1707 3239 singulatim
1724 3195 1749 3232 ,
1788 3171 1933 3238 quae
1964 3151 2243 3241 speciem

123 3253 342 3323 habere
372 3257 654 3346 aliquam
683 3255 1020 3339 videntur,
1063 3257 1250 3322 initio
1285 3263 1476 3345 capto
1510 3254 1595 3319 ab
1640 3277 1715 3319 ee
1731 3304 1749 3332 ‚
1788 3275 1986 3344 quam
2028 3258 2095 3322 in
2142 3283 2275 3326 se·-

125 3378 266 3427 natu
295 3363 562 3445 habuit,
599 3385 746 3451 quse
780 3375 1018 3451 nempe
1053 3363 1247 3427 etiam
1275 3363 1441 3427 MSS
1476 3360 1917 3449 quorumdam
1970 3363 2249 3450 indicio,

125 3486 338 3552 praeter
381 3468 622 3534 indicia
661 3470 786 3534 alia
803 3515 822 3552 ,
855 3467 1216 3558 praecedere
1261 3467 1526 3532 alteram
1572 3465 1657 3530 ad
1701 3467 1991 3551 Quirites
2032 3471 2246 3540 debet.

126 3572 292 3639 Hane
318 3575 386 3640 in
433 3591 670 3640 senatu
701 3575 1062 3641 orationem
1099 3575 1180 3640 de
1210 3575 1455 3663 scripto
1489 3598 1525 3638 a
1565 3596 1635 3638 se
1674 3573 1911 3640 dieoem
1934 3619 1951 3654 ,
1981 3595 2252 3666 propter

128 3681 626 3770 magnitudinem
659 3681 796 3762 rei,
839 3683 980 3770 ipse
1013 3681 1248 3764 refert,
1293 3681 1433 3745 sine
1483 3678 1688 3744 dubio
1737 3698 2007 3770 propter
2046 3683 2250 3748 multa

131 3788 378 3852 nomina
411 3807 677 3870 eorum,
719 3787 961 3876 quibus
993 3787 1226 3878 gratias
1259 3809 1451 3876 agere
1474 3783 1861 3852 decreverat.
1892 3787 2105 3853 Tanto
2130 3811 2250 3854 au-

129 3887 436 3958 daciorem
467 3895 670 3958 fuisse
701 3911 962 3982 oportet
1005 3892 1542 3975 declamatorem,
1581 3893 1635 3956 si
1671 3893 1817 3982 quis
1852 3917 2053 3984 parvo
2086 3895 2251 3962 adeo

130 4015 162 4056 a
186 3996 375 4062 Tullii
411 4016 624 4063 morte
657 3999 993 4065 intervallo
1025 3999 1345 4080 subjicere
1378 3999 1563 4064 aliam
1594 3999 1655 4064 ei
1684 4021 1881 4066 ausus
1913 4003 2017 4070 sit.
