2594 4537
231 267 372 348 422
867 267 964 334 Μ.
1016 267 1094 334 Τ.
1147 265 1733 334 CICERONIS

231 409 400 458 cum
441 385 768 484 projecta
817 383 1128 482 quadam
1169 401 1242 460 et
1277 385 1627 458 'effrenata
1662 381 2073 482 cupiditate.
2106 387 2381 454 Monu-

229 511 562 570 mentum
603 498 735 570 iste
773 521 1209 595 numquam,
1245 513 1374 570 aut
1412 496 1839 595 religionem
1886 492 2107 566 ullam
2158 517 2380 566 exco-

229 609 516 706 gitavit3
548 606 876 680 habitare
919 607 1076 680 laxe
1121 624 1195 682 et
1229 605 1609 706 magnifice
1638 607 1906 693 voluit,
1946 602 2277 702 duasque
2306 619 2385 676 et

229 724 562 819 inagna,
581 733 656 792 et
679 717 964 792 nobiles
1001 717 1264 792 domos
1300 720 1763 816 conjungere.
1788 713 2067 788 Eodem
2096 730 2383 814 puncto

227 831 619 928 temporie,
657 855 810 927 quo
851 855 1054 902 meus
1092 829 1445 902 discessus
1498 830 1617 900 isti
1666 851 1949 898 causam
1990 825 2205 897 caedis
2245 825 2381 896 eri·

229 943 424 1039 puit,
457 965 498 1012 a
521 945 612 1034 Q.
637 944 802 1014 Seio
820 950 842 986 ¹
877 941 1288 1028 contendit,
1331 956 1412 1014 ut
1438 939 1575 1015 sibi
1602 940 1903 1012 domum
1924 947 1953 980 ²
1988 935 2377 1008 venderet:

228 1075 462 1148 quum
499 1052 616 1124 ille
653 1051 728 1123 id
775 1068 1110 1150 negaret,
1160 1053 1400 1150 primo
1452 1077 1529 1124 se
1585 1047 1980 1122 luminibus
2020 1046 2180 1143 ejus
2220 1070 2379 1118 esse

229 1161 778 1234 obstructurum
823 1164 1255 1235 minabatur.
1310 1161 1738 1236 Affirmabat
1786 1154 2224 1239 Postumus³
2248 1211 2269 1244 ‚
2302 1180 2379 1228 se

225 1273 430 1361 viv0,
485 1272 677 1344 illam
713 1273 1023 1346 domum
1055 1275 1258 1348 istius
1300 1295 1701 1371 numquam
1730 1267 2070 1342 futuram.
2106 1271 2379 1340 Acutus

225 1381 650 1456 adolescens
703 1409 794 1458 ex
848 1387 1076 1484 ipsius
1125 1407 1465 1460 sermone
1512 1381 1914 1466 intellexit,
1971 1377 2151 1478 quid
2220 1375 2377 1450 fleri

225 1509 634 1592 oporteret;
660 1495 1033 1568 hominem
1061 1520 1351 1568 veneno
1382 1494 1827 1592 apertissime
1846 1490 2175 1577 sustulit3
2204 1489 2379 1560 emit

224 1605 551 1696 domum,
569 1606 1042 1678 licitatoribus
1059 1605 1463 1703 defatigatis
1478 1604 1533 1692 4,
1551 1627 1781 1702 prope
1798 1599 2103 1673 dimidio
2118 1601 2375 1688 carius,

223 1741 444 1813 quam
481 1714 900 1788 aestimabat.
933 1721 1307 1810 Quorsum
1330 1717 1551 1813 igitur
1567 1715 1721 1786 haec
1754 1714 1985 1786 oratio
2013 1711 2375 1810 pertinet?

223 1830 505 1898 Domus
531 1850 694 1898 mea
723 1825 838 1900 illa
854 1850 1088 1926 prope
1117 1841 1270 1900 tota
1302 1851 1527 1900 vacua
1556 1840 1664 1898 est
1682 1822 1747 1913 ⁵3
1774 1824 1894 1893 vix
1918 1846 2083 1920 pars
2110 1820 2369 1892 aedium

290 2019 473 2065 xuv.
499 2033 544 2067 1.
572 2019 635 2082 Q.
657 2018 783 2067 Seio.
807 2019 1060 2068 Postumo.

295 2113 345 2146 2.
364 2095 496 2158 Alii,
512 2110 610 2148 «ut
631 2099 698 2162 Q.
721 2101 1001 2147 Postumius
1027 2117 1067 2149 s.
1084 2100 1137 2149 d.
1161 2115 1212 2149 v.
1227 2121 1250 2142 ι

217 2181 264 2226 J.
286 2179 350 2226 V.
379 2180 435 2228 1..

291 2257 340 2307 3.
365 2256 462 2305 Alii
478 2293 493 2318 ,
521 2257 820 2307 Postumius.

293 2346 345 2393 4.
363 2336 682 2402 Deftuigatis.
695 2338 752 2383 In
772 2338 1000 2385 auctione
1020 2338 1177 2386 victis.

288 2416 338 2465 5.
365 2419 526 2480 Prope
560 2426 666 2463 tota
701 2432 872 2463 vacua
915 2428 1001 2466 est.
1033 2414 1248 2465 Vacunh

1344 2017 1587 2082 porticum
1628 2016 1691 2064 ab
1734 2015 1882 2063 altera
1924 2025 2065 2079 parte
2105 2012 2373 2076 attingebat

1342 2095 1595 2145 Ciceronis
1614 2093 1805 2142 domus.
1834 2095 2007 2156 Itnque
2032 2090 2247 2141 Clodius
2276 2090 2371 2138 dis-

1338 2177 1458 2238 jecit
1492 2185 1866 2224 monumentum
1890 2171 2081 2233 catuli,
2112 2170 2371 2235 quamdam

1344 2257 1489 2307 etiam
1530 2256 1723 2305 illarum
1767 2255 1947 2305 aedium
1996 2264 2189 2319 partem
2206 2287 2220 2311 ‚
2265 2267 2371 2317 que

1340 2337 1595 2387 Ciceronis
1640 2338 1855 2393 suerunt,
1892 2345 1945 2382 et
1978 2349 2137 2381 aream
2172 2330 2373 2396 praecla-

1338 2432 1439 2465 nm
1460 2432 1613 2479 quum
1628 2414 1857 2473 baberet,
1884 2428 2063 2461 novam
2085 2414 2193 2476 ipse
2216 2412 2371 2476 poni·

224 2495 477 2545 Ciceronis
503 2494 706 2543 domum
741 2494 932 2543 idcirco
966 2496 1068 2543 dici
1105 2506 1248 2560 putat

219 2574 475 2621 Manutius
494 2605 510 2630 ‚
538 2571 672 2637 quod
705 2588 812 2619 eum
851 2572 1058 2621 Clodius
1085 2575 1246 2640 possi·

221 2652 338 2699 dere
372 2666 517 2698 ansus
556 2666 660 2698 non
687 2652 778 2709 sit,
824 2664 884 2701 ut
906 2669 1014 2716 cap.
1044 2660 1104 2709 41
1130 2655 1248 2720 legi·

219 2742 315 2779 tur.
343 2732 529 2777 Verum
571 2746 732 2794 neque
771 2730 835 2779 ad
873 2746 1210 2797 argumentum
1230 2771 1245 2796 ,

221 2808 360 2873 quod
390 2818 728 2873 pertractatur,
747 2810 844 2858 hoc
871 2812 1114 2874 pertinere
1143 2814 1247 2864 ullo

221 2887 374 2936 modo
417 2898 609 2954 potest,
657 2904 816 2953 neque
861 2906 972 2937 cum
1017 2891 1100 2951 iis,
1135 2910 1245 2956 quae

221 2978 492 3032 sequuntur
509 3002 526 3027 ,
561 2978 694 3016 recte
733 2984 1002 3033 congruere
1021 3004 1036 3029 ,
1065 2971 1108 3018 si
1145 2982 1244 3019 tota

221 3037 298 3095 res
318 3048 590 3096 accuratius
607 3048 951 3112 perpendatur.
976 3050 1248 3100 Contendit

220 3138 414 3188 orator,
444 3127 798 3177 dedicationem
837 3127 970 3177 illam
997 3145 1026 3177 ι
1068 3128 1248 3179 Clodio

218 3206 540 3273 excogitatam
600 3208 778 3269 fuisse,
838 3224 942 3256 non
997 3208 1248 3273 religionis

217 3302 400 3347 gausa,
433 3286 522 3334 sed
562 3286 676 3349 quin
723 3286 983 3337 «habitare
1023 3287 1160 3347 laxe,
1199 3300 1250 3337 et

218 3364 473 3429 magnifice
497 3364 681 3425 voluit,
709 3366 928 3430 duasque
952 3378 1000 3415 et
1026 3384 1248 3433 magnas,

222 3456 273 3493 et
311 3442 504 3493 nobiles
543 3444 724 3493 domos
753 3447 1052 3509 conjungere
1071 3462 1124 3497 n:
1169 3464 1250 3495 ex-

220 3525 372 3589 plieat
396 3536 558 3573 autem
583 3524 862 3588 sigillatim,
900 3543 1002 3590 quo
1028 3538 1174 3591 pacto
1193 3528 1249 3579 id

217 3604 396 3653 fectum
417 3604 496 3651 sit.
521 3602 776 3653 Clodianis
807 3604 998 3652 aedibus
1022 3604 1244 3668 proxim·

213 3694 316 3731 erat
368 3682 546 3732 domus
591 3686 660 3746 Q.
714 3684 812 3733 seii
865 3699 894 3730 a
946 3686 1002 3733 P.
1059 3684 1242 3735 Clodio

216 3772 409 3825 empta:
441 3779 544 3811 non
581 3762 714 3811 enim
752 3762 996 3826 potuisset
1033 3762 1116 3811 ille
1147 3766 1244 3813 Seii

215 3842 448 3891 fenestras
487 3840 780 3892 aedificando
815 3842 1069 3893 obstruere
1084 3879 1100 3903 ,
1149 3845 1246 3895 nisi

215 3919 437 3983 proxime
464 3920 748 3969 habitasset.
787 3924 904 3970 Post
935 3926 1003 3985 Q.
1030 3924 1128 3971 Seii
1157 3924 1246 3972 do·

213 4012 346 4044 mum
365 4000 586 4061 porticus
603 4010 702 4047 erat
730 4000 911 4063 catuli,
926 4002 1240 4065 eamdemque

1340 2512 1453 2543 cum
1497 2494 1767 2549 exstruxit,
1819 2492 2165 2555 dedicavitque
2206 2491 2369 2539 Liber·

1338 2577 1470 2623 tati:
1506 2574 1599 2621 «in
1644 2572 1833 2620 Palatio
1878 2570 2214 2637 pulcherrimo
2262 2586 2373 2634 pro·

1336 2667 1536 2719 spectu,
1576 2665 1711 2701 etc.»
1755 2650 1866 2699 laxe
1890 2649 2126 2697 nimirum
2150 2648 2369 2697 habitare

1339 2732 1527 2794 voluit,
1570 2743 1623 2780 nt
1668 2730 1852 2779 dictum
1898 2740 1987 2777 est.
2040 2730 2173 2777 Hinc
2220 2742 2369 2792 porro

1337 2829 1482 2861 nemo
1506 2813 1721 2877 ignorat,
1754 2826 1851 2873 qua
1888 2809 2080 2857 ratione
2116 2810 2369 2869 sejanum,

1336 2904 1383 2941 et
1401 2892 1703 2948 Tullianum,
1750 2906 1948 2955 magnus
1974 2899 2023 2937 et
2060 2888 2253 2935 nobiles
2282 2888 2367 2935 do-

1334 2989 1442 3020 mos
1467 2971 1813 3031 conjunxerit,
1851 2985 2005 3034 quum
2042 2969 2205 3015 media
2244 2968 2369 3017 inter

1334 3062 1591 3113 utramque
1616 3049 1837 3113 porticus
1864 3059 1991 3097 esset
2028 3063 2056 3094 a
2090 3050 2149 3096 Ρ.
2184 3047 2367 3099 Clodio

1335 3141 1596 3179 exstructa.
1610 3130 1707 3179 Sed
1715 3128 1813 3189 jam
1834 3138 1885 3177 et
1901 3128 1967 3175 sd
1981 3126 2192 3175 alterum
2206 3126 2369 3177 locum

1335 3210 1631 3275 aggredior:
1668 3232 1695 3250 «ι
1712 3207 1891 3259 donnus
1928 3224 2037 3255 mee
2082 3208 2171 3255 illa
2212 3224 2369 3273 prope

1338 3300 1441 3337 tota
1481 3306 1632 3337 vacua
1666 3300 1823 3347 est»,
1866 3304 1969 3337 non
1996 3288 2233 3352 impedita
2261 3288 2371 3337 reli·

1338 3370 1499 3433 gione,
1524 3385 1682 3433 neque
1700 3384 1791 3433 per
1810 3365 2099 3433 pontificem
2122 3368 2368 3419 dedicata:

1336 3451 1572 3497 rationem
1610 3464 1811 3513 quoque
1848 3447 2009 3495 statim
2047 3448 2225 3507 affert,
2248 3448 2369 3495 «vix

1334 3544 1449 3593 pars
1474 3528 1657 3576 aedium
1680 3544 1897 3577 mearum
1917 3527 2105 3576 decima
2124 3528 2191 3575 ad
2208 3528 2369 3577 catuli

1336 3609 1581 3671 porticum
1634 3608 1841 3657 accessit
1862 3630 1905 3655 υ.
1954 3612 2075 3657 uae
2112 3624 2229 3673 pars
2266 3620 2368 3659 tnn-

1334 3686 1591 3737 tummodo
1640 3699 1691 3739 et
1736 3688 1965 3752 religioni
2018 3700 2217 3753 poterat
2268 3704 2369 3737 ense

1332 3766 1579 3826 obnoxia,
1598 3778 1648 3815 et
1674 3783 1737 3815 au
1760 3780 1926 3832 posset
1944 3768 2169 3827 restitui,
2194 3784 2367 3826 necne,

1332 3862 1627 3909 cognoscere
1664 3846 1929 3911 pontifices
1970 3846 2262 3897 debebant.
2294 3864 2367 3897 re·

1330 3924 1462 3988 liqut
1488 3927 1619 3975 euim
1648 3926 1848 3985 domus,
1882 3944 2031 3991 quem
2070 3927 2237 3975 alieno
2274 3942 2365 3975 no·

1332 4005 1461 4053 mine
1486 4006 1549 4055 ab
1570 4007 1707 4055 hasta
1733 4016 1949 4070 emptam
1974 4006 2182 4056 Clodius
2210 4008 2363 4071 poesi-

2003 4166 2034 4185 O
