2594 4537
318 238 2450 268 mmmmm—*mmmmm*

809 454 894 554 E
922 452 1134 556 XC
1172 449 1468 555 URS
1505 426 1695 553 U'S
1796 432 1960 552 VI

705 654 1294 736 GASPARIS
1347 652 2048 734 GARATONII

652 832 728 879 Ad
753 848 809 879 ea
834 832 975 904 rerba
996 832 1239 879 Ciceronis
1254 864 1271 887 ‚
1295 840 1415 878 orat.
1439 846 1530 893 pro
1549 832 1638 879 Cn.
1661 828 1857 876 Plancio
1872 863 1888 883 ‚
1907 844 2014 891 cap.
2033 826 2124 885 3⁴2

366 980 441 1035 Te
463 973 667 1033 alebas
691 976 765 1032 de
797 977 912 1035 tuis
942 977 1105 1033 rebus
1133 976 1314 1052 gestis
1347 977 1538 1031 nullas
1559 976 1758 1031 literas
1795 973 2019 1031 misekse
2032 1014 2056 1043 ,
2089 976 2257 1049 quod
2283 973 2435 1029 mila·

649 1091 797 1131 meoe
812 1114 837 1144 ,
878 1092 1024 1149 quas
1048 1074 1133 1129 ad
1150 1074 1407 1149 aliquem
1433 1073 1744 1142 misissem,
1777 1068 2103 1141 obficissent.

405 1392 787 1459 Scholiastes
820 1416 836 1459 t
885 1422 911 1447 κ
930 1390 1260 1481 Significat
1313 1392 1651 1481 epistolam
1699 1413 1835 1456 non
1891 1388 2295 1455 mediocrem
2315 1438 2336 1471 ,
2381 1388 2466 1452 ad

316 1499 520 1563 instar
552 1498 934 1581 voluminis,
976 1520 1173 1585 quam
1212 1496 1529 1585 Pompeio
1575 1498 1644 1559 in
1691 1497 1912 1561 Asiam
1957 1496 2040 1560 de
2077 1495 2283 1559 rebus
2329 1496 2464 1558 suis

316 1606 385 1669 in
407 1606 755 1669 consulatu
786 1605 981 1694 gestis
1012 1604 1275 1667 miserat
1299 1602 1560 1685 Cicero,
1593 1602 1959 1691 aliquanto,
1993 1620 2070 1666 ut
2091 1601 2460 1682 videbatur,

314 1711 697 1774 insolentius
740 1710 1038 1797 scriptam
1064 1754 1083 1789 ,
1116 1725 1216 1771 'ut
1247 1708 1543 1796 Pompeii
1579 1708 1990 1773 stomachum
2036 1728 2172 1771 non
2221 1707 2464 1771 medio-

314 1818 507 1882 criter
534 1830 1007 1881 commoveret:
1046 1814 1229 1903 quod
1254 1814 1536 1903 quadam
1575 1814 1958 1904 superbiore
1974 1814 2286 1894 jactantia
2319 1837 2458 1877 om-

314 1904 507 1985 nibus
539 1943 609 1986 se
636 1922 931 2010 gloriosis
967 1919 1243 1985 ducibus
1278 1936 1720 2008 anteponeret.
1739 1922 1882 1985 Hoc
1915 1920 2116 2009 igitur
2147 1921 2293 1983 vult
2325 1943 2460 1985 esse

316 2042 669 2115 purgatum
693 2075 712 2108 ,
746 2025 970 2091 dicens
990 2074 1009 2107 ,
1056 2027 1390 2091 nuntiasse
1439 2029 1556 2092 Cn.
1594 2026 1911 2115 Pompeio
1943 2027 2166 2114 patriae
2207 2048 2462 2090 conser-

316 2133 646 2196 vationem
671 2180 688 2214 ,
735 2154 858 2195 nec
908 2133 1255 2197 inscienter
1305 2131 1388 2196 de
1419 2133 1768 2220 semetipso
1802 2132 2168 2222 gloriatum.
2209 2131 2460 2195 Obfue-

314 2255 473 2302 runt
506 2252 725 2302 autem
763 2259 833 2301 re
866 2259 1057 2302 vera:
1092 2258 1241 2302 nam
1276 2236 1371 2302 sic
1407 2237 1716 2303 effectum
1747 2254 1882 2320 est,
1913 2253 1991 2301 ut
2015 2236 2080 2301 ei
2105 2236 2458 2326 Pompeius

316 2360 545 2410 contra
577 2339 955 2409 Clodianam
994 2343 1124 2408 vim
1177 2366 1313 2408 non
1350 2345 1926 2433 patrocinaretur».
1946 2343 2290 2408 Manutius
2331 2343 2456 2408 illas

312 2449 395 2513 ad
428 2451 815 2538 Pompeium
848 2450 1114 2538 scriptas
1146 2449 1345 2514 fuisse
1377 2451 1589 2514 literas
1629 2467 1802 2514 recte
1833 2447 2316 2538 suspicabatur.
2339 2447 2468 2513 Sed-

314 2555 475 2618 nihil
522 2553 890 2644 suspicione
931 2578 1097 2643 opus
1134 2579 1273 2620 esse
1306 2557 1533 2620 Cicero
1569 2556 1706 2643 ipse
1758 2553 2035 2619 declarat
2077 2578 2204 2644 pro
2250 2555 2454 2630 Sulla,

313 2683 452 2747 cap.
490 2664 615 2736 24:
650 2660 815 2723 «Hic
852 2676 927 2724 tu
964 2661 1303 2748 epistolam
1344 2683 1554 2724 meam
1593 2684 1761 2749 saepe
1802 2661 2068 2742 recitas,
2102 2683 2306 2748 quam
2346 2685 2455 2750 ego

314 2765 398 2830 ad
430 2767 549 2830 Cn.
583 2765 970 2854 Pompeium
1010 2764 1091 2830 de
1126 2767 1285 2830 meis
1330 2767 1527 2830 rebus
1565 2767 1793 2854 gestis,
1833 2783 1900 2830 et
1940 2766 2023 2830 de
2061 2789 2324 2830 summa
2371 2791 2456 2830 re·

313 2871 573 2962 publica
610 2870 722 2960 (ita
751 2871 897 2937 cod.
936 2875 1151 2937 Bavar.
1180 2895 1316 2936 non
1356 2872 1535 2960 reip.)
1568 2872 1712 2936 misi
1733 2905 1779 2937 n.
1819 2873 1952 2956 Qui
1995 2895 2168 2960 soepe
2205 2895 2454 2937 summa

316 2979 687 3067 eloquentia
706 3001 819 3042 ‚res
862 3001 1011 3042 suas
1058 2995 1265 3068 gestas
1305 2979 1636 3062 extulerit,
1685 2977 1981 3045 videatur
2021 3003 2183 3046 sane
2235 2981 2308 3043 in
2357 2979 2456 3042 illa

314 3086 506 3148 etiam
536 3083 807 3174 epistola
838 3085 1157 3173 gloriosus
1188 3085 1420 3149 fuisse:
1447 3071 1846 3173 quamquam
1873 3101 1948 3149 ut
1974 3084 2238 3174 longior
2261 3101 2454 3166 esset,

316 3213 417 3254 res
450 3190 602 3278 ipsae
647 3191 1045 3278 poscebant:
1099 3189 1278 3254 haud
1318 3207 1534 3254 tamen
1569 3191 1690 3272 ita,
1727 3207 1804 3255 ut
1846 3191 1982 3255 ullo
2017 3189 2225 3255 modo
2267 3191 2455 3256 Pom·

315 3299 535 3385 peium
563 3293 967 3376 offenderet,
1005 3295 1356 3360 «omnibus
1399 3318 1436 3359 a
1466 3319 1535 3359 se
1564 3296 1812 3383 pictum
1833 3343 1852 3378 ,
1890 3313 1957 3360 et
1989 3296 2274 3386 politum
2309 3298 2452 3360 artis

314 3403 721 3486 coloribus»,
760 3419 839 3466 ut
879 3402 969 3466 ait
1003 3401 1086 3466 ad
1119 3402 1452 3484 Atticum,
1500 3402 1601 3483 11,
1639 3425 1716 3466 21
1740 3451 1759 3485 ,
1801 3401 2028 3483 «cujus
2067 3401 2150 3466 ad
2189 3404 2452 3491 gloriam

312 3506 675 3598 augendam
705 3524 889 3572 tanto
926 3505 1147 3570 studio
1180 3529 1250 3572 se
1276 3507 1612 3590 dederat»,
1647 3524 1724 3571 ut
1768 3529 1919 3571 eum
1959 3507 2040 3590 Q
2073 3509 2277 3572 frater
2315 3531 2450 3572 mo·

312 3616 529 3680 nuerit
560 3637 699 3703 cap.
734 3617 777 3692 4
823 3611 1221 3678 adversarios
1269 3615 1358 3678 ob
1401 3613 1472 3679 id
1515 3615 1584 3678 in
1631 3615 1948 3704 petitione
1981 3613 2362 3679 consulatus
2399 3615 2449 3678 ei

315 3723 449 3785 non
488 3719 865 3784 defuturos:
900 3719 1008 3784 cui
1046 3718 1330 3808 denique
1367 3720 1477 3783 illo
1504 3721 1650 3810 ipso
1680 3737 1972 3810 tempore
1995 3720 2237 3785 consul
2263 3743 2450 3807 «sup-

316 3827 725 3911 plicationem
744 3873 763 3906 ,
790 3825 1091 3888 confecto
1127 3825 1300 3889 bello
1337 3824 1854 3909 Mithridatico»,
1893 3843 1964 3890 ut
1986 3848 2040 3889 c.
2069 3849 2096 3889 1
2117 3848 2142 3888 1
2169 3823 2254 3889 de
2271 3826 2448 3889 Prov.

319 3929 569 3992 consul.
612 3929 767 3993 dicit
801 3929 1307 4019 «duplicatam»,
1346 3931 1412 3996 h.
1451 3955 1506 3997 e.
1531 3931 1787 4014 dierum
1813 3929 2044 4022 duplo,
2074 3955 2274 4020 quam
2307 3931 2452 3996 sole-
