<?xml version="1.0" encoding="UTF-8"?>
<!DOCTYPE html PUBLIC "-//W3C//DTD XHTML 1.0 Transitional//EN"
    "http://www.w3.org/TR/xhtml1/DTD/xhtml1-transitional.dtd">
<html xmlns="http://www.w3.org/1999/xhtml" xml:lang="en" lang="en">
 <head>
  <title>
</title>
<meta http-equiv="Content-Type" content="text/html;charset=utf-8" />
  <meta name='ocr-system' content='tesseract 3.04.00' />
  <meta name='ocr-capabilities' content='ocr_page ocr_carea ocr_par ocr_line ocrx_word'/>
</head>
<body>
  <div class='ocr_page' id='page_1' title='image "./mtciceronisquae05lemagoog_0603.png"; bbox 0 0 2594 4537; ppageno 0'>
   <div class='ocr_carea' id='block_1_1' title="bbox 498 250 2336 363">
    <p class='ocr_par' dir='ltr' id='par_1_1' title="bbox 498 250 2336 363">
     <span class='ocr_line' id='line_1_1' title="bbox 498 250 2336 363; baseline -0.001 -28"><span class='ocrx_word' id='word_1_1' title='bbox 498 250 1231 344; x_wconf 75' lang='lat' dir='ltr'>COMMENTARIUS</span> <span class='ocrx_word' id='word_1_2' title='bbox 1280 264 1603 337; x_wconf 79' lang='lat' dir='ltr'><strong>scuoL.</strong></span> <span class='ocrx_word' id='word_1_3' title='bbox 1653 266 2038 337; x_wconf 82' lang='lat' dir='ltr'><strong>AMBROS.</strong></span> <span class='ocrx_word' id='word_1_4' title='bbox 2194 263 2336 363; x_wconf 80' lang='lat'><strong>599</strong></span> 
     </span>
    </p>
   </div>
   <div class='ocr_carea' id='block_1_2' title="bbox 152 370 2338 2510">
    <p class='ocr_par' dir='ltr' id='par_1_2' title="bbox 152 370 2338 2510">
     <span class='ocr_line' id='line_1_2' title="bbox 152 370 2333 464; baseline -0.002 -13"><span class='ocrx_word' id='word_1_5' title='bbox 152 390 367 451; x_wconf 74' lang='lat' dir='ltr'><strong>tuisse</strong></span> <span class='ocrx_word' id='word_1_6' title='bbox 398 391 771 447; x_wconf 77' lang='lat' dir='ltr'><strong>Laterensem</strong></span> <span class='ocrx_word' id='word_1_7' title='bbox 804 387 879 447; x_wconf 92' lang='lat' dir='ltr'><strong>de</strong></span> <span class='ocrx_word' id='word_1_8' title='bbox 900 380 1123 447; x_wconf 87' lang='lat' dir='ltr'><strong>ambitu</strong></span> <span class='ocrx_word' id='word_1_9' title='bbox 1146 405 1416 445; x_wconf 84' lang='lat' dir='ltr'><strong>accusare</strong></span> <span class='ocrx_word' id='word_1_10' title='bbox 1445 386 1750 464; x_wconf 83' lang='lat' dir='ltr'><strong>significat,</strong></span> <span class='ocrx_word' id='word_1_11' title='bbox 1784 385 1897 445; x_wconf 89' lang='lat' dir='ltr'><strong>nisi</strong></span> <span class='ocrx_word' id='word_1_12' title='bbox 1918 370 2214 447; x_wconf 61' lang='lat' dir='ltr'><strong>inaltnsset</strong></span> <span class='ocrx_word' id='word_1_13' title='bbox 2235 388 2333 447; x_wconf 90' lang='lat' dir='ltr'><strong>id-</strong></span> 
     </span>
     <span class='ocr_line' id='line_1_3' title="bbox 154 483 2332 565; baseline -0.001 -18"><span class='ocrx_word' id='word_1_14' title='bbox 154 490 349 547; x_wconf 71' lang='lat' dir='ltr'><strong>circo</strong></span> <span class='ocrx_word' id='word_1_15' title='bbox 386 506 557 545; x_wconf 82' lang='lat' dir='ltr'><strong>reum</strong></span> <span class='ocrx_word' id='word_1_16' title='bbox 598 485 723 565; x_wconf 86' lang='lat' dir='ltr'><strong>lege</strong></span> <span class='ocrx_word' id='word_1_17' title='bbox 760 485 985 545; x_wconf 79' lang='lat' dir='ltr'><strong>Licinia</strong></span> <span class='ocrx_word' id='word_1_18' title='bbox 1028 486 1246 553; x_wconf 72' lang='lat' dir='ltr'><strong>secere,</strong></span> <span class='ocrx_word' id='word_1_19' title='bbox 1292 498 1356 543; x_wconf 89' lang='lat' dir='ltr'><strong>ut</strong></span> <span class='ocrx_word' id='word_1_20' title='bbox 1395 484 1639 543; x_wconf 82' lang='lat' dir='ltr'><strong>haberet</strong></span> <span class='ocrx_word' id='word_1_21' title='bbox 1672 483 1898 562; x_wconf 86' lang='lat' dir='ltr'><strong>judices</strong></span> <span class='ocrx_word' id='word_1_22' title='bbox 1933 484 2225 544; x_wconf 86' lang='lat' dir='ltr'><strong>edititios:</strong></span> <span class='ocrx_word' id='word_1_23' title='bbox 2259 487 2332 545; x_wconf 87' lang='lat' dir='ltr'><strong>de</strong></span> 
     </span>
     <span class='ocr_line' id='line_1_4' title="bbox 160 581 2330 662; baseline -0.002 -18"><span class='ocrx_word' id='word_1_24' title='bbox 160 584 359 662; x_wconf 83' lang='lat' dir='ltr'><strong>cujus</strong></span> <span class='ocrx_word' id='word_1_25' title='bbox 394 584 583 643; x_wconf 79' lang='lat' dir='ltr'><strong>forma</strong></span> <span class='ocrx_word' id='word_1_26' title='bbox 608 597 668 641; x_wconf 74' lang='lat' dir='ltr'><strong>et</strong></span> <span class='ocrx_word' id='word_1_27' title='bbox 687 581 1005 641; x_wconf 82' lang='lat' dir='ltr'><strong>acerbitate</strong></span> <span class='ocrx_word' id='word_1_28' title='bbox 1014 583 1136 659; x_wconf 83' lang='lat' dir='ltr'><strong>jam</strong></span> <span class='ocrx_word' id='word_1_29' title='bbox 1163 601 1360 641; x_wconf 85' lang='lat' dir='ltr'><strong>sumus</strong></span> <span class='ocrx_word' id='word_1_30' title='bbox 1399 581 1458 641; x_wconf 86' lang='lat' dir='ltr'><strong>in</strong></span> <span class='ocrx_word' id='word_1_31' title='bbox 1487 594 1830 661; x_wconf 80' lang='lat' dir='ltr'><strong>argumento</strong></span> <span class='ocrx_word' id='word_1_32' title='bbox 1852 581 1934 660; x_wconf 84' lang='lat'><strong>(1)</strong></span> <span class='ocrx_word' id='word_1_33' title='bbox 1960 584 2330 662; x_wconf 71' lang='lat' dir='ltr'><strong>praeloq&#39;uuti.</strong></span> 
     </span>
     <span class='ocr_line' id='line_1_5' title="bbox 163 676 2332 759; baseline 0 -20"><span class='ocrx_word' id='word_1_34' title='bbox 163 679 543 739; x_wconf 80' lang='lat' dir='ltr'><strong>Differentia</strong></span> <span class='ocrx_word' id='word_1_35' title='bbox 570 679 747 759; x_wconf 77' lang='lat' dir='ltr'><strong>igitur</strong></span> <span class='ocrx_word' id='word_1_36' title='bbox 782 678 1133 739; x_wconf 84' lang='lat' dir='ltr'><strong>accusatoris</strong></span> <span class='ocrx_word' id='word_1_37' title='bbox 1158 676 1486 737; x_wconf 79' lang='lat' dir='ltr'><strong>ostenditur</strong></span> <span class='ocrx_word' id='word_1_38' title='bbox 1515 678 1652 739; x_wconf 88' lang='lat' dir='ltr'><strong>ideo</strong></span> <span class='ocrx_word' id='word_1_39' title='bbox 1697 676 2020 739; x_wconf 82' lang='lat' dir='ltr'><strong>invadentis</strong></span> <span class='ocrx_word' id='word_1_40' title='bbox 2057 680 2118 737; x_wconf 86' lang='lat' dir='ltr'><strong>in</strong></span> <span class='ocrx_word' id='word_1_41' title='bbox 2145 680 2332 759; x_wconf 83' lang='lat' dir='ltr'><strong>legem</strong></span> 
     </span>
     <span class='ocr_line' id='line_1_6' title="bbox 162 774 2334 856; baseline -0.001 -18"><span class='ocrx_word' id='word_1_42' title='bbox 162 778 501 851; x_wconf 82' lang='lat' dir='ltr'><strong>Liciniam,</strong></span> <span class='ocrx_word' id='word_1_43' title='bbox 530 776 693 855; x_wconf 86' lang='lat' dir='ltr'><strong>quod</strong></span> <span class='ocrx_word' id='word_1_44' title='bbox 725 774 973 835; x_wconf 84' lang='lat' dir='ltr'><strong>ambitus</strong></span> <span class='ocrx_word' id='word_1_45' title='bbox 1001 775 1245 856; x_wconf 84' lang='lat' dir='ltr'><strong>probari</strong></span> <span class='ocrx_word' id='word_1_46' title='bbox 1269 776 1406 841; x_wconf 75' lang='lat' dir='ltr'><strong>non</strong></span> <span class='ocrx_word' id='word_1_47' title='bbox 1423 776 1636 854; x_wconf 82' lang='lat' dir='ltr'><strong>possit,</strong></span> <span class='ocrx_word' id='word_1_48' title='bbox 1664 775 1739 835; x_wconf 89' lang='lat' dir='ltr'><strong>de</strong></span> <span class='ocrx_word' id='word_1_49' title='bbox 1757 796 1878 855; x_wconf 87' lang='lat' dir='ltr'><strong>quo</strong></span> <span class='ocrx_word' id='word_1_50' title='bbox 1895 776 2122 854; x_wconf 86' lang='lat' dir='ltr'><strong>judices</strong></span> <span class='ocrx_word' id='word_1_51' title='bbox 2151 796 2225 837; x_wconf 83' lang='lat' dir='ltr'><strong>ex</strong></span> <span class='ocrx_word' id='word_1_52' title='bbox 2248 797 2334 835; x_wconf 87' lang='lat' dir='ltr'><strong>re-</strong></span> 
     </span>
     <span class='ocr_line' id='line_1_7' title="bbox 156 873 2333 952; baseline 0 -18"><span class='ocrx_word' id='word_1_53' title='bbox 156 876 441 952; x_wconf 79' lang='lat' dir='ltr'><strong>jectione</strong></span> <span class='ocrx_word' id='word_1_54' title='bbox 485 874 691 933; x_wconf 87' lang='lat' dir='ltr'><strong>haberi</strong></span> <span class='ocrx_word' id='word_1_55' title='bbox 722 874 985 932; x_wconf 85' lang='lat' dir='ltr'><strong>soleant:</strong></span> <span class='ocrx_word' id='word_1_56' title='bbox 1013 874 1290 952; x_wconf 74' lang='lat' dir='ltr'><strong>aequalem</strong></span> <span class='ocrx_word' id='word_1_57' title='bbox 1332 873 1550 933; x_wconf 87' lang='lat' dir='ltr'><strong>scilicet</strong></span> <span class='ocrx_word' id='word_1_58' title='bbox 1594 893 1904 933; x_wconf 86' lang='lat' dir='ltr'><strong>numerum</strong></span> <span class='ocrx_word' id='word_1_59' title='bbox 1962 874 2333 935; x_wconf 84' lang='lat' dir='ltr'><strong>reicientibus</strong></span> 
     </span>
     <span class='ocr_line' id='line_1_8' title="bbox 166 971 2330 1050; baseline -0 -19"><span class='ocrx_word' id='word_1_60' title='bbox 166 986 305 1031; x_wconf 83' lang='lat' dir='ltr'><strong>tam</strong></span> <span class='ocrx_word' id='word_1_61' title='bbox 342 985 677 1031; x_wconf 82' lang='lat' dir='ltr'><strong>accusatore</strong></span> <span class='ocrx_word' id='word_1_62' title='bbox 717 991 894 1049; x_wconf 86' lang='lat' dir='ltr'><strong>quam</strong></span> <span class='ocrx_word' id='word_1_63' title='bbox 938 991 1059 1030; x_wconf 74' lang='lat' dir='ltr'><strong>reo·</strong></span> <span class='ocrx_word' id='word_1_64' title='bbox 1090 976 1311 1031; x_wconf 87' lang='lat' dir='ltr'><strong>Verum</strong></span> <span class='ocrx_word' id='word_1_65' title='bbox 1359 983 1555 1050; x_wconf 88' lang='lat' dir='ltr'><strong>specta</strong></span> <span class='ocrx_word' id='word_1_66' title='bbox 1605 971 1870 1030; x_wconf 89' lang='lat' dir='ltr'><strong>licentius</strong></span> <span class='ocrx_word' id='word_1_67' title='bbox 1915 992 2152 1032; x_wconf 88' lang='lat' dir='ltr'><strong>omnem</strong></span> <span class='ocrx_word' id='word_1_68' title='bbox 2187 992 2330 1030; x_wconf 90' lang='lat' dir='ltr'><strong>con-</strong></span> 
     </span>
     <span class='ocr_line' id='line_1_9' title="bbox 170 1050 2336 1149; baseline -0 -20"><span class='ocrx_word' id='word_1_69' title='bbox 170 1082 417 1129; x_wconf 84' lang='lat' dir='ltr'><strong>textum</strong></span> <span class='ocrx_word' id='word_1_70' title='bbox 468 1068 643 1148; x_wconf 87' lang='lat' dir='ltr'><strong>hujus</strong></span> <span class='ocrx_word' id='word_1_71' title='bbox 661 1068 743 1149; x_wconf 76' lang='lat' dir='ltr'><strong>(a)</strong></span> <span class='ocrx_word' id='word_1_72' title='bbox 759 1113 772 1127; x_wconf 96' lang='lat'><strong>.</strong></span> <span class='ocrx_word' id='word_1_73' title='bbox 792 1050 813 1126; x_wconf 55' lang='lat'><strong>¹.</strong></span> <span class='ocrx_word' id='word_1_74' title='bbox 838 1110 853 1127; x_wconf 90' lang='lat'><strong>.</strong></span> <span class='ocrx_word' id='word_1_75' title='bbox 908 1082 975 1128; x_wconf 84' lang='lat' dir='ltr'><strong>ut</strong></span> <span class='ocrx_word' id='word_1_76' title='bbox 998 1068 1289 1147; x_wconf 84' lang='lat' dir='ltr'><strong>intelligas</strong></span> <span class='ocrx_word' id='word_1_77' title='bbox 1315 1082 1608 1129; x_wconf 85' lang='lat' dir='ltr'><strong>oratorem</strong></span> <span class='ocrx_word' id='word_1_78' title='bbox 1635 1088 1800 1130; x_wconf 87' lang='lat' dir='ltr'><strong>more</strong></span> <span class='ocrx_word' id='word_1_79' title='bbox 1824 1071 2096 1147; x_wconf 84' lang='lat' dir='ltr'><strong>‘speciem</strong></span> <span class='ocrx_word' id='word_1_80' title='bbox 2129 1089 2336 1148; x_wconf 83' lang='lat' dir='ltr'><strong>quam-</strong></span> 
     </span>
     <span class='ocr_line' id='line_1_10' title="bbox 172 1166 2334 1246; baseline -0.001 -19"><span class='ocrx_word' id='word_1_81' title='bbox 172 1168 355 1227; x_wconf 80' lang='lat' dir='ltr'><strong>dam.</strong></span> <span class='ocrx_word' id='word_1_82' title='bbox 376 1210 395 1225; x_wconf 86' lang='lat'><strong>.</strong></span> <span class='ocrx_word' id='word_1_83' title='bbox 421 1209 435 1219; x_wconf 90' lang='lat'><strong>.</strong></span> <span class='ocrx_word' id='word_1_84' title='bbox 476 1170 547 1225; x_wconf 89' lang='lat' dir='ltr'><strong>In</strong></span> <span class='ocrx_word' id='word_1_85' title='bbox 572 1166 811 1227; x_wconf 83' lang='lat' dir='ltr'><strong>modum</strong></span> <span class='ocrx_word' id='word_1_86' title='bbox 836 1167 1304 1246; x_wconf 61' lang='lat' dir='ltr'><strong>praescriptivum</strong></span> <span class='ocrx_word' id='word_1_87' title='bbox 1343 1167 1494 1226; x_wconf 83' lang='lat' dir='ltr'><strong>sacta</strong></span> <span class='ocrx_word' id='word_1_88' title='bbox 1523 1167 2006 1227; x_wconf 81' lang='lat' dir='ltr'><strong>senatusconsulti</strong></span> <span class='ocrx_word' id='word_1_89' title='bbox 2039 1168 2334 1227; x_wconf 84' lang='lat' dir='ltr'><strong>mentione</strong></span> 
     </span>
     <span class='ocr_line' id='line_1_11' title="bbox 172 1262 2335 1345; baseline 0 -22"><span class='ocrx_word' id='word_1_90' title='bbox 172 1284 309 1345; x_wconf 85' lang='lat' dir='ltr'><strong>quo</strong></span> <span class='ocrx_word' id='word_1_91' title='bbox 330 1262 449 1345; x_wconf 82' lang='lat'><strong>(3),</strong></span> <span class='ocrx_word' id='word_1_92' title='bbox 478 1264 801 1323; x_wconf 86' lang='lat' dir='ltr'><strong>secundum</strong></span> <span class='ocrx_word' id='word_1_93' title='bbox 840 1266 1027 1345; x_wconf 84' lang='lat' dir='ltr'><strong>legem</strong></span> <span class='ocrx_word' id='word_1_94' title='bbox 1050 1265 1332 1325; x_wconf 85' lang='lat' dir='ltr'><strong>Liciniam</strong></span> <span class='ocrx_word' id='word_1_95' title='bbox 1359 1280 1613 1344; x_wconf 86' lang='lat' dir='ltr'><strong>quatuor</strong></span> <span class='ocrx_word' id='word_1_96' title='bbox 1637 1264 1734 1323; x_wconf 89' lang='lat' dir='ltr'><strong>edi</strong></span> <span class='ocrx_word' id='word_1_97' title='bbox 1765 1264 1952 1325; x_wconf 88' lang='lat' dir='ltr'><strong>tribus</strong></span> <span class='ocrx_word' id='word_1_98' title='bbox 1993 1263 2068 1323; x_wconf 72' lang='lat' dir='ltr'><strong>ab</strong></span> <span class='ocrx_word' id='word_1_99' title='bbox 2095 1285 2335 1325; x_wconf 84' lang='lat' dir='ltr'><strong>accusa—</strong></span> 
     </span>
     <span class='ocr_line' id='line_1_12' title="bbox 174 1360 2334 1441; baseline -0 -21"><span class='ocrx_word' id='word_1_100' title='bbox 174 1377 319 1420; x_wconf 83' lang='lat' dir='ltr'><strong>tore</strong></span> <span class='ocrx_word' id='word_1_101' title='bbox 349 1363 607 1419; x_wconf 78' lang='lat' dir='ltr'><strong>voluerit</strong></span> <span class='ocrx_word' id='word_1_102' title='bbox 625 1405 642 1431; x_wconf 91' lang='lat'><strong><em>‚</em></strong></span> <span class='ocrx_word' id='word_1_103' title='bbox 668 1382 737 1421; x_wconf 87' lang='lat' dir='ltr'><strong>ex</strong></span> <span class='ocrx_word' id='word_1_104' title='bbox 760 1361 973 1439; x_wconf 87' lang='lat' dir='ltr'><strong>quibus</strong></span> <span class='ocrx_word' id='word_1_105' title='bbox 998 1382 1103 1420; x_wconf 88' lang='lat' dir='ltr'><strong>reo</strong></span> <span class='ocrx_word' id='word_1_106' title='bbox 1134 1361 1336 1433; x_wconf 86' lang='lat' dir='ltr'><strong>liceret</strong></span> <span class='ocrx_word' id='word_1_107' title='bbox 1365 1381 1541 1421; x_wconf 88' lang='lat' dir='ltr'><strong>unam</strong></span> <span class='ocrx_word' id='word_1_108' title='bbox 1575 1361 1916 1441; x_wconf 87' lang='lat' dir='ltr'><strong>repudiare,</strong></span> <span class='ocrx_word' id='word_1_109' title='bbox 1944 1374 2012 1419; x_wconf 87' lang='lat' dir='ltr'><strong>ut</strong></span> <span class='ocrx_word' id='word_1_110' title='bbox 2043 1360 2116 1419; x_wconf 88' lang='lat' dir='ltr'><strong>de</strong></span> <span class='ocrx_word' id='word_1_111' title='bbox 2147 1360 2334 1420; x_wconf 88' lang='lat' dir='ltr'><strong>tribus</strong></span> 
     </span>
     <span class='ocr_line' id='line_1_13' title="bbox 176 1454 2333 1541; baseline 0.001 -26"><span class='ocrx_word' id='word_1_112' title='bbox 176 1457 431 1536; x_wconf 83' lang='lat' dir='ltr'><strong>reliquis</strong></span> <span class='ocrx_word' id='word_1_113' title='bbox 465 1457 721 1535; x_wconf 84' lang='lat' dir='ltr'><strong>judicum</strong></span> <span class='ocrx_word' id='word_1_114' title='bbox 745 1457 856 1539; x_wconf 71' lang='lat'><strong>(4).</strong></span> <span class='ocrx_word' id='word_1_115' title='bbox 883 1503 895 1515; x_wconf 90' lang='lat'><strong>.</strong></span> <span class='ocrx_word' id='word_1_116' title='bbox 924 1504 939 1515; x_wconf 95' lang='lat'><strong>.</strong></span> <span class='ocrx_word' id='word_1_117' title='bbox 982 1456 1231 1517; x_wconf 88' lang='lat' dir='ltr'><strong>haberet</strong></span> <span class='ocrx_word' id='word_1_118' title='bbox 1276 1458 1613 1517; x_wconf 86' lang='lat' dir='ltr'><strong>editionem.</strong></span> <span class='ocrx_word' id='word_1_119' title='bbox 1641 1463 1861 1517; x_wconf 88' lang='lat' dir='ltr'><strong>Tamen</strong></span> <span class='ocrx_word' id='word_1_120' title='bbox 1892 1454 1967 1515; x_wconf 90' lang='lat' dir='ltr'><strong>ab</strong></span> <span class='ocrx_word' id='word_1_121' title='bbox 1995 1470 2333 1541; x_wconf 82' lang='lat' dir='ltr'><strong>accusatore</strong></span> 
     </span>
     <span class='ocr_line' id='line_1_14' title="bbox 176 1550 2334 1643; baseline -0 -31"><span class='ocrx_word' id='word_1_122' title='bbox 176 1556 271 1612; x_wconf 87' lang='lat' dir='ltr'><strong>sic</strong></span> <span class='ocrx_word' id='word_1_123' title='bbox 297 1554 424 1612; x_wconf 81' lang='lat' dir='ltr'><strong>fleri</strong></span> <span class='ocrx_word' id='word_1_124' title='bbox 451 1554 727 1624; x_wconf 84' lang='lat' dir='ltr'><strong>voluisse,</strong></span> <span class='ocrx_word' id='word_1_125' title='bbox 760 1566 827 1613; x_wconf 88' lang='lat' dir='ltr'><strong>ut</strong></span> <span class='ocrx_word' id='word_1_126' title='bbox 855 1574 952 1613; x_wconf 87' lang='lat' dir='ltr'><strong>eas</strong></span> <span class='ocrx_word' id='word_1_127' title='bbox 974 1554 1175 1613; x_wconf 80' lang='lat' dir='ltr'><strong>ederet</strong></span> <span class='ocrx_word' id='word_1_128' title='bbox 1208 1574 1354 1633; x_wconf 87' lang='lat' dir='ltr'><strong>quas</strong></span> <span class='ocrx_word' id='word_1_129' title='bbox 1383 1566 1693 1632; x_wconf 88' lang='lat' dir='ltr'><strong>corruptas</strong></span> <span class='ocrx_word' id='word_1_130' title='bbox 1721 1574 1756 1612; x_wconf 85' lang='lat' dir='ltr'><strong>a</strong></span> <span class='ocrx_word' id='word_1_131' title='bbox 1785 1550 2099 1613; x_wconf 85' lang='lat' dir='ltr'><strong>candidato</strong></span> <span class='ocrx_word' id='word_1_132' title='bbox 2131 1554 2334 1643; x_wconf 69' lang='lat' dir='ltr'><strong>crimi-</strong></span> 
     </span>
     <span class='ocr_line' id='line_1_15' title="bbox 176 1649 2334 1730; baseline -0.001 -20"><span class='ocrx_word' id='word_1_133' title='bbox 176 1664 451 1711; x_wconf 86' lang='lat' dir='ltr'><strong>naretur.</strong></span> <span class='ocrx_word' id='word_1_134' title='bbox 474 1652 587 1711; x_wconf 81' lang='lat' dir='ltr'><strong>Hic</strong></span> <span class='ocrx_word' id='word_1_135' title='bbox 620 1670 763 1710; x_wconf 84' lang='lat' dir='ltr'><strong>vero</strong></span> <span class='ocrx_word' id='word_1_136' title='bbox 784 1653 1115 1711; x_wconf 88' lang='lat' dir='ltr'><strong>Laterensis</strong></span> <span class='ocrx_word' id='word_1_137' title='bbox 1141 1653 1412 1711; x_wconf 88' lang='lat' dir='ltr'><strong>noluerat</strong></span> <span class='ocrx_word' id='word_1_138' title='bbox 1440 1651 1594 1730; x_wconf 89' lang='lat' dir='ltr'><strong>ipsas</strong></span> <span class='ocrx_word' id='word_1_139' title='bbox 1628 1651 1804 1709; x_wconf 87' lang='lat' dir='ltr'><strong>edere</strong></span> <span class='ocrx_word' id='word_1_140' title='bbox 1820 1695 1837 1724; x_wconf 89' lang='lat'>,</span> <span class='ocrx_word' id='word_1_141' title='bbox 1861 1649 2074 1729; x_wconf 71' lang='lat' dir='ltr'><strong>quibus</strong></span> <span class='ocrx_word' id='word_1_142' title='bbox 2100 1649 2334 1719; x_wconf 74' lang='lat' dir='ltr'><strong>dicebat</strong></span> 
     </span>
     <span class='ocr_line' id='line_1_16' title="bbox 176 1746 2338 1828; baseline 0 -21"><span class='ocrx_word' id='word_1_143' title='bbox 176 1748 497 1827; x_wconf 78' lang='lat' dir='ltr'><strong>pecuniam</strong></span> <span class='ocrx_word' id='word_1_144' title='bbox 540 1748 755 1807; x_wconf 87' lang='lat' dir='ltr'><strong>datam.</strong></span> <span class='ocrx_word' id='word_1_145' title='bbox 802 1749 1019 1826; x_wconf 87' lang='lat' dir='ltr'><strong>Utique</strong></span> <span class='ocrx_word' id='word_1_146' title='bbox 1058 1750 1354 1821; x_wconf 86' lang='lat' dir='ltr'><strong>consulte,</strong></span> <span class='ocrx_word' id='word_1_147' title='bbox 1387 1768 1463 1806; x_wconf 88' lang='lat' dir='ltr'><strong>ne</strong></span> <span class='ocrx_word' id='word_1_148' title='bbox 1509 1768 1612 1807; x_wconf 87' lang='lat' dir='ltr'><strong>reo</strong></span> <span class='ocrx_word' id='word_1_149' title='bbox 1644 1746 1762 1828; x_wconf 87' lang='lat'><strong>(5),</strong></span> <span class='ocrx_word' id='word_1_150' title='bbox 1805 1768 1839 1807; x_wconf 86' lang='lat' dir='ltr'><strong>a</strong></span> <span class='ocrx_word' id='word_1_151' title='bbox 1865 1768 1985 1826; x_wconf 89' lang='lat' dir='ltr'><strong>quo</strong></span> <span class='ocrx_word' id='word_1_152' title='bbox 2027 1748 2338 1827; x_wconf 78' lang='lat' dir='ltr'><strong>pecuniam</strong></span> 
     </span>
     <span class='ocr_line' id='line_1_17' title="bbox 180 1830 2334 1925; baseline 0 -20"><span class='ocrx_word' id='word_1_153' title='bbox 180 1860 587 1925; x_wconf 78' lang='lat' dir='ltr'><strong>sumpserant,</strong></span> <span class='ocrx_word' id='word_1_154' title='bbox 611 1846 813 1905; x_wconf 85' lang='lat' dir='ltr'><strong>favore</strong></span> <span class='ocrx_word' id='word_1_155' title='bbox 826 1844 913 1925; x_wconf 85' lang='lat'><strong>(6)</strong></span> <span class='ocrx_word' id='word_1_156' title='bbox 936 1846 1111 1905; x_wconf 88' lang='lat' dir='ltr'><strong>tacito</strong></span> <span class='ocrx_word' id='word_1_157' title='bbox 1140 1845 1666 1924; x_wconf 82' lang='lat' dir='ltr'><strong>patrocinarentur.</strong></span> <span class='ocrx_word' id='word_1_158' title='bbox 1693 1846 1874 1919; x_wconf 86' lang='lat' dir='ltr'><strong>Quasi</strong></span> <span class='ocrx_word' id='word_1_159' title='bbox 1899 1864 2110 1923; x_wconf 83' lang='lat' dir='ltr'><strong>negare</strong></span> <span class='ocrx_word' id='word_1_160' title='bbox 2137 1830 2334 1925; x_wconf 83' lang='lat' dir='ltr'><strong>itaque</strong></span> 
     </span>
     <span class='ocr_line' id='line_1_18' title="bbox 182 1943 2334 2031; baseline -0.001 -26"><span class='ocrx_word' id='word_1_161' title='bbox 182 1944 492 2023; x_wconf 88' lang='lat' dir='ltr'><strong>temptavit</strong></span> <span class='ocrx_word' id='word_1_162' title='bbox 520 1944 779 2003; x_wconf 83' lang='lat' dir='ltr'><strong>accusari</strong></span> <span class='ocrx_word' id='word_1_163' title='bbox 799 1943 884 2025; x_wconf 90' lang='lat'><strong>(7)</strong></span> <span class='ocrx_word' id='word_1_164' title='bbox 916 1964 1086 2023; x_wconf 88' lang='lat' dir='ltr'><strong>posse</strong></span> <span class='ocrx_word' id='word_1_165' title='bbox 1118 1946 1244 2022; x_wconf 83' lang='lat' dir='ltr'><strong>lege</strong></span> <span class='ocrx_word' id='word_1_166' title='bbox 1286 1944 1512 2031; x_wconf 78' lang='lat' dir='ltr'><strong>Licinia</strong></span> <span class='ocrx_word' id='word_1_167' title='bbox 1551 1944 1848 2006; x_wconf 84' lang='lat' dir='ltr'><strong>Plancium</strong></span> <span class='ocrx_word' id='word_1_168' title='bbox 1887 1966 1901 2001; x_wconf 76' lang='lat' dir='ltr'><strong>t</strong></span> <span class='ocrx_word' id='word_1_169' title='bbox 1951 1944 2187 2023; x_wconf 85' lang='lat' dir='ltr'><strong>quando</strong></span> <span class='ocrx_word' id='word_1_170' title='bbox 2218 1946 2334 2021; x_wconf 64' lang='lat' dir='ltr'><strong>sint:</strong></span> 
     </span>
     <span class='ocr_line' id='line_1_19' title="bbox 180 2041 2334 2123; baseline -0.001 -18"><span class='ocrx_word' id='word_1_171' title='bbox 180 2042 316 2105; x_wconf 82' lang='lat' dir='ltr'><strong>aliae</strong></span> <span class='ocrx_word' id='word_1_172' title='bbox 344 2041 532 2101; x_wconf 87' lang='lat' dir='ltr'><strong>tribus</strong></span> <span class='ocrx_word' id='word_1_173' title='bbox 560 2042 731 2101; x_wconf 83' lang='lat' dir='ltr'><strong>editae</strong></span> <span class='ocrx_word' id='word_1_174' title='bbox 750 2086 769 2115; x_wconf 92' lang='lat'><strong>‚</strong></span> <span class='ocrx_word' id='word_1_175' title='bbox 818 2062 927 2102; x_wconf 89' lang='lat' dir='ltr'><strong>nec</strong></span> <span class='ocrx_word' id='word_1_176' title='bbox 956 2043 1067 2101; x_wconf 85' lang='lat' dir='ltr'><strong>illae</strong></span> <span class='ocrx_word' id='word_1_177' title='bbox 1101 2042 1466 2123; x_wconf 81' lang='lat' dir='ltr'><strong>potissimum</strong></span> <span class='ocrx_word' id='word_1_178' title='bbox 1485 2118 1490 2123; x_wconf 21' lang='grc' dir='ltr'>ι</span> <span class='ocrx_word' id='word_1_179' title='bbox 1507 2062 1638 2121; x_wconf 82' lang='lat' dir='ltr'><strong>quae</strong></span> <span class='ocrx_word' id='word_1_180' title='bbox 1667 2043 1978 2120; x_wconf 84' lang='lat' dir='ltr'><strong>sumpsisse</strong></span> <span class='ocrx_word' id='word_1_181' title='bbox 2027 2044 2334 2121; x_wconf 85' lang='lat' dir='ltr'><strong>pecuniam</strong></span> 
     </span>
     <span class='ocr_line' id='line_1_20' title="bbox 178 2138 2333 2219; baseline -0.001 -20"><span class='ocrx_word' id='word_1_182' title='bbox 178 2140 549 2211; x_wconf 87' lang='lat' dir='ltr'><strong>dicerentur,</strong></span> <span class='ocrx_word' id='word_1_183' title='bbox 580 2153 640 2198; x_wconf 88' lang='lat' dir='ltr'><strong>et</strong></span> <span class='ocrx_word' id='word_1_184' title='bbox 667 2158 811 2219; x_wconf 83' lang='lat' dir='ltr'><strong>quas</strong></span> <span class='ocrx_word' id='word_1_185' title='bbox 834 2138 973 2199; x_wconf 90' lang='lat' dir='ltr'><strong>ideo</strong></span> <span class='ocrx_word' id='word_1_186' title='bbox 994 2140 1091 2199; x_wconf 85' lang='lat' dir='ltr'><strong>vel</strong></span> <span class='ocrx_word' id='word_1_187' title='bbox 1120 2140 1366 2202; x_wconf 81' lang='lat' dir='ltr'><strong>maxime</strong></span> <span class='ocrx_word' id='word_1_188' title='bbox 1394 2152 1624 2199; x_wconf 87' lang='lat' dir='ltr'><strong>senatus</strong></span> <span class='ocrx_word' id='word_1_189' title='bbox 1649 2138 1746 2197; x_wconf 88' lang='lat' dir='ltr'><strong>edi</strong></span> <span class='ocrx_word' id='word_1_190' title='bbox 1773 2140 2052 2197; x_wconf 86' lang='lat' dir='ltr'><strong>voluisset</strong></span> <span class='ocrx_word' id='word_1_191' title='bbox 2069 2138 2156 2217; x_wconf 82' lang='lat'><strong>(8)</strong></span> <span class='ocrx_word' id='word_1_192' title='bbox 2185 2152 2253 2197; x_wconf 85' lang='lat' dir='ltr'><strong>ut</strong></span> <span class='ocrx_word' id='word_1_193' title='bbox 2273 2152 2333 2197; x_wconf 91' lang='lat' dir='ltr'><strong>et</strong></span> 
     </span>
     <span class='ocr_line' id='line_1_21' title="bbox 172 2236 2334 2316; baseline -0.001 -18"><span class='ocrx_word' id='word_1_194' title='bbox 172 2236 515 2316; x_wconf 87' lang='lat' dir='ltr'><strong>judicarent</strong></span> <span class='ocrx_word' id='word_1_195' title='bbox 535 2281 553 2310; x_wconf 91' lang='lat'><strong>,</strong></span> <span class='ocrx_word' id='word_1_196' title='bbox 584 2250 643 2296; x_wconf 89' lang='lat' dir='ltr'><strong>et</strong></span> <span class='ocrx_word' id='word_1_197' title='bbox 674 2238 1063 2298; x_wconf 87' lang='lat' dir='ltr'><strong>testimonium</strong></span> <span class='ocrx_word' id='word_1_198' title='bbox 1096 2238 1185 2297; x_wconf 83' lang='lat' dir='ltr'><strong>vel</strong></span> <span class='ocrx_word' id='word_1_199' title='bbox 1216 2250 1432 2316; x_wconf 73' lang='lat' dir='ltr'><strong>contra</strong></span> <span class='ocrx_word' id='word_1_200' title='bbox 1465 2256 1628 2296; x_wconf 90' lang='lat' dir='ltr'><strong>reum</strong></span> <span class='ocrx_word' id='word_1_201' title='bbox 1673 2236 1766 2295; x_wconf 86' lang='lat' dir='ltr'><strong>vel</strong></span> <span class='ocrx_word' id='word_1_202' title='bbox 1807 2254 1920 2316; x_wconf 88' lang='lat' dir='ltr'><strong>pro</strong></span> <span class='ocrx_word' id='word_1_203' title='bbox 1949 2255 2052 2294; x_wconf 89' lang='lat' dir='ltr'><strong>reo</strong></span> <span class='ocrx_word' id='word_1_204' title='bbox 2089 2255 2163 2296; x_wconf 84' lang='lat' dir='ltr'><strong>ex</strong></span> <span class='ocrx_word' id='word_1_205' title='bbox 2205 2236 2334 2314; x_wconf 87' lang='lat' dir='ltr'><strong>ipsa</strong></span> 
     </span>
     <span class='ocr_line' id='line_1_22' title="bbox 180 2331 2331 2414; baseline -0.001 -22"><span class='ocrx_word' id='word_1_206' title='bbox 180 2335 436 2394; x_wconf 86' lang='lat' dir='ltr'><strong>veritate</strong></span> <span class='ocrx_word' id='word_1_207' title='bbox 458 2333 839 2413; x_wconf 86' lang='lat' dir='ltr'><strong>perhiberent</strong></span> <span class='ocrx_word' id='word_1_208' title='bbox 859 2378 878 2408; x_wconf 88' lang='lat'>,</span> <span class='ocrx_word' id='word_1_209' title='bbox 905 2336 1009 2414; x_wconf 91' lang='lat' dir='ltr'><strong>qui</strong></span> <span class='ocrx_word' id='word_1_210' title='bbox 1031 2334 1156 2394; x_wconf 89' lang='lat' dir='ltr'><strong>sine</strong></span> <span class='ocrx_word' id='word_1_211' title='bbox 1184 2333 1367 2394; x_wconf 88' lang='lat' dir='ltr'><strong>dubio</strong></span> <span class='ocrx_word' id='word_1_212' title='bbox 1397 2333 1539 2411; x_wconf 87' lang='lat' dir='ltr'><strong>quid</strong></span> <span class='ocrx_word' id='word_1_213' title='bbox 1569 2345 1719 2392; x_wconf 87' lang='lat' dir='ltr'><strong>esset</strong></span> <span class='ocrx_word' id='word_1_214' title='bbox 1737 2332 1894 2412; x_wconf 89' lang='lat' dir='ltr'><strong>apud</strong></span> <span class='ocrx_word' id='word_1_215' title='bbox 1929 2331 2171 2394; x_wconf 87' lang='lat' dir='ltr'><strong>tribules</strong></span> <span class='ocrx_word' id='word_1_216' title='bbox 2195 2349 2331 2392; x_wconf 87' lang='lat' dir='ltr'><strong>suos</strong></span> 
     </span>
     <span class='ocr_line' id='line_1_23' title="bbox 180 2431 955 2510; baseline -0.001 -21"><span class='ocrx_word' id='word_1_217' title='bbox 180 2444 445 2510; x_wconf 82' lang='lat' dir='ltr'><strong>gestum,</strong></span> <span class='ocrx_word' id='word_1_218' title='bbox 476 2433 695 2510; x_wconf 88' lang='lat' dir='ltr'><strong>optime</strong></span> <span class='ocrx_word' id='word_1_219' title='bbox 726 2431 955 2490; x_wconf 86' lang='lat' dir='ltr'><strong>scirent.</strong></span> 
     </span>
    </p>
   </div>
   <div class='ocr_carea' id='block_1_3' title="bbox 176 2555 2333 2876">
    <p class='ocr_par' dir='ltr' id='par_1_3' title="bbox 176 2555 2333 2876">
     <span class='ocr_line' id='line_1_24' title="bbox 285 2555 2329 2658; baseline -0.005 -28"><span class='ocrx_word' id='word_1_220' title='bbox 285 2561 478 2630; x_wconf 87' lang='lat' dir='ltr'><strong>XVI.</strong></span> <span class='ocrx_word' id='word_1_221' title='bbox 533 2583 586 2629; x_wconf 90' lang='lat'><strong>1.</strong></span> <span class='ocrx_word' id='word_1_222' title='bbox 626 2557 841 2658; x_wconf 89' lang='lat' dir='ltr'><strong>Apud</strong></span> <span class='ocrx_word' id='word_1_223' title='bbox 880 2583 1151 2656; x_wconf 89' lang='lat' dir='ltr'><strong>eosque</strong></span> <span class='ocrx_word' id='word_1_224' title='bbox 1186 2583 1342 2646; x_wconf 89' lang='lat' dir='ltr'><strong>me,</strong></span> <span class='ocrx_word' id='word_1_225' title='bbox 1382 2582 1478 2629; x_wconf 90' lang='lat' dir='ltr'><strong>ne</strong></span> <span class='ocrx_word' id='word_1_226' title='bbox 1517 2557 1846 2657; x_wconf 89' lang='lat' dir='ltr'><strong>quinque</strong></span> <span class='ocrx_word' id='word_1_227' title='bbox 1882 2555 2179 2655; x_wconf 88' lang='lat' dir='ltr'><strong>quidem</strong></span> <span class='ocrx_word' id='word_1_228' title='bbox 2213 2580 2329 2626; x_wconf 57' lang='lat' dir='ltr'><strong>re9</strong></span> 
     </span>
     <span class='ocr_line' id='line_1_25' title="bbox 176 2667 2333 2768; baseline -0.001 -28"><span class='ocrx_word' id='word_1_229' title='bbox 176 2671 429 2766; x_wconf 79' lang='lat' dir='ltr'><strong>jectiS‚</strong></span> <span class='ocrx_word' id='word_1_230' title='bbox 464 2669 667 2767; x_wconf 91' lang='lat' dir='ltr'><strong>quod</strong></span> <span class='ocrx_word' id='word_1_231' title='bbox 694 2671 771 2740; x_wconf 89' lang='lat' dir='ltr'><strong>in</strong></span> <span class='ocrx_word' id='word_1_232' title='bbox 802 2672 1137 2768; x_wconf 84' lang='lat' dir='ltr'><strong>proximo</strong></span> <span class='ocrx_word' id='word_1_233' title='bbox 1170 2693 1300 2740; x_wconf 88' lang='lat' dir='ltr'><strong>reo</strong></span> <span class='ocrx_word' id='word_1_234' title='bbox 1333 2667 1425 2740; x_wconf 89' lang='lat' dir='ltr'><strong>de</strong></span> <span class='ocrx_word' id='word_1_235' title='bbox 1456 2669 1739 2742; x_wconf 88' lang='lat' dir='ltr'><strong>consilii</strong></span> <span class='ocrx_word' id='word_1_236' title='bbox 1772 2669 2126 2740; x_wconf 88' lang='lat' dir='ltr'><strong>sententia</strong></span> <span class='ocrx_word' id='word_1_237' title='bbox 2157 2689 2333 2738; x_wconf 84' lang='lat' dir='ltr'><strong>con-</strong></span> 
     </span>
     <span class='ocr_line' id='line_1_26' title="bbox 182 2777 1584 2876; baseline -0.004 -25"><span class='ocrx_word' id='word_1_238' title='bbox 182 2781 523 2852; x_wconf 88' lang='lat' dir='ltr'><strong>stitutum</strong></span> <span class='ocrx_word' id='word_1_239' title='bbox 567 2793 709 2867; x_wconf 87' lang='lat' dir='ltr'><strong>est,</strong></span> <span class='ocrx_word' id='word_1_240' title='bbox 747 2803 959 2876; x_wconf 88' lang='lat' dir='ltr'><strong>cogas</strong></span> <span class='ocrx_word' id='word_1_241' title='bbox 995 2803 1282 2852; x_wconf 88' lang='lat' dir='ltr'><strong>causam</strong></span> <span class='ocrx_word' id='word_1_242' title='bbox 1323 2777 1584 2850; x_wconf 90' lang='lat' dir='ltr'><strong>dicere.</strong></span> 
     </span>
    </p>
   </div>
   <div class='ocr_carea' id='block_1_4' title="bbox 256 2971 2334 3048">
    <p class='ocr_par' dir='ltr' id='par_1_4' title="bbox 256 2971 2334 3048">
     <span class='ocr_line' id='line_1_27' title="bbox 256 2971 2334 3048; baseline -0.001 -18"><span class='ocrx_word' id='word_1_243' title='bbox 256 2979 343 3046; x_wconf 81' lang='grc' dir='ltr'><strong>(ι)</strong></span> <span class='ocrx_word' id='word_1_244' title='bbox 380 2975 685 3048; x_wconf 75' lang='lat' dir='ltr'><strong>Interpretis</strong></span> <span class='ocrx_word' id='word_1_245' title='bbox 709 2976 877 3029; x_wconf 84' lang='lat' dir='ltr'><strong>nostri</strong></span> <span class='ocrx_word' id='word_1_246' title='bbox 912 2985 1289 3048; x_wconf 73' lang='lat' dir='ltr'><strong>argumentum</strong></span> <span class='ocrx_word' id='word_1_247' title='bbox 1317 2972 1545 3026; x_wconf 77' lang='lat' dir='ltr'><strong>orationi</strong></span> <span class='ocrx_word' id='word_1_248' title='bbox 1569 2971 1697 3025; x_wconf 79' lang='lat' dir='ltr'><strong>hnic</strong></span> <span class='ocrx_word' id='word_1_249' title='bbox 1733 2971 2009 3044; x_wconf 66' lang='lat' dir='ltr'><strong>prefixum</strong></span> <span class='ocrx_word' id='word_1_250' title='bbox 2038 2971 2334 3035; x_wconf 68' lang='lat' dir='ltr'><strong>amisimus,</strong></span> 
     </span>
    </p>
   </div>
   <div class='ocr_carea' id='block_1_5' title="bbox 182 3055 2428 3130">
    <p class='ocr_par' dir='ltr' id='par_1_5' title="bbox 182 3055 2428 3130">
     <span class='ocr_line' id='line_1_28' title="bbox 182 3055 2428 3130; baseline -0.003 -16"><span class='ocrx_word' id='word_1_251' title='bbox 182 3079 317 3120; x_wconf 79' lang='lat' dir='ltr'><strong>nam</strong></span> <span class='ocrx_word' id='word_1_252' title='bbox 340 3058 627 3130; x_wconf 80' lang='lat' dir='ltr'><strong>acephalus</strong></span> <span class='ocrx_word' id='word_1_253' title='bbox 648 3069 726 3111; x_wconf 74' lang='lat' dir='ltr'><strong>est</strong></span> <span class='ocrx_word' id='word_1_254' title='bbox 760 3058 1191 3112; x_wconf 76' lang='lat' dir='ltr'><strong>commentarius.</strong></span> <span class='ocrx_word' id='word_1_255' title='bbox 1222 3057 1429 3108; x_wconf 84' lang='lat' dir='ltr'><strong>Verum</strong></span> <span class='ocrx_word' id='word_1_256' title='bbox 1455 3057 1604 3110; x_wconf 81' lang='lat' dir='ltr'><strong>locus</strong></span> <span class='ocrx_word' id='word_1_257' title='bbox 1631 3056 1756 3110; x_wconf 72' lang='lat' dir='ltr'><strong>satis</strong></span> <span class='ocrx_word' id='word_1_258' title='bbox 1781 3065 1928 3127; x_wconf 84' lang='lat' dir='ltr'><strong>patet</strong></span> <span class='ocrx_word' id='word_1_259' title='bbox 1949 3073 2010 3108; x_wconf 83' lang='lat' dir='ltr'><strong>ex</strong></span> <span class='ocrx_word' id='word_1_260' title='bbox 2042 3055 2156 3126; x_wconf 82' lang='lat' dir='ltr'><strong>ipso</strong></span> <span class='ocrx_word' id='word_1_261' title='bbox 2183 3056 2334 3109; x_wconf 87' lang='lat' dir='ltr'><strong>Cice·</strong></span> <span class='ocrx_word' id='word_1_262' title='bbox 2419 3069 2428 3078; x_wconf 92' lang='lat'>·</span> 
     </span>
    </p>
   </div>
   <div class='ocr_carea' id='block_1_6' title="bbox 178 3137 2336 4049">
    <p class='ocr_par' dir='ltr' id='par_1_6' title="bbox 182 3137 2336 3292">
     <span class='ocr_line' id='line_1_29' title="bbox 182 3137 2336 3214; baseline -0.003 -16"><span class='ocrx_word' id='word_1_263' title='bbox 182 3162 344 3210; x_wconf 85' lang='lat' dir='ltr'><strong>rone,</strong></span> <span class='ocrx_word' id='word_1_264' title='bbox 372 3144 592 3214; x_wconf 74' lang='lat' dir='ltr'><strong>ejusque</strong></span> <span class='ocrx_word' id='word_1_265' title='bbox 614 3141 999 3198; x_wconf 80' lang='lat' dir='ltr'><strong>recentioribus</strong></span> <span class='ocrx_word' id='word_1_266' title='bbox 1021 3138 1402 3212; x_wconf 82' lang='lat' dir='ltr'><strong>interpretibus</strong></span> <span class='ocrx_word' id='word_1_267' title='bbox 1415 3178 1431 3205; x_wconf 91' lang='lat'>,</span> <span class='ocrx_word' id='word_1_268' title='bbox 1459 3157 1594 3211; x_wconf 73' lang='lat' dir='ltr'><strong>quos</strong></span> <span class='ocrx_word' id='word_1_269' title='bbox 1616 3137 1759 3194; x_wconf 80' lang='lat' dir='ltr'><strong>vide.</strong></span> <span class='ocrx_word' id='word_1_270' title='bbox 1781 3139 1912 3192; x_wconf 83' lang='lat' dir='ltr'><strong>Erat</strong></span> <span class='ocrx_word' id='word_1_271' title='bbox 1936 3149 2118 3192; x_wconf 79' lang='lat' dir='ltr'><strong>autem</strong></span> <span class='ocrx_word' id='word_1_272' title='bbox 2139 3138 2228 3190; x_wconf 83' lang='lat' dir='ltr'><strong>lex</strong></span> <span class='ocrx_word' id='word_1_273' title='bbox 2249 3139 2336 3192; x_wconf 89' lang='lat' dir='ltr'><strong>Li·</strong></span> 
     </span>
     <span class='ocr_line' id='line_1_30' title="bbox 186 3223 1908 3292; baseline -0.004 -12"><span class='ocrx_word' id='word_1_274' title='bbox 186 3226 333 3292; x_wconf 71' lang='lat' dir='ltr'><strong>cinia</strong></span> <span class='ocrx_word' id='word_1_275' title='bbox 362 3225 431 3278; x_wconf 89' lang='lat' dir='ltr'><strong>de</strong></span> <span class='ocrx_word' id='word_1_276' title='bbox 454 3223 729 3280; x_wconf 71' lang='lat' dir='ltr'><strong>sodalitiis.</strong></span> <span class='ocrx_word' id='word_1_277' title='bbox 1905 3277 1908 3285; x_wconf 59' lang='grc'><em>,</em></span> 
     </span>
    </p>

    <p class='ocr_par' dir='ltr' id='par_1_7' title="bbox 182 3305 2336 3468">
     <span class='ocr_line' id='line_1_31' title="bbox 258 3305 2336 3380; baseline 0 -18"><span class='ocrx_word' id='word_1_278' title='bbox 258 3309 341 3379; x_wconf 78' lang='lat'><strong>(2)</strong></span> <span class='ocrx_word' id='word_1_279' title='bbox 372 3307 487 3362; x_wconf 85' lang='lat' dir='ltr'><strong>Hoc</strong></span> <span class='ocrx_word' id='word_1_280' title='bbox 512 3321 565 3362; x_wconf 85' lang='lat' dir='ltr'><strong>et</strong></span> <span class='ocrx_word' id='word_1_281' title='bbox 584 3327 811 3380; x_wconf 75' lang='lat' dir='ltr'><strong>sequens</strong></span> <span class='ocrx_word' id='word_1_282' title='bbox 830 3308 1067 3379; x_wconf 75' lang='lat' dir='ltr'><strong>spatium</strong></span> <span class='ocrx_word' id='word_1_283' title='bbox 1090 3325 1317 3363; x_wconf 77' lang='lat' dir='ltr'><strong>vacnum</strong></span> <span class='ocrx_word' id='word_1_284' title='bbox 1345 3307 1400 3360; x_wconf 88' lang='lat' dir='ltr'><strong>in</strong></span> <span class='ocrx_word' id='word_1_285' title='bbox 1435 3305 1623 3360; x_wconf 89' lang='lat' dir='ltr'><strong>codice</strong></span> <span class='ocrx_word' id='word_1_286' title='bbox 1651 3324 1666 3358; x_wconf 77' lang='grc' dir='ltr'><strong><em>ε</em></strong></span> <span class='ocrx_word' id='word_1_287' title='bbox 1694 3318 1808 3358; x_wconf 89' lang='lat' dir='ltr'><strong>tum</strong></span> <span class='ocrx_word' id='word_1_288' title='bbox 1849 3305 2106 3360; x_wconf 77' lang='lat' dir='ltr'><strong>mendosa</strong></span> <span class='ocrx_word' id='word_1_289' title='bbox 2137 3318 2191 3360; x_wconf 90' lang='lat' dir='ltr'><strong>et</strong></span> <span class='ocrx_word' id='word_1_290' title='bbox 2217 3325 2336 3362; x_wconf 87' lang='lat' dir='ltr'><strong>cor-</strong></span> 
     </span>
     <span class='ocr_line' id='line_1_32' title="bbox 182 3381 1019 3468; baseline -0.007 -18"><span class='ocrx_word' id='word_1_291' title='bbox 182 3406 351 3468; x_wconf 79' lang='lat' dir='ltr'><strong>rupta</strong></span> <span class='ocrx_word' id='word_1_292' title='bbox 377 3381 539 3448; x_wconf 77' lang='lat' dir='ltr'><strong>lectio</strong></span> <span class='ocrx_word' id='word_1_293' title='bbox 558 3412 623 3446; x_wconf 84' lang='lat' dir='ltr'><strong>ac</strong></span> <span class='ocrx_word' id='word_1_294' title='bbox 643 3393 733 3448; x_wconf 78' lang='lat' dir='ltr'><strong>vix</strong></span> <span class='ocrx_word' id='word_1_295' title='bbox 748 3391 1019 3448; x_wconf 74' lang='lat' dir='ltr'><strong>sanabilis.</strong></span> 
     </span>
    </p>

    <p class='ocr_par' dir='ltr' id='par_1_8' title="bbox 256 3475 1043 3550">
     <span class='ocr_line' id='line_1_33' title="bbox 256 3475 1043 3550; baseline -0.003 -18"><span class='ocrx_word' id='word_1_296' title='bbox 256 3479 337 3548; x_wconf 83' lang='lat'><strong>(3)</strong></span> <span class='ocrx_word' id='word_1_297' title='bbox 372 3475 563 3550; x_wconf 76' lang='lat' dir='ltr'><strong>Codex</strong></span> <span class='ocrx_word' id='word_1_298' title='bbox 590 3481 886 3530; x_wconf 76' lang='lat' dir='ltr'><strong>mentionem</strong></span> <span class='ocrx_word' id='word_1_299' title='bbox 914 3495 1043 3545; x_wconf 72' lang='lat' dir='ltr'><strong>qua.</strong></span> 
     </span>
    </p>

    <p class='ocr_par' dir='ltr' id='par_1_9' title="bbox 178 3557 2332 3717">
     <span class='ocr_line' id='line_1_34' title="bbox 256 3557 2332 3634; baseline -0.002 -19"><span class='ocrx_word' id='word_1_300' title='bbox 256 3568 337 3634; x_wconf 76' lang='grc'><strong>(4)</strong></span> <span class='ocrx_word' id='word_1_301' title='bbox 378 3563 514 3616; x_wconf 86' lang='lat' dir='ltr'><strong>Puto</strong></span> <span class='ocrx_word' id='word_1_302' title='bbox 538 3561 629 3616; x_wconf 85' lang='lat' dir='ltr'><strong>bic</strong></span> <span class='ocrx_word' id='word_1_303' title='bbox 652 3579 765 3616; x_wconf 77' lang='lat' dir='ltr'><strong>esse</strong></span> <span class='ocrx_word' id='word_1_304' title='bbox 792 3563 1065 3620; x_wconf 82' lang='lat' dir='ltr'><strong>lacunam,</strong></span> <span class='ocrx_word' id='word_1_305' title='bbox 1111 3560 1235 3634; x_wconf 87' lang='lat' dir='ltr'><strong>quia</strong></span> <span class='ocrx_word' id='word_1_306' title='bbox 1272 3560 1466 3632; x_wconf 79' lang='lat' dir='ltr'><strong>pagina</strong></span> <span class='ocrx_word' id='word_1_307' title='bbox 1491 3558 1686 3614; x_wconf 73' lang='lat' dir='ltr'><strong>desinit</strong></span> <span class='ocrx_word' id='word_1_308' title='bbox 1703 3559 1836 3630; x_wconf 78' lang='lat' dir='ltr'><strong>jud‚&#39;</strong></span> <span class='ocrx_word' id='word_1_309' title='bbox 1871 3557 2114 3629; x_wconf 83' lang='lat' dir='ltr'><strong>proxima</strong></span> <span class='ocrx_word' id='word_1_310' title='bbox 2154 3567 2332 3610; x_wconf 84' lang='lat' dir='ltr'><strong>autem</strong></span> 
     </span>
     <span class='ocr_line' id='line_1_35' title="bbox 178 3646 609 3717; baseline 0 -15"><span class='ocrx_word' id='word_1_311' title='bbox 178 3646 367 3717; x_wconf 87' lang='lat' dir='ltr'><strong>incipit</strong></span> <span class='ocrx_word' id='word_1_312' title='bbox 388 3649 609 3702; x_wconf 72' lang='lat' dir='ltr'><strong>haberet.</strong></span> 
     </span>
    </p>

    <p class='ocr_par' dir='ltr' id='par_1_10' title="bbox 263 3729 659 3799">
     <span class='ocr_line' id='line_1_36' title="bbox 263 3729 659 3799; baseline -0.005 -15"><span class='ocrx_word' id='word_1_313' title='bbox 263 3730 345 3799; x_wconf 84' lang='grc'><strong>(5)</strong></span> <span class='ocrx_word' id='word_1_314' title='bbox 382 3729 515 3784; x_wconf 85' lang='lat' dir='ltr'><strong>Cod.</strong></span> <span class='ocrx_word' id='word_1_315' title='bbox 558 3751 659 3782; x_wconf 74' lang='lat' dir='ltr'><strong>reu.</strong></span> 
     </span>
    </p>

    <p class='ocr_par' dir='ltr' id='par_1_11' title="bbox 255 3813 755 3884">
     <span class='ocr_line' id='line_1_37' title="bbox 255 3813 755 3884; baseline -0.004 -18"><span class='ocrx_word' id='word_1_316' title='bbox 255 3817 345 3884; x_wconf 87' lang='lat'><strong>(6)</strong></span> <span class='ocrx_word' id='word_1_317' title='bbox 383 3813 519 3870; x_wconf 87' lang='lat' dir='ltr'><strong>cod.</strong></span> <span class='ocrx_word' id='word_1_318' title='bbox 553 3834 755 3882; x_wconf 69' lang='lat' dir='ltr'><strong>pavore.</strong></span> 
     </span>
    </p>

    <p class='ocr_par' dir='ltr' id='par_1_12' title="bbox 260 3896 813 3968">
     <span class='ocr_line' id='line_1_38' title="bbox 260 3896 813 3968; baseline -0.009 -15"><span class='ocrx_word' id='word_1_319' title='bbox 260 3901 279 3962; x_wconf 91' lang='lat'>(</span> <span class='ocrx_word' id='word_1_320' title='bbox 286 3900 343 3968; x_wconf 91' lang='lat'><strong>7)</strong></span> <span class='ocrx_word' id='word_1_321' title='bbox 380 3896 515 3952; x_wconf 82' lang='lat' dir='ltr'><strong>Cod.</strong></span> <span class='ocrx_word' id='word_1_322' title='bbox 558 3917 813 3948; x_wconf 74' lang='lat' dir='ltr'><strong>accusare.</strong></span> 
     </span>
    </p>

    <p class='ocr_par' dir='ltr' id='par_1_13' title="bbox 255 3979 767 4049">
     <span class='ocr_line' id='line_1_39' title="bbox 255 3979 767 4049; baseline -0.006 -15"><span class='ocrx_word' id='word_1_323' title='bbox 255 3982 336 4049; x_wconf 87' lang='lat'><strong>(8)</strong></span> <span class='ocrx_word' id='word_1_324' title='bbox 373 3979 507 4036; x_wconf 91' lang='lat' dir='ltr'><strong>Cod.</strong></span> <span class='ocrx_word' id='word_1_325' title='bbox 542 3984 767 4034; x_wconf 75' lang='lat' dir='ltr'><strong>voluisse.</strong></span> 
     </span>
    </p>
   </div>
  </div>
 </body>
</html>
