2594 4537
663 284 1049 354 oRAT1o
1098 287 1303 355 Pno
1351 287 1767 356 ARCHIA.
2185 314 2275 386 97

240 405 337 474 11.
374 401 517 474 Sed
548 427 643 476 ne
682 407 803 477 cui
836 422 1155 480 vestrum
1177 417 1201 451 ¹
1244 409 1510 478 mirum
1558 433 1714 480 esse
1753 405 2120 499 videatur,
2159 435 2278 484 me

144 512 225 582 iu
259 513 659 608 quaestione
697 513 1099 612 legitima²,
1137 531 1209 589 et
1245 519 1326 588 in
1356 516 1632 613 judicio
1674 517 2011 616 publico,
2049 545 2280 618 quum

144 645 259 692 res
285 638 541 720 agatur
567 624 759 722 apud
790 642 1165 723 praetorem
1194 627 1450 725 populi
1471 629 1786 715 romani,
1809 628 2279 702 lectissimum

146 734 419 822 virum,
454 748 527 804 et
552 734 751 833 apud
779 739 1261 809 severissimos
1287 735 1568 832 judices
1589 734 1618 780 3
1635 791 1654 826 ,
1692 753 1896 810 tanto
1920 755 2284 812 conventu

146 842 535 914 hominum
584 871 665 916 ac
714 844 1123 945 frequentia
1150 901 1169 936 ,
1224 847 1367 918 hoc
1425 848 1535 917 uti
1595 872 1858 942 genere
1910 849 2312 939 dicendi⁴,.

148 953 355 1051 quod
401 981 555 1028 non
590 957 814 1030 modo
852 984 893 1029 a
939 959 1469 1032 consuetudine
1500 958 1944 1054 judiciorum
1965 1017 1984 1050 ,
2037 986 2294 1034 verum.

148 1067 366 1138 etiam
400 1090 441 1137 a
477 1065 751 1140 forensi
784 1094 1116 1142 sermone
1140 1066 1169 1111 ⁵
1206 1068 1599 1142 abhorreat
1639 1097 1654 1138 :
1687 1089 1932 1166 quaeso
1969 1097 2010 1143 a
2044 1073 2284 1159 vobis,

145 1191 231 1246 ut
274 1177 353 1246 in
400 1177 539 1248 hac
584 1203 796 1250 causa
838 1179 1019 1250 mihi
1067 1178 1251 1251 detis
1286 1177 1477 1250 ha'nc
1513 1180 1824 1270 veniam,
1882 1206 2290 1254 accommo-

148 1285 395 1358 datam
420 1287 595 1360 huic
624 1287 801 1361 reo⁶
829 1344 848 1377 ,
901 1289 1107 1362 vobis
1126 1344 1145 1377 ‚
1204 1290 1820 1387 quemadmodum
1855 1317 2106 1390 spero,
2135 1317 2290 1363 non

150 1397 567 1488 molestam3
604 1411 689 1470 ut
722 1424 877 1487 me,
924 1423 1060 1498 pro
1103 1425 1392 1472 summo
1437 1411 1663 1497 poeta‘
1693 1416 1914 1499 atque
1955 1405 2291 1478 eruditis-

152 1508 338 1578 simo
376 1506 675 1581 homine
706 1509 1103 1598 dicentem,
1141 1509 1285 1582 hoc
1313 1535 1676 1582 concursu
1713 1510 2094 1585 hominum
2139 1517 2296 1590 lite·

150 1620 717 1710 ratissimorum,
770 1620 905 1692 hac
961 1635 1198 1692 vestra
1238 1620 1688 1693 humanitate
1709 1675 1730 1709 ‚
1784 1622 1928 1694 hoc
1975 1623 2296 1725 denique

152 1743 473 1824 praetore
510 1745 887 1802 exercente
918 1731 1310 1826 judicium,
1346 1733 1714 1829 patiamini
1742 1731 1834 1804 de
1867 1735 2122 1808 studiis
2154 1738 2291 1810 hu-

152 1840 523 1908 manitatis
550 1864 631 1910 ac
651 1839 1018 1912 literarum
1046 1840 1290 1939 paullo
1321 1839 1526 1937 loqui
1545 1842 1872 1931 liberiuS,
1903 1860 1975 1916 et
2002 1848 2079 1918 in
2108 1849 2298 1944 ejus-

148 1948 361 2021 modi
393 1962 737 2048 persona⁷
757 2005 775 2037 ,
805 1977 967 2048 quae
984 2007 1003 2038 ‚
1024 1965 1328 2050 propter
1355 1949 1624 2023 otium⁸
1663 1977 1747 2024 ac
1774 1954 2092 2028 studium
2119 2013 2138 2047 ‚
2165 1964 2297 2031 mi·

151 2061 359 2132 nime
415 2062 491 2131 in
524 2059 815 2155 judiciis
858 2061 1342 2159 periculisque
1381 2075 1682 2132 tractata
1725 2077 1882 2152 est‚-
1911 2067 2016 2136 uti
2067 2091 2298 2167 prope

152 2195 359 2242 novo
396 2170 718 2266 quodam
748 2184 823 2242 et
847 2173 1191 2242 inusitato
1217 2193 1481 2267 genere
1518 2168 1824 2241 dicendi.

260 2280 484 2372 Quod
523 2284 580 2353 si
618 2282 795 2353 mihi
844 2306 887 2353 a
918 2282 1125 2354 vobis
1174 2280 1400 2353 tribui
1455 2279 1906 2379 concedique
1951 2286 2295 2375 sentiam,

154 2390 533 2491 perficiam
574 2390 938 2490 profect0‚
976 2407 1059 2463 ut
1096 2391 1294 2463 hunc
1345 2396 1426 2463 A.
1473 2391 1828 2462 Licinium
1879 2416 2031 2465 non
2073 2395 2296 2467 modo

159 2528 321 2575 non
356 2501 878 2602 segregandum
904 2558 923 2592 ,
962 2527 1194 2600 quum
1220 2506 1314 2574 sit
1348 2503 1518 2573 civis
1541 2557 1560 2590 ‚
1598 2526 1641 2573 a
1667 2528 1974 2575 numero
2002 2505 2296 2597 civium,

237 2756 309 2803 11.
358 2770 405 2802 r.
450 2755 509 2803 B.
544 2752 733 2803 Weisk.
774 2754 921 2815 eiecit
957 2764 1191 2801 vestrum.

162 2836 217 2883 J.
234 2833 307 2883 V.
334 2835 389 2882 L.

1279 2750 1455 2810 verbe,
1483 2767 1594 2815 quae
1621 2752 1676 2799 in
1701 2752 1813 2802 foro
1838 2754 1924 2802 vix
1944 2754 2300 2819 intelliguntur.

1352 2831 1405 2879 6.
1439 2830 1878 2879 Accommodaeam
1903 2832 2016 2881 huic
2045 2850 2148 2883 reo.
2178 2838 2302 2899 Qum

202 2914 211 2921 ’
240 2930 293 2963 2.
340 2912 597 2977 Legitima.
647 2912 855 2977 Legibus
902 2910 1191 2970 constituta,

165 2992 233 3041 de
248 3008 347 3057 qua
362 2992 445 3041 lex
471 3002 546 3039 est
558 3026 575 3051 ,
598 3004 649 3041 et
665 3008 775 3057 quae
790 2992 896 3055 lege
920 3000 1189 3039 exercetur.

164 3098 242 3109 -—
259 3071 456 3119 Judaio
474 3070 694 3135 publico.
720 3069 871 3134 Quod
886 3068 1117 3133 agebatur
1130 3082 1193 3116 ex

162 3152 277 3214 lege
294 3150 483 3199 Plautia
502 3149 715 3214 Papiria.

248 3230 302 3279 3.
328 3226 659 3277 &verissimos
672 3228 876 3292 judices.
900 3226 1049 3292 Apud
1070 3242 1195 3291 quos

164 3310 215 3357 si
246 3307 363 3372 quid
398 3318 537 3355 extra
572 3324 766 3357 eausam
800 3307 1001 3355 affertur
1032 3307 1197 3355 locum

166 3403 283 3437 nou
304 3386 475 3443 habet.

253 3473 303 3521 4.
328 3467 517 3514 Genere
538 3464 749 3514 dicendi.
778 3466 853 3513 De
880 3463 1051 3512 studiis
1077 3463 1199 3511 libe-

164 3544 389 3605 talibus,
424 3542 602 3608 quibus
628 3541 893 3604 injudicio
924 3543 1061 3591 locus
1096 3558 1199 3591 esse

164 3640 284 3673 non
309 3623 517 3671 videtur.

256 3702 306 3751 5.
331 3701 531 3750 For-emi
549 3717 786 3750 sermone.
811 3702 1001 3750 Genere
1028 3700 1202 3749 verbo·

166 3796 297 3833 nnn
309 3816 324 3841 ,
343 3798 443 3845 quo
463 3783 519 3828 in
534 3781 693 3829 cannis
713 3780 989 3829 forensibus
1004 3780 1203 3839 utimur,

1280 2906 1476 2957 Amhiae
1523 2909 1686 2959 debita
1730 2911 1942 2973 videtur,
1984 2915 2300 2965 cui'mxime

1278 2988 1527 3053 ingenium
1551 2992 1900 3053 patrocinatur.

1356 3084 1402 3130 7.
1437 3066 1694 3130 Ejusmodi
1715 3086 1950 3134 persona.
1987 3072 2151 3134 Quum
2187 3088 2302 3136 per-

1280 3162 1450 3196 sonam
1473 3163 1528 3195 ne
1554 3157 1714 3211 partes
1739 3149 1883 3210 hujus
1904 3149 1998 3197 viri
2025 3164 2188 3214 egam,
2215 3154 2301 3216 qui

1280 3226 1458 3291 procul
1475 3242 1503 3274 a
1513 3226 2136 3279 foremibuecontrovereiin
2145 3234 2302 3281 otiosa

1283 3306 1386 3353 vita
1407 3316 1696 3363 removetur,
1721 3306 1824 3371 ipse
1843 3308 2026 3371 potuim
2047 3308 2172 3359 hanc
2193 3326 2303 3359 orn-

1283 3384 1468 3433 tionem
1500 3384 1652 3432 forma
1688 3399 1816 3433 nova
1847 3402 1938 3434 nec
1968 3387 2022 3435 in
2055 3389 2164 3436 soro
2204 3393 2303 3439 usi-
2356 3377 2370 3391 x

1287 3471 1385 3511 tata
1415 3462 1700 3525 exprimere.
2345 3450 2352 3457 ’

1362 3544 1412 3590 8.
1434 3544 1636 3605 Propter
1650 3540 1816 3590 otium.
1843 3544 1972 3593 Vita
1997 3559 2148 3607 genus
2175 3547 2307 3596 otio-

1286 3636 1413 3681 sum,
1421 3621 1522 3667 sive
1539 3635 1566 3666 a
1581 3622 1787 3683 negotiis
1807 3620 2014 3670 liberum
2027 3623 2126 3687 agit
2143 3638 2310 3689 poete,

1289 3714 1442 3764 quum
1472 3698 1588 3747 solis
1610 3698 1762 3747 literis
1783 3700 2002 3758 student,
2033 3717 2122 3751 nec
2147 3720 2305 3770 remp.

1292 3779 1496 3843 attingat
1521 3812 1538 3839 ‚
1591 3777 1800 3843 indeque
1851 3780 1904 3828 in
1957 3780 2153 3841 judiciis
2201 3802 2306 3841 nou

166 3877 299 3927 qna
324 3861 505 3909 scilieet
525 3878 553 3909 e
574 3861 685 3921 jure
711 3871 761 3909 et
778 3860 1016 3909 similibus
1034 3860 1175 3907 rebus
1188 3884 1207 3917 ,ς
1294 3867 1543 3915 tractetur,
1559 3856 1612 3905 id
1629 3868 1725 3914 est,
1745 3873 1847 3905 non
1865 3870 2096 3911 venetur.
2115 3863 2309 3915 Frustra

167 3940 409 4005 depromi
444 3939 637 3998 mlent3
685 3956 840 4003 quum
884 3940 939 3986 in
976 3938 1059 3987 iu-
1094 3953 1205 3986 ceu·

168 4039 231 4072 sa
278 4022 379 4069 tint
414 4020 565 4069 multa
598 4019 779 4068 scholae
823 4030 875 4068 et
919 4016 1205 4067 eruditioni·

388 4108 511 4177 IV.
567 4124 661 4175 eie.
680 4140 799 4191 pars
824 4122 1050 4172 secunda.

1292 3935 1508 4001 llgenius
1532 3935 1671 3985 nullo
1703 3936 1852 3986 fretu·
1874 3937 2046 3987 codice
2071 3945 2307 4003 correxit,

1295 4038 1322 4059 α
1341 4016 1519 4077 iactata
1543 4036 1589 4066 ι.

2041 4128 2078 4195 7
