2594 4537
342 256 483 330 622
951 256 1228 329 GASP.
1280 256 1348 325 G
1367 255 1865 327 ARATONII

297 364 305 371 ’
338 402 567 449 omnes
588 428 607 463 ,
644 393 712 443 et
744 377 873 443 hoc
902 400 1018 443 vos
1041 378 1205 443 sdre
1236 400 1466 443 omnes
1496 378 1712 443 sciunt
1738 406 1785 442 n.
1821 378 2282 461 Quamobrem
2297 382 2478 449 vati-

342 486 531 571 nius,
572 486 689 576 qui
720 484 1091 573 designatus
1122 485 1410 549 accusari
1455 506 1592 549 non
1625 485 1842 573 potuit
1859 533 1878 568 ,
1918 508 2096 551 anno
2137 492 2438 576 sequenti
2458 538 2476 569 ‚

341 612 621 686 pratum
644 593 777 673 jam
804 607 1005 681 gesta,
1040 605 1138 656 est
1163 606 1526 657 accusatus.
1553 590 1740 656 Idem
1763 607 1842 657 ut
1869 593 1939 657 in
1973 593 2246 659 Plancio
2275 594 2470 677 fieret,

343 701 643 768 eamdem
672 696 944 763 ineundi
962 695 1422 785 „conditionem
1445 696 1512 761 in
1537 696 1750 763 ediles
1767 699 2144 767 translatam
2163 702 2470 790 oportuit.

347 806 427 874 ld
462 822 683 872 autem
714 825 851 868 non
880 818 981 869 est
1004 803 1390 868 verisimilet
1423 826 1640 893 neque
1675 806 1962 887 Crassus,
1981 805 2100 870 sed
2123 807 2476 897 Pompeius

348 912 625 980 comitiis
656 908 939 975 aedilium
968 910 1247 998 praefuit,
1275 909 1513 997 quibus
1537 926 1784 998 patrata
1805 910 2034 995 caedes,
2057 930 2126 977 et
2161 916 2476 1004 sanguine

345 1023 485 1109 ipse
516 1010 879 1111 respersus,
929 1032 1007 1080 ut
1040 1038 1121 1080 ex
1164 1016 1406 1093 Dione,
1463 1016 1756 1081 XXXIX
1777 1065 1796 1099 ,
1845 1016 1966 1098 32,
2011 1034 2080 1083 et
2127 1020 2478 1084 Plutarcho

342 1130 411 1192 in
443 1125 673 1213 Pomp.
714 1146 852 1213 cap.
884 1120 993 1205 53,
1026 1124 1502 1213 cognoscimus.
1536 1126 1682 1189 Hoc
1715 1126 1916 1214 igitur
1941 1118 2478 1218 exclusoftempo-

343 1256 435 1317 re,
454 1232 792 1297 Plancium
814 1245 1079 1319 postero
1104 1252 1292 1295 anno·
1303 1228 1553 1295 aedilem
1587 1247 1876 1297 creatum
1907 1248 2192 1297 statuere
2219 1256 2476 1301 necesse

344 1356 475 1422 est,
512 1360 654 1425 quo
692 1357 837 1400 uno
878 1350 945 1399 et
982 1356 1240 1398 musam
1287 1333 1557 1419 dixerit,
1603 1352 1670 1401 et
1712 1337 2160 1426 magistratum
2190 1338 2474 1428 gesserit.

348 1444 683 1529 Quoniam
708 1440 954 1507 etenim
984 1440 1243 1504 initium
1268 1464 1309 1505 a
1331 1442 1562 1507 Crasso
1596 1440 1987 1507 sumendum
2011 1458 2139 1516 est,
2167 1466 2276 1507 res
2301 1444 2390 1508 ita
2415 1466 2478 1507 se

342 1550 597 1616 habuit.
630 1544 879 1617 Consul
892 1546 997 1611 ille
1024 1546 1289 1610 comitia
1310 1545 1602 1611 creandis
1623 1546 1918 1611 aedilibus
1936 1549 2226 1634 primum
2257 1548 2476 1611 haba-e

344 1662 533 1747 coepit
559 1680 582 1718 .·
616 1670 695 1719 ut
720 1674 905 1717 more
920 1699 939 1734 ,
975 1675 1051 1717 ac
1082 1652 1336 1742 legibus
1364 1654 1434 1717 in
1462 1674 1710 1718 annum
1751 1670 2136 1742 sequentem
2181 1652 2472 1743 designa-

342 1780 474 1845 ret,
512 1763 581 1825 in
620 1782 815 1850 quem
848 1746 1137 1849 legitime
1176 1758 1475 1823 Plancius
1505 1757 1874 1825 aedilitatem
1906 1761 2234 1849 privatus,
2273 1782 2468 1848 quum

345 1868 651 1934 tribunus
682 1864 889 1955 plebis
920 1864 1257 1953 superiore
1288 1866 1549 1949 fuisset,
1581 1880 1805 1955 petere
1836 1866 2122 1930 instituit
2149 1889 2168 1930 ε
2207 1864 2324 1930 sed
2355 1888 2470 1929 coe·

338 1971 443 2058 pit
472 1966 961 2047 tantummodo,
1009 1964 1320 2054 perficere
1353 1967 1444 2031 ob
1477 1990 1582 2031 eas
1615 1988 1838 2032 cumas
1871 1990 2008 2033 non
2049 1968 2302 2057 potuit,
2345 1967 2472 2054 qui-

342 2076 471 2141 bus
513 2090 657 2139 tum
690 2058 967 2138 eomitia'
984 2072 1203 2137 omnia
1234 2070 1583 2137 disturbari
1616 2088 2138 2139 consueverant:
2169 2079 2470 2161 primm,

343 2180 561 2271 inquit
578 2228 599 2262 ,
630 2180 685 2244 is
720 2176 954 2243 consul
972 2225 991 2262 ,
1029 2178 1144 2266 qui
1176 2178 1496 2267 ambitum
1523 2178 1656 2243 suis
1686 2179 1938 2268 legibus
1978 2179 2362 2259 insectatus,
2395 2200 2468 2240 ne

344 2289 547 2371 lieret,
574 2288 853 2352 maxime
882 2285 1217 2351 laborabat
1234 2333 1253 2368 ,
1290 2309 1452 2375 quas
1478 2287 1746 2376 quidem
1769 2302 1922 2376 post
1951 2286 2168 2375 priora
2193 2288 2298 2351 sui
2319 2308 2468 2350 con·

348 2395 599 2460 sulatus
625 2393 915 2474 comitia,
950 2413 1095 2481 quoe
1124 2393 1648 2476 memoravimus,
1685 2409 1860 2458 certe
1885 2392 2240 2482 pertulerat
2273 2413 2292 2456 τ
2323 2421 2348 2448 ι
2371 2390 2472 2454 de-

344 2500 503 2567 inde
542 2499 783 2564 habere
828 2498 1021 2586 coepit
1070 2498 1322 2586 subito,
1373 2515 1606 2588 praeter
1649 2499 2030 2588 opinionem
2083 2499 2382 2562 omnium
2407 2518 2468 2556 n:

348 2603 531 2694 quod
556 2604 627 2666 in
659 2602 1033 2666 consulatus
1064 2602 1330 2668 initium
1357 2625 1492 2668 non
1527 2603 1731 2687 eadit,
1763 2627 1898 2693 quo
1930 2604 2238 2669 habenda
2257 2623 2468 2668 neces-

346 2711 515 2775 sario
560 2729 701 2773 esse
744 2708 1005 2772 comitia
1051 2708 1422 2791 constabat,
1471 2709 1888 2800 spatiumque
1935 2732 2114 2774 anno
2149 2709 2470 2798 superiore

344 2816 429 2882 ad
458 2812 903 2880 informandas
934 2815 1278 2902 petitiones
1305 2814 1486 2880 haud
1514 2816 1824 2907 exiguum
1846 2815 1980 2897 jam
2012 2817 2468 2881 intercesserat.

346 2925 570 2991 Cicero
606 2921 693 2988 ad
724 2923 1047 3003 Fratrem,
1084 2921 1182 3004 11,
1223 2944 1296 3004 2,
1331 2921 1488 2986 xlv
1519 2921 1643 2989 ltal.
1675 2923 2028 2988 februarias
2048 2922 2380 3011 Philippo,
2411 2935 2470 2984 et

346 3029 724 3098 Marcellino
752 3049 917 3092 coss.
950 3025 1038 3091 de
1062 3027 1372 3110 comitiis,
1399 3027 1640 3116 quibus
1680 3028 1750 3093 P.
1802 3027 2074 3093 Clodius
2117 3027 2468 3093 aedilitatem

346 3137 645 3229 petebat,
676 3165 703 3192 ι
730 3134 989 3198 comitia
1022 3133 1161 3198 sine
1184 3156 1395 3218 mora,
1432 3136 1676 3224 inquit,
1711 3136 1933 3201 futura
1957 3135 2264 3200 videntur
2299 3159 2314 3198 ε
2341 3132 2468 3197 edi·

346 3260 451 3310 cta
486 3258 645 3308 sunt
674 3255 823 3304 ante
850 3238 1023 3304 diem
1050 3261 1119 3304 11
1152 3237 1457 3306 kalendas
1485 3241 1840 3307 februarias
1861 3273 1906 3306 υ.
1936 3241 2068 3307 Sed
2097 3241 2204 3308 illa
2231 3239 2468 3322 jamdiu

345 3363 728 3440 exspectata,
762 3345 975 3437 qualia
1002 3347 1267 3412 Plancio
1301 3349 1640 3437 sequentia
1663 3349 1956 3432 Domitii,
1993 3363 2108 3413 aut
2129 3348 2318 3437 Appii
2349 3349 2470 3410 fue-

344 3473 505 3524 runt
540 3479 556 3519 :
587 3455 727 3518 haec
756 3475 913 3518 vero
949 3454 1279 3518 Crassiana
1311 3477 1448 3520 non
1495 3456 1704 3520 multo
1739 3471 1921 3532 ante,
1955 3471 2030 3519 ut
2063 3475 2210 3518 mos
2235 3453 2466 3527 fuerat,

348 3563 589 3645 edicta,
640 3561 757 3626 sed
800 3582 1041 3650 paucos
1087 3560 1257 3626 intra
1294 3559 1434 3626 dies
1479 3577 1851 3628 convocata.
1903 3562 2240 3626 Protracta
2287 3561 2470 3649 igitur

349 3669 609 3738 comitia
646 3683 835 3749 sunt,
874 3665 1432 3756 quemadmodum
1457 3690 1632 3732 anno
1663 3667 2022 3757 superiore,
2053 3665 2462 3756 quemadmo-

348 3777 511 3842 dum
544 3775 735 3840 etiam
774 3787 1088 3861 sequente
1122 3772 1396 3861 contigit
1423 3795 1438 3837 :
1472 3788 1668 3862 atque
1713 3775 1802 3838 ita
1833 3771 2068 3838 iisdem
2105 3769 2464 3838 consulibus

354 3883 473 3946 Cn.
506 3879 811 3944 Plancius
838 3875 1207 3943 oedilitatem
1246 3879 1566 3962 obtinuit,
1593 3877 1916 3960 judicium
1951 3877 2250 3967 pertulit,
2291 3875 2464 3962 magi-

348 4003 619 4051 stratum
654 3983 861 4050 inivit.
898 3983 1191 4072 Spatium
1227 3985 1469 4052 etenim
1505 3983 1850 4050 accusandi
1879 3983 2106 4052 datum
2153 3979 2457 4070 oportuit:
