2594 4537
320 311 445 356 122
703 286 797 358 IN
854 286 1403 358 ORATIONEM
1449 287 1631 357 PRO
1682 285 2036 379 anema

400 413 531 481 ΠΙ.
592 433 649 480 1.
717 413 970 505 Itaque
1008 407 1211 480 hunc
1248 424 1322 480 et
1357 409 1722 481 Tarentini
1779 423 1854 482 et
1895 407 2314 510 Rhegini(1)
2372 428 2452 484 et

309 518 764 620 Neapolitani
804 519 1083 590 civitate
1118 520 1520 618 ceterisque
1553 520 1865 618 praemiis
1900 518 2290 592 donarunt.

381 669 617 729 Utiliter
638 667 992 747 praeparavit
1011 667 1085 726 ad
1109 687 1371 743 causam,
1397 669 1518 747 Jam
1543 667 1770 747 pridem
1793 669 1951 728 hunc
1981 669 2256 728 Archiam
2295 689 2449 748 poe-
2533 724 2542 740 ‚

303 764 427 822 ticae
452 763 737 822 facilitatis
758 761 841 841 (a)
864 763 1046 840 gratia
1076 761 1362 823 celebrem
1381 783 1414 822 a
1443 763 1707 842 plurimis
1735 763 1918 822 Italiae
1941 762 2318 824 nobilissimis
2339 785 2442 844 po-

308 860 461 940 pulis
488 860 551 918 in
593 879 897 919 numerum
930 860 1145 919 civium
1175 873 1530 940 cooptatum.
1569 859 1745 935 Quod
1785 859 2058 920 nimirum
2097 846 2447 939 argumento

310 977 434 1017 esse
466 955 707 1031 debeat,
734 957 905 1018 etiam
932 957 1398 1018 Heracliensibus
1426 978 1617 1037 nuper
1635 957 2018 1036 adscriptum,
2047 956 2448 1018 robustiorem

304 1054 425 1133 jam
460 1054 643 1127 fama,
664 1067 725 1113 et
748 1053 968 1133 ingenti
994 1054 1273 1136 dignitate
1301 1053 1578 1132 majorem
1603 1055 1712 1133 (3).
1753 1057 2013 1115 Fuerunt
2039 1069 2235 1114 autem
2262 1055 2448 1116 urbes

311 1150 428 1209 istae
452 1149 527 1208 de
551 1146 764 1228 quibus
786 1149 1045 1228 loquitur
1069 1171 1111 1208 a
1138 1149 1486 1230 quibusdam
1513 1150 1711 1230 graecis
1735 1147 1822 1231 (4)
1858 1149 2134 1210 tribubus
2165 1152 2444 1212 conditae.

397 1363 463 1409 α.
501 1340 833 1431 Quorum
868 1337 1049 1410 alter
1076 1362 1193 1410 res
1224 1336 1316 1410 ad
1353 1337 1815 1412 scribendum
1841 1342 2184 1413 maximas
2201 1394 2221 1429 ,
2260 1340 2446 1413 alter

264 1444 271 1450 ’
298 1471 527 1546 quum
557 1473 672 1521 res
700 1463 954 1547 gestaS,
984 1462 1143 1520 tum
1174 1453 1390 1522 etiam
1417 1449 1740 1525 studium
1759 1463 1976 1549 atque
2001 1474 2211 1524 aures
2236 1451 2448 1524 adhi-

295 1559 467 1634 bere
506 1575 771 1659 posset.

374 1706 439 1762 C.
481 1703 735 1761 Marium
772 1701 1185 1780 ,Iugurthinum
1208 1745 1225 1773 ,
1272 1703 1376 1781 qui
1419 1701 1898 1762 adwnsulatum
1937 1702 2250 1781 septimum
2281 1722 2440 1782 pro—

297 1811 499 1857 vectus
526 1812 639 1868 est,
669 1819 790 1858 non
820 1799 1153 1876 ignoramus
1179 1820 1214 1858 a
1243 1799 1522 1859 doctrinae
1551 1798 1758 1858 studiis
1780 1799 1868 1877 (5)
1896 1800 2146 1857 alienum
2164 1841 2183 1872 ,
2229 1812 2290 1858 et
2315 1801 2444 1859 sola

296 1896 381 1954 rei
409 1896 669 1955 militaris
694 1897 933 1956 scientia
954 1897 1217 1957 floruisse
1244 1919 1259 1956 ε
1290 1897 1572 1970 Quintum
1597 1916 1742 1956 vero
1772 1898 2039 1956 Catulum
2067 1906 2188 1956 non
2217 1898 2446 1959 medio-

295 1992 470 2050 criter
495 1992 678 2052 literis
704 1991 1041 2054 liberalibus
1063 1993 1455 2053 informatum.
1487 1992 1602 2052 Sed
1633 1993 1922 2072 eleganter
1941 1994 2140 2072 utique
2159 1995 2444 2054 Archiam

296 2088 485 2147 facere
514 2089 771 2169 potuisse
792 2091 852 2149 in
880 2090 990 2150 hac
1015 2105 1182 2170 parte
1212 2089 1575 2150 narrationes
1603 2089 1887 2163 ostendit,
1919 2091 2058 2168 quia
2085 2093 2446 2170 praestiterat

299 2188 365 2244 C.
380 2186 599 2245 Marius
624 2207 719 2251 eas
739 2208 829 2247 res
846 2231 862 2262 ,
888 2207 1019 2266 quae
1044 2188 1183 2248 satis
1204 2186 1444 2246 uberem
1471 2187 1772 2246 materiam
1797 2185 2185 2247 scribentibus
2203 2187 2444 2248 darent.

297 2285 533 2343 Catulus
564 2299 758 2346 autem
786 2298 845 2344 et
870 2284 1043 2343 rebus
1074 2284 1340 2364 gerendis
1375 2285 1655 2345 floruerat
1671 2329 1690 2357 ,
1713 2298 1774 2344 et
1795 2284 2006 2345 habilis
2033 2284 2271 2346 auditor
2291 2300 2444 2347 erat.

398 2460 467 2531 3.
524 2466 694 2531 Erat
744 2457 1191 2557 temporibus
1252 2458 1389 2532 illis
1439 2459 1808 2555 jucundus
1852 2461 1940 2551 Q.
1979 2461 2280 2535 Metello
2339 2462 2444 2534 illi

298 2568 681 2751 glpcmidico
699 2622 718 2657 ,
757 2569 887 2665 qui
931 2567 1022 2640 de
1056 2574 1095 2639 J
1098 2570 1410 2667 ugurtha
1439 2570 1951 2669 triumphavit,
1995 2586 2071 2643 et
2111 2572 2270 2668 ejus
2311 2573 2442 2645 Pio

375 2819 487 2879 Hic
511 2820 813 2879 Metellum
836 2822 1193 2877 exsulantem
1224 2838 1361 2878 cum
1389 2820 1702 2899 Pompilio.
1729 2862 1743 2875 .
1769 2863 1784 2877 .
1807 2864 1822 2877 .
1867 2840 1902 2879 e
1929 2820 2132 2879 confec
2145 2864 2326 2880 .....
2339 2823 2441 2899 (6).

368 3008 446 3075 (1)
474 3006 646 3059 Codex
672 3005 861 3073 Regini.
888 3011 953 3055 A..
973 3006 1055 3055 M.

364 3100 444 3168 (a)
466 3100 539 3147 Ita
566 3093 976 3159 cod.fhci11‘tat1‘s,
997 3094 1113 3143 etin
1130 3103 1444 3158 argumento,
1460 3109 1573 3159 pag.
1604 3108 1723 3155 no,
1737 3090 2027 3160 facultatis.
2045 3095 2116 3144 A.
2129 3094 2206 3143 M.

363 3184 443 3255 (³)
470 3186 643 3236 Codex
672 3185 892 3253 majore,
914 3182 1053 3249 qnod
1077 3183 1245 3247 utique
1270 3182 1605 3243 retinuissem,
1633 3182 1731 3231 nisi
1761 3183 1921 3231 codex
1945 3183 2128 3248 passim
2149 3184 2346 3234 mendis
2367 3186 2437 3234 la-

296 3278 510 3325 boraret.
537 3274 741 3323 Memini
767 3274 898 3321 enim
914 3271 1034 3337 quid
1055 3270 1390 3335 Quintilianus
1414 3270 1474 3321 de
1500 3273 1558 3319 M
1580 3267 1714 3319 finali
1737 3287 1766 3319 a
1783 3270 2025 3321 veteribus
2039 3288 2170 3337 προ
2189 3272 2438 3323 subtracta

296 3365 511 3425 scribat,
548 3364 713 3413 Instit.
735 3363 841 3422 lx,
873 3370 941 3419 4:
972 3362 1073 3409 «Et
1096 3358 1180 3407 illa
1204 3358 1416 3411 censorii
1447 3359 1687 3409 Catonis:
1734 3358 1840 3407 die'
1864 3359 2026 3421 Itane,
2059 3358 2284 3425 Maium
2319 3362 2376 3411 in
2397 3362 2438 3411 B

290 3454 479 3503 mollita
492 3486 509 3513 ,
528 3468 639 3517 qua
664 3450 718 3499 in
734 3448 979 3500 veteribus
998 3448 1139 3499 libris
1165 3460 1383 3513 reperta,
1409 3460 1596 3497 mutare
1623 3448 1842 3513 imperiti
1877 3449 2039 3499 solent
2063 3462 2079 3498 ε
2127 3460 2178 3498 et
2216 3450 2343 3499 dnm
2371 3450 2438 3498 li-

290 3541 561 3591 brariorum
579 3540 806 3589 insectari
822 3538 998 3587 volunt
1015 3536 1286 3597 inscitiam,
1311 3552 1448 3586 suam
1468 3534 1764 3587 confitentur
1783 3556 1827 3588 ιι.
1849 3538 2034 3588 Recole
2066 3539 2217 3588 etiam
2254 3538 2390 3588 dicta
2409 3554 2438 3586 a

292 3627 435 3676 nobis
461 3628 526 3676 ad
550 3636 675 3676 orat.
702 3640 797 3690 pro
813 3624 1013 3687 Tullio,
1044 3640 1095 3687 ¹7,
1118 3638 1231 3689 pag.
1256 3631 1354 3683 44,
1396 3640 1450 3672 n.
1473 3624 1532 3683 3,
1572 3634 1621 3671 et
1650 3623 1709 3672 de
1735 3640 1848 3691 rege
1874 3624 2246 3687 Alexandrino,
2271 3629 2298 3675 1
2318 3662 2334 3688 ,
2373 3641 2438 3685 a,

295 3729 406 3780 pag.
433 3722 561 3773 104,
598 3715 801 3763 n.a.A.
820 3714 898 3763 M.
2261 3716 2266 3721 ’

368 3798 443 3863 (4)
466 3801 641 3851 Codex
658 3800 858 3867 grece'es.
880 3799 946 3849 A.
965 3800 1040 3849 M.

364 3886 440 3951 (5)
467 3888 595 3938 Cod.
620 3910 649 3932 ιι
666 3890 722 3938 in
746 3888 987 3938 doctrinm
1008 3886 1181 3937 studiis
1200 3906 1247 3936 n.
1274 3886 1374 3936 Sed
1395 3886 1556 3937 codex
1577 3898 1728 3939 scatet
1750 3886 1954 3939 mendis.
1973 3889 2040 3939 Α.
2056 3890 2134 3937 Μ.

362 3972 441 4039 (6)
460 3976 644 4027 Recole
666 3978 727 4028 de
751 3994 846 4027 are
876 3976 1040 4026 alieno
1068 3976 1303 4041 Milonis,
1319 3978 1387 4039 V,
1407 3976 1456 4039 3,
1489 3993 1592 4043 quo
1619 3978 1736 4029 loco
1771 3978 1918 4027 etiam
1954 3976 2186 4027 scribitur
2212 3978 2435 4045 Popilius
