2594 4537
1110 159 1142 199 ι
1695 172 1704 189 .

918 206 1462 293 ExcuRsus
1529 224 1668 291 111.
2206 222 2350 296 625

221 372 381 415 eum
428 368 563 413 non
629 343 943 410 mediocri
994 344 1342 435 splendore
1393 343 1736 433 praeditum
1791 364 1928 409 esse
1992 347 2353 432 oportebat.

220 453 573 542 Pompeius
601 450 773 533 tulit,
802 466 879 514 ut
902 450 1259 515 consularis
1284 472 1322 513 a
1341 449 1590 537 populo
1619 448 1688 513 in
1713 448 2035 550 Milonem
2053 451 2358 537 quaesitor

222 558 643 649 deligeretur3
674 554 823 621 vide
856 559 1092 621 Ascon.
1124 577 1256 643 arg.
1290 577 1415 643 pro
1439 554 1576 619 Mil.
1611 554 1994 618 Censorium
2023 557 2236 621 virum
2271 558 2354 621 ab

220 681 599 731 accusatore
617 662 941 728 delectum
961 661 1367 728 ostendimus
1397 658 1479 725 ad
1497 684 1552 726 c.
1585 660 1668 725 33
1690 684 1814 749 pro
1839 662 2033 727 Sulla.
2061 664 2184 729 cn.
2215 667 2357 730 Do-

222 773 447 837 mitius
488 786 727 859 praetor
772 768 1067 833 similiter
1113 768 1197 833 ad
1238 768 1558 849 judicium
1617 790 1656 829 a
1705 768 1966 855 propria
2001 760 2390 857 quaestione⁸¹

221 879 507 941 alienum
538 872 971 939 exercendum
1002 891 1269 941 vocatus
1299 874 1429 939 fuit
1454 897 1473 955 3
1503 872 1650 937 vide
1681 874 1928 940 Ferrat.
1961 873 2043 938 ad
2065 899 2198 965 arg.
2236 900 2357 965 pro

220 983 381 1047 Coel.
410 978 621 1044 Video
666 980 859 1044 etiam
890 972 1131 1053 munes
1180 980 1250 1043 in
1305 1000 1480 1043 anno
1525 1000 1732 1041 causae
1783 977 1940 1043 huic
1971 980 2358 1069 assignando

219 1087 353 1151 falli
372 1132 393 1167 ,
439 1100 673 1173 praeter
722 1084 1026 1175 Pighium
1066 1100 1131 1149 et
1164 1085 1550 1151 Ferratium.
1583 1082 1752 1147 Nam
1787 1083 2055 1172 Pighius
2087 1085 2213 1150 loc.
2249 1089 2356 1157 cit.

220 1215 365 1257 eam
384 1214 537 1257 vere
566 1192 635 1255 in
662 1191 953 1256 secundo
985 1192 1283 1279 Pompeii
1318 1208 1385 1255 et
1407 1189 1619 1283 Crassi
1647 1189 1992 1255 consulatu
2027 1192 2302 1258 collocat
2342 1216 2358 1260 ε

214 1298 465 1362 nullam
496 1312 712 1361 tamen
741 1297 1061 1361 rationem
1090 1298 1281 1362 affert
1299 1345 1318 1379 ,
1345 1294 1459 1361 sed
1491 1318 1596 1359 eas
1623 1294 1857 1359 vidisse
1878 1296 2178 1379 arbitror,
2199 1322 2358 1386 quas

217 1419 447 1491 postea
470 1402 793 1467 Fen-atius
824 1401 909 1467 ad
938 1425 1073 1492 arg.
1108 1402 1430 1491 exposuit.
1466 1400 1529 1465 N
1531 1422 1620 1465 on
1651 1399 1852 1466 modo
1893 1402 2068 1465 enim
2106 1403 2360 1469 Tullius

220 1507 308 1571 de
338 1508 477 1597 lege
502 1507 778 1590 Licinia,
810 1521 1145 1597 tamquam
1182 1508 1463 1588 recenti,
1496 1506 1822 1593 loquitur,
1849 1505 1964 1571 sed
1988 1509 2182 1573 etiam
2217 1509 2364 1592 Dio,

217 1602 549 1695 XXXIX,
581 1635 731 1701 pag.
776 1634 921 1700 119,
957 1629 1177 1701 aperte
1210 1610 1440 1694 tradit,
1493 1612 1687 1675 latam
1723 1612 1898 1676 illam
1949 1612 2147 1677 fuisse
2189 1636 2365 1678 anno

216 1719 373 1803 698,
403 1719 636 1782 Crasso
669 1719 906 1783 iterum
942 1740 1074 1783 cos.
1104 1734 1181 1783 ut
1217 1740 1358 1807 cap.
1388 1740 1491 1799 20,
1520 1738 1657 1781 non
1677 1717 1877 1780 alium
1904 1720 2133 1806 possiS,
2170 1742 2365 1808 quam

214 1824 404 1889 illum
436 1846 725 1906 annum,
777 1840 843 1889 et
890 1825 1228 1889 consulem
1274 1823 1653 1913 intelligere.
1699 1824 1815 1888 His
1861 1824 2204 1912 praemissis
2231 1874 2248 1906 ,
2282 1824 2364 1889 de

212 1927 385 1993 Alfio
417 1926 773 1993 videamus.
805 1928 977 1992 Eum
1008 1928 1119 1992 hic
1142 1929 1430 1992 retinent
1462 1950 1694 1991 omnes
1725 1927 1873 1991 libri
1902 1950 1916 1991 :
1953 1946 2210 1993 tantum
2245 1930 2362 1993 ali·

214 2034 335 2122 qui
362 2033 659 2097 scribunt
689 2032 1032 2121 Alpkium,
1076 2048 1153 2097 ut
1191 2032 1370 2097 idem
1416 2055 1661 2097 nomen
1713 2032 1782 2095 in
1837 2034 2059 2097 multis
2106 2036 2358 2100 Horatii

210 2139 381 2203 MSS
423 2152 486 2202 et
526 2136 674 2202 edd.
714 2137 922 2225 Epod.
962 2140 1058 2221 II,
1096 2138 1205 2225 67,
1238 2137 1663 2219 scribebatur,
1698 2136 1817 2200 ubi
1867 2137 2013 2202 cod.
2051 2139 2239 2203 Barb.
2284 2162 2348 2204 n.

216 2244 417 2331 2591,
441 2243 641 2308 habet
666 2242 972 2332 Alpheus,
1006 2260 1081 2309 ut
1111 2243 1220 2308 hic
1251 2244 1432 2332 prior
1454 2243 1618 2309 Ven.
1653 2240 1916 2329 Affeum
1939 2266 1963 2306 .·
1989 2243 2103 2309 sed
2138 2245 2355 2310 melio-

214 2350 397 2415 ribus
434 2350 614 2413 libris
657 2348 1037 2414 emendatus
1075 2350 1211 2430 jam
1238 2348 1465 2413 inde-a
1497 2349 1807 2413 Terentio
1848 2349 1974 2413 fuit
2009 2352 2314 2416 Horatius
2339 2401 2357 2435 ,

214 2471 285 2520 et
308 2455 415 2519 hic
446 2455 662 2518 editur
688 2453 937 2542 Affium
959 2477 1144 2543 paene
1172 2453 1255 2518 ab
1282 2453 1590 2518 omnibus
1616 2475 1766 2517 cum
1791 2452 1936 2518 cod.
1972 2477 2142 2537 me0,
2165 2457 2350 2522 Barb.

212 2578 283 2625 et
307 2561 651 2650 plerisque.
678 2561 821 2626 Hoc
855 2583 979 2652 ego
1022 2582 1265 2626 nomen
1299 2583 1336 2624 a
1365 2558 1606 2624 notiori
1641 2560 1844 2624 altero
1873 2559 2165 2624 Flauium
2194 2563 2348 2626 oriri

212 2667 505 2756 potuisse
543 2666 651 2731 vix
677 2683 925 2755 putem.
961 2665 1215 2731 Deinde
1248 2667 1492 2730 incerta
1530 2666 1749 2729 omnia
1775 2664 1858 2730 de
1892 2666 1966 2730 C.
2003 2667 2251 2751 Flavio,
2287 2685 2352 2756 et

212 2773 493 2862 obscura
525 2787 713 2853 sunt,
758 2787 836 2836 ut
886 2771 969 2835 ad
1008 2795 1146 2860 cap.
1185 2775 1269 2850 42
1327 2771 1694 2836 videbimus
1743 2793 1759 2834 τ
1806 2788 2030 2835 contra
2093 2796 2348 2838 summa

212 2896 354 2943 erat
382 2880 450 2942 in
483 2879 555 2942 C.
593 2875 760 2941 Alfio
804 2878 883 2941 iis
916 2877 1322 2966 temporibus
1364 2877 1663 2941 omnium
1689 2899 2015 2940 consensu
2047 2877 2344 2966 dignitaS.

212 2984 381 3048 Nam
413 3006 563 3048 vere
597 2982 708 3047 hic
749 3005 901 3046 eum
934 2982 1161 3047 Cicero
1199 2983 1477 3070 appellat
1503 2983 1951 3069 gravissimum
1996 2981 2306 3048 hominem
2328 3033 2346 3068 ,

190 3081 778 3179 justissimumque:
818 3110 1024 3176 quum
1062 3110 1196 3151 non
1235 3087 1434 3151 modo
1466 3087 1546 3150 ab
1580 3087 1721 3176 ipso
1747 3087 2046 3174 privatim
2075 3086 2346 3172 dicatur,

214 3194 297 3258 ad
327 3194 409 3276 Q.
445 3195 649 3258 Fratr.
688 3194 785 3257 111
808 3240 827 3275 ,
884 3192 957 3275 3,
990 3222 1016 3248 a
1045 3193 1350 3281 quaesitor
1393 3193 1629 3282 graviS,
1676 3207 1741 3255 et
1775 3190 2002 3255 firmus
2051 3192 2252 3258 Alfius
2275 3220 2343 3278 »3

214 3323 440 3365 verum
470 3301 663 3364 etiam
683 3297 929 3362 dictum
949 3300 1211 3364 Caesaris
1240 3297 1555 3363 referatur
1577 3299 1645 3361 in
1668 3297 1814 3361 Vat.
1848 3299 1952 3363 16:
1974 3329 2000 3354 κ
2016 3300 2085 3363 C.
2104 3299 2345 3365 Alfium

214 3407 613 3494 praeteritum
662 3408 1051 3495 permoleste
1101 3405 1324 3471 tulisse
1349 3452 1368 3486 ,
1412 3403 1592 3491 quod
1624 3404 1690 3466 in
1724 3404 1993 3469 homine
2023 3423 2346 3471 summam

216 3512 411 3577 fidem
468 3512 990 3601 probitatemque
1042 3525 1388 3601 cognosset
1418 3541 1464 3574 n.
1526 3510 1750 3593 Quum
1800 3526 2018 3574 autem
2073 3512 2140 3574 in
2169 3513 2347 3577 Vati-

218 3620 401 3683 nium
437 3617 668 3683 dixerit
707 3620 936 3684 Cicero
980 3639 1203 3681 mense
1235 3615 1471 3681 martio
1512 3616 1664 3679 anni
1702 3615 1854 3703 697,
1879 3615 2254 3680 Marcellino
2289 3635 2353 3683 et

216 3724 520 3813 Philippo
558 3745 719 3788 coss.
752 3747 827 3788 ex
862 3725 929 3788 11
964 3723 1047 3788 ad
1069 3724 1149 3806 Q.
1175 3723 1385 3786 Fratr.
1423 3724 1464 3800 4
1484 3769 1502 3803 ,
1530 3722 1604 3786 C.
1641 3719 1882 3798 Alfium
1915 3735 2092 3808 patet
2128 3724 2348 3811 repul-

220 3853 353 3894 sam
380 3845 673 3919 proeturae
694 3877 711 3910 ,
745 3829 825 3894 de
853 3851 981 3917 qua
1020 3829 1111 3892 ibi
1158 3827 1480 3916 loquitur,
1514 3827 1734 3892 tulisse
1772 3850 1948 3892 anno
1992 3829 2346 3916 superiore.

221 3935 513 4002 Tandem
548 3951 784 4022 praetor
820 3936 944 3998 fuit
978 3957 1153 3999 anno
1183 3935 1352 4022 699,
1405 3932 1612 4024 Appio
1656 3951 1721 3999 et
1758 3933 2050 3999 Domitio
2087 3957 2248 4002 coss.
2289 3954 2353 4001 ct

467 4046 593 4114 lv.
644 4062 738 4114 cic.
755 4059 885 4127 ραν-,ς’
898 4060 1119 4109 secunda.
2063 4045 2157 4126 40
