2594 4537
637 253 1022 346 οΒΑᾙο
1063 254 1264 322 pao
1305 253 1609 323 noMo
1658 256 1871 325 snA.

2162 259 2304 342 405

283 375 416 444 Hic
453 390 536 445 tu
565 396 682 444 me
719 373 928 444 etiam
958 371 1244 470 gloriari
1279 387 1509 462 vetas3
1548 397 1765 472 negas
1800 373 1953 448 esse
1981 375 2267 452 ferenda
2286 437 2305 467 ‚

177 509 352 581 quae
395 483 664 555 soleam
715 482 805 554 de
851 508 967 553 me
1002 481 1425 581 praedicare3
1480 497 1550 555 et
1602 483 1824 556 homo
1874 483 2145 560 facetus
2194 492 2307 562 in-

182 593 396 666 ducis
453 595 668 664 etiam
719 617 1122 666 sermonem
1179 592 1541 665 urbanum
1598 621 1681 668 ac
1720 613 2147 669 venustum:
2196 625 2313 674 me

181 703 432 776 dicere
469 703 737 788 solere,
772 727 921 774 esse
957 728 1075 775 me
1110 709 1399 792 Jovem3
1440 705 1919 803 eumdemque
1954 705 2315 798 dictitare,

183 819 590 887 Minervam
657 837 808 886 esse
865 838 1182 884 sororem
1241 839 1501 885 meam.
1563 817 1728 885 Non
1794 829 1939 886 tam
2002 817 2317 890 insolens

185 948 356 996 sum
369 919 426 1011 ⁶,
469 922 673 1020 quod
717 926 970 994 Jovem
1011 945 1166 994 esse
1199 947 1315 994 me
1351 922 1555 1012 dioc,
1594 948 1809 1021 quam
1847 927 2251 999 ineruditus
2264 939 2319 1014 ⁷,

183 1031 395 1128 quod
433 1035 829 1104 Minervam
869 1057 1192 1104 sororem
1219 1034 1415 1104 Jovis
1452 1058 1606 1105 esse
1640 1037 2009 1108 existimo:
2052 1037 2177 1108 sed
2214 1053 2317 1108 ta-

187 1165 362 1214 men
388 1195 409 1229 ,
443 1165 579 1236 ego
621 1141 798 1213 mihi
849 1167 1172 1214 sororem
1213 1147 1568 1242 virginem
1601 1144 1960 1234 adscisc03
1996 1162 2077 1219 tu
2114 1173 2317 1220 soro-

187 1275 349 1324 rem
391 1266 588 1322 tuam
627 1253 970 1348 virginem
1011 1276 1164 1324 esse
1208 1277 1361 1324 non
1404 1255 1649 1325 sivisti.
1692 1255 1829 1326 Sed
1874 1254 2075 1344 vide,
2110 1283 2205 1329 ne
2236 1273 2319 1328 tu

191 1377 268 1435 te
307 1359 570 1432 debeas
604 1365 854 1432 Jovem
896 1361 1134 1433 dicere
1156 1417 1175 1451 ,
1218 1362 1419 1459 quod
1452 1377 1535 1434 tu
1562 1363 1723 1460 jure
1760 1363 2085 1436 eamdem
2116 1389 2319 1438 soro-

193 1500 350 1548 rem
397 1487 468 1543 et
505 1497 805 1544 uxorem
853 1472 1212 1571 appellare
1247 1477 1501 1573 possis,

295 1586 586 1655 XXXV.
622 1587 715 1652 Et
755 1585 1103 1679 quoniam
1139 1582 1281 1654 hoc
1310 1584 1817 1681 reprehendiS‚
1858 1585 2059 1683 quod
2092 1588 2321 1659 solere

191 1719 316 1766 me
350 1691 551 1765 dicas
583 1691 676 1765 de
717 1717 834 1764 me
877 1695 1036 1790 ipso
1076 1692 1457 1790 gloriosius
1498 1694 1885 1791 praedicare
1914 1749 1934 1782 ‚
1966 1697 2129 1791 quis
2161 1721 2317 1767 um-

195 1937 350 1984 versis
379 1935 570 1984 casibus
593 1935 802 2000 explieat
821 1938 1008 1985 Ernest.
1027 1944 1214 1984 tantum

195 2017 422 2064 homines
440 2015 580 2080 impii
601 2015 770 2063 odium
801 2015 1094 2064 retinebant.
1119 2015 1218 2064 Sed

196 2097 362 2146 verius
396 2095 495 2142 dici
528 2105 693 2159 putem
709 2128 724 2153 ,
769 2093 1094 2158 compositum
1133 2093 1215 2140 bic

197 2189 294 2239 pro
324 2172 531 2237 simplici
563 2189 667 2220 esse
688 2173 921 2236 positum.
959 2173 1034 2219 Ita
1065 2173 1136 2218 lv
1161 2171 1216 2218 in

195 2254 342 2302 ‘Vei-r.
372 2254 440 2309 34
459 2288 474 2311 ,
501 2251 562 2300 de
588 2253 728 2317 signo
759 2251 953 2309 Dianae,
981 2273 1006 2294 ι
1026 2249 1216 2303 sinistre

197 2349 350 2383 manu
373 2332 610 2383 retinebat
645 2346 810 2379 areum
829 2353 855 2373 a
882 2346 895 2380 :
934 2331 1038 2377 Liv.
1058 2331 1211 2389 XXI,

207 2414 297 2473 45,
325 2428 534 2477 «agnum
563 2411 684 2459 laeva
719 2427 894 2471 mann,
923 2410 1091 2459 dextra
1117 2410 1219 2457 sili-

199 2508 310 2542 cem
335 2494 614 2541 retinen-n:
649 2490 828 2555 quihus
862 2491 1004 2538 multi
1041 2490 1220 2537 similes

198 2572 303 2621 loci
343 2582 474 2619 sunt.
509 2570 638 2619 Vide
663 2571 726 2619 ad
758 2588 865 2635 esp.
889 2570 924 2619 6
948 2586 1044 2635 pro
1063 2572 1216 2619 nono.

200 2653 343 2702 Com.
361 2661 412 2698 et
436 2649 654 2698 Cortinm
671 2648 735 2697 ad
757 2648 872 2697 Sall.
889 2648 1002 2711 Jng.
1022 2650 1112 2708 IV,
1143 2664 1192 2711 9.

275 2730 327 2777 6.
343 2728 563 2776 Insolens
577 2744 698 2775 sum.
725 2727 825 2789 Qui
841 2742 1034 2774 omnem
1053 2740 1218 2773 emen-

203 2808 356 2857 dandi
402 2806 706 2856 occasionem
750 2816 946 2869 captant
963 2839 978 2865 ,
1029 2820 1220 2853 sensnm

203 2890 344 2939 aiunt
381 2886 462 2934 hic
499 2902 600 2934 esse
623 2884 834 2935 nullum.
875 2884 1026 2947 Atqui
1053 2895 1102 2932 et
1127 2882 1218 2931 ali-

204 2983 353 3032 qnem
370 2965 516 3015 video
532 3002 546 3025 ,
579 2976 627 3014 et
651 2964 793 3013 valde
824 2963 1221 3025 Ciceronianam,

203 3048 304 3096 hoc
331 3058 404 3095 est
419 3081 436 3108 ‚
458 3046 632 3094 salsum
658 3060 716 3103 ac
739 3044 966 3092 facetum.
982 3043 1114 3107 Age,
1133 3058 1222 3091 ve-

205 3128 398 3178 niamus
423 3125 562 3189 quasi
586 3124 638 3174 in
656 3138 758 3171 rem
776 3134 1075 3188 presentem.
1104 3124 1224 3174 Ora·

207 3207 306 3253 tori
347 3204 408 3252 de
437 3219 527 3251 sno
570 3203 826 3253 consulatu
843 3239 860 3265 ,
896 3214 948 3252 et
975 3202 1224 3266 republica

207 3293 492 3332 conservata
530 3283 733 3347 sepina,
773 3296 918 3346 qnam
959 3296 1097 3328 aures
1135 3280 1227 3328 ho-

208 3364 394 3411 minnm
431 3363 558 3411 ferre
593 3371 820 3429 possent,
865 3360 1092 3425 glorianti
1128 3360 1227 3408 hoe

208 3442 384 3503 objicit
408 3440 644 3491 Clodius:
689 3462 710 3485 ι
730 3444 826 3489 Ista
856 3438 1146 3504 gloriatione
1172 3449 1226 3486 tn

209 3532 260 3569 te
285 3522 461 3569 Jovem
495 3536 599 3569 esse
633 3520 756 3569 dicis
774 3554 790 3581 ,
825 3518 1096 3567 Minervam
1130 3516 1224 3567 tibi

207 3600 330 3647 facis
343 3614 560 3648 sororem
576 3623 620 3647 a.
637 3598 864 3663 Imperite
885 3597 1096 3647 dictum:
1121 3612 1225 3645 non

207 3678 342 3728 enim
377 3678 598 3728 Minerva
623 3679 764 3728 Jovio
792 3692 957 3735 soror,
997 3677 1084 3725 sed
1110 3674 1227 3724 filia.

207 3758 298 3806 Sni
321 3772 436 3805 sane
451 3791 466 3815 ,
489 3768 634 3820 atque
656 3758 774 3806 artis
791 3758 1042 3804 immemor
1058 3756 1228 3804 Cieeno

209 3838 276 3885 sit
298 3872 313 3893 ,
347 3852 504 3899 neque
545 3838 705 3884 minus
747 3834 928 3885 Clodio
967 3834 1153 3894 fetum,
1188 3835 1230 3883 si

209 3913 440 3965 stolidam
454 3914 838 3963 criminationem
855 3914 982 3962 serio
1006 3912 1231 3977 depellat.

1301 1937 1459 1986 loeus.
1479 1937 1595 1986 Δία’
1614 1953 1733 1986 vero
1745 1974 1761 1999 ,
1788 1938 1977 2002 inquit,
1992 1939 2152 1987 dicere
2170 1938 2321 1997 soleo,

1305 2031 1409 2063 esse
1426 2031 1505 2062 me
1526 2013 1735 2065 Jovem?
1765 2016 1897 2064 Idem
1926 2016 2119 2076 dictito,
2140 2017 2323 2066 Miner·
2396 2047 2406 2057 -

1304 2111 1413 2142 vam
1432 2109 1533 2141 esse
1551 2110 1765 2142 sororem
1788 2108 1969 2143 meam:
1992 2110 2052 2143 eo
2068 2098 2293 2144 nimii-mn
2306 2131 2321 2157 ,

1306 2171 1439 2236 quod
1486 2187 1578 2235 ego
1626 2173 1715 2220 sim
1758 2167 1991 2236 Jupiter?
2026 2177 2324 2238 Arrogantsr

1306 2251 1517 2312 dietum,
1534 2249 1621 2299 sed
1638 2262 1798 2303 tamen
1817 2251 1979 2301 doote.
2002 2254 2157 2301 Immo
2178 2252 2323 2305 doet-

1306 2331 1484 2396 magis,
1511 2336 1656 2395 quim
1676 2343 1975 2395 arroganter,
2012 2344 2069 2380 nt
2094 2348 2197 2380 non
2224 2343 2323 2383 tani

1308 2410 1548 2475 culpanda
1570 2410 1789 2459 videatur
1821 2410 2077 2459 insolentia
2117 2411 2325 2461 dicentis

1307 2492 1483 2538 Jovem
1532 2504 1609 2537 me
1657 2505 1784 2547 esse,
1832 2504 1977 2553 qnam
2017 2489 2324 2555 suspicienda

1306 2569 1519 2617 eruditio
1552 2568 1869 2618 existimantis
1912 2568 2182 2617 Minervam
2220 2586 2325 2620 esse

1306 2664 1523 2696 sororem
1549 2650 1703 2697 Jovis.
1724 2646 1871 2697 Unde
1889 2659 2051 2696 antem
2068 2649 2198 2697 fatua
2222 2649 2326 2699 hnc

1306 2728 1511 2776 manarit
1538 2728 1781 2774 accusatio
1798 2761 1813 2785 ,
1850 2728 1893 2775 si
1919 2728 2029 2790 quis
2048 2728 2173 2775 forte
2192 2744 2323 2793 qne-

1308 2817 1409 2865 rat,
1452 2806 1567 2854 inde
1583 2840 1599 2867 ,
1648 2805 1829 2869 opinor
1850 2838 1867 2865 ,
1918 2806 2055 2869 qnod
2095 2822 2147 2855 se
2186 2806 2325 2855 Urbis

1310 2888 1607 2933 Servatur-em
1653 2900 1754 2937 esse
1784 2885 1987 2943 jactaret
2024 2884 2198 2933 Cicero
2214 2917 2231 2943 ‚
2276 2897 2327 2934 et

1308 2966 1549 3023 Ser-vator,
1571 2964 1895 3017 Comervator,
1918 2962 2086 3009 titulus
2104 2962 2167 3009 sit
2185 2963 2218 3009 J
2220 2964 2327 3011 ovis

1310 3042 1556 3109 propi-itis.
1568 3044 1643 3090 De
1656 3041 1878 3088 Minerva
1898 3050 2061 3087 narrat
2078 3039 2327 3089 Plutarch.

1310 3124 1361 3176 in
1382 3126 1478 3171 vita
1498 3123 1599 3173 cio.
1620 3121 1755 3187 quod
1770 3120 1853 3167 hic
1866 3156 1881 3183 ,
1896 3135 2045 3183 quum
2062 3120 2327 3169 amicorum
2357 3179 2366 3187 „

1312 3211 1546 3267 sequutus
1568 3198 1821 3247 consilinm
1846 3197 2135 3246 decrevisset
2158 3197 2327 3249 cedere

1316 3279 1558 3330 Clodiano
1580 3279 1757 3336 furori,
1779 3287 1925 3341 atque
1950 3276 2109 3337 abire,
2136 3277 2327 3341 signum
2384 3312 2391 3319 .

1314 3360 1550 3409 Minerva!
1564 3390 1579 3417 ,
1600 3356 1737 3420 qnod
1758 3372 1928 3420 magna
1946 3356 1999 3403 in
2018 3356 2329 3406 veneratione

1317 3438 1405 3486 din
1426 3436 1662 3485 habuerat
1688 3434 1823 3483 domi
1839 3470 1853 3494 ‚
1888 3436 1939 3483 in
1972 3434 2218 3500 Capitolio
2246 3451 2331 3501 po-

1316 3518 1442 3575 suit,
1467 3516 1631 3580 ibique
1664 3515 1935 3573 dedicavit,
1974 3531 2087 3563 cnm
2124 3518 2216 3565 hac
2256 3517 2333 3563 in-

1314 3595 1579 3660 scriptione
1596 3610 1611 3645 2
1627 3596 1921 3643 Mnuavu.
1940 3610 2102 3641 vnis.
2124 3597 2332 3643 nonan.

1314 3688 1570 3725 tannim.
1616 3674 1739 3735 Qnoe
1783 3672 1979 3737 quidem
2015 3671 2077 3719 de
2112 3674 2332 3721 Minerva

1316 3753 1667 3804 animadversio
1699 3768 1763 3800 sn
1800 3754 1899 3801 hnc
1937 3752 2137 3801 fortasse
2165 3752 2333 3814 faciat,

1320 3832 1559 3881 videbunt
1583 3832 1760 3881 critici.

1396 3930 1441 3974 7.
1493 3912 1591 3960 Alii
1629 3910 1767 3958 multi
1782 3945 1796 3969 ,
1841 3908 2077 3969 eruditus,
2110 3928 2199 3975 per
2240 3912 2337 3961 iro-

211 3996 342 4043 Joeo
379 3994 560 4041 mavult
594 4009 766 4057 agere,
811 4004 858 4041 et
895 3990 1096 4053 jocandi
1135 4002 1234 4040 erat
1324 3990 1469 4039 niam.
1500 3992 1629 4039 LV.
1650 3992 1703 4037 L.
