2594 4537
305 236 445 311 530
927 232 1026 307 M.
1077 235 1156 306 Τ.
1211 235 1801 309 CICERONIS

293 370 760 459 receperunt,
812 356 1018 456 quod
1057 356 1329 431 fessum
1356 359 1598 432 inedia
1624 358 2123 459 fluctibusque
2160 384 2439 435 recrea-⁵

291 488 471 545 runt
489 467 555 515 ¹⁵
570 520 592 561 ‚
631 469 832 569 quod
867 470 1208 541 viaticum
1238 484 1793 569 congesserunt,
1836 470 2042 569 quod
2073 474 2441 571 navigium

293 582 688 669 dederunt,
711 578 922 678 quod
967 604 1135 651 eum
1171 580 1631 679 linquentem
1668 596 1930 653 terram
1968 606 2131 653 eam
2154 637 2177 667 ‚
2220 608 2439 680 quam

291 704 727 777 servaverat,
785 687 974 762 votis
1003 742 1025 778 ‚
1085 688 1455 763 ominibus
1482 744 1502 779 ‚
1548 690 1883 787 lacrymis
1906 684 1969 734 ¹⁶
2006 696 2441 789 prosequuti

291 817 466 877 sunt
487 856 508 891 ‚
544 816 812 875 aeterna
851 804 930 873 in
965 796 1182 871 laude
1223 815 1603 873 versantur
1638 828 1657 871 ε
1704 800 2041 887 Planci0‚·
2075 801 2287 898 quod
2326 826 2439 875 me

285 914 404 987 vel
434 915 506 985 vi
547 911 878 1012 pulsum,
913 910 1029 983 vel
1063 911 1347 982 ratione
1382 908 1763 983 cedentem
1786 920 1847 966 ¹⁷
1886 911 2287 1008 receperit,
2324 910 2439 1006 ju·

288 1027 510 1112 verit,
555 1021 1026 1109 custodierit,
1067 1015 1262 1093 his¹⁸
1287 1072 1308 1107 ‚
1366 1034 1443 1091 et
1486 1022 1797 1109 senatui,
1848 1021 2283 1119 populoque
2320 1046 2439 1093 ro·

289 1157 546 1219 manc,
575 1147 660 1205 ut
689 1132 1080 1215 haberent,
1117 1154 1335 1227 quem
1376 1129 1813 1203 reducerent
1834 1139 1927 1220 ¹9,
1954 1133 2440 1219 conservarit,

289 1242 552 1315 honori
602 1243 792 1317 hanc
847 1241 1068 1313 fidem
1095 1296 1116 1333 ,
1159 1238 1731 1313 misericordiam
1749 1297 1770 1334 ,
1828 1243 2178 1314 virtutem
2220 1239 2442 1314 fuisse

285 1354 610 1427 miraris?

381 1471 507 1539 XI.
549 1466 740 1537 Vitia
785 1461 1204 1535 mehercule
1255 1465 1391 1535 Cn.
1431 1462 1739 1551 Plancii‚
1776 1484 1895 1533 res
1914 1460 2064 1533 hae!
2088 1516 2113 1549 ‚
2152 1461 2247 1534 de
2285 1464 2444 1560 qui-

287 1575 430 1649 bus
459 1576 644 1662 dixi,
689 1588 930 1673 tegere
957 1587 1360 1672 potuerunt
1396 1596 1413 1643 t
1450 1596 1547 1645 ne
1576 1586 1695 1662 tu,
1730 1572 1811 1642 in
1836 1596 1921 1643 ea
1949 1573 2132 1661 vita,
2168 1572 2265 1643 de
2300 1598 2442 1671 qua

279 1684 700 1784 jamdicam
721 1738 740 1772 ‚
775 1698 887 1756 tot
921 1698 995 1757 et
1029 1699 1232 1756 tanta
1259 1682 1681 1779 adjumenta
1706 1681 1882 1755 huic
1914 1683 2187 1755 honori
2220 1682 2441 1757 fuisse

287 1800 576 1867 mirere.
609 1794 744 1865 Hic
773 1808 885 1867 est
913 1794 1106 1865 enim
1129 1847 1149 1882 ‚
1189 1795 1320 1890 qui
1355 1792 1941 1867 adolescentulus
1966 1817 2135 1865 cum
2160 1798 2440 1867 A.T01·-

287 1916 563 2005 quato²
611 1902 982 2003 profectus
1019 1904 1098 1975 in
1133 1902 1485 1989 Africam,
1542 1905 1647 1979 sic
1691 1903 1783 1975 ab
1818 1904 1949 1976 illo
1984 1908 2441 2004 gravissimo,

285 2030 362 2090 et
395 2018 876 2103 sanctissim0‚
900 2028 1122 2113 atque
1147 2018 1349 2087 omni
1374 2012 1589 2086 laude
1614 2028 1689 2085 et
1712 2013 2000 2086 honore
2016 2014 2443 2113 dignissimo

285 2129 445 2199 viro
486 2124 794 2198 dilectus
833 2140 944 2197 est
965 2178 985 2213 ‚
1031 2138 1114 2195 ut
1177 2139 1253 2195 et
1309 2123 1773 2197 contubernii
1815 2126 2319 2216 necessitud0‚
2374 2142 2447 2200 et

287 2237 808 2312 adolescentuli
861 2233 1376 2308 modestissimi
1414 2234 1658 2332 pudor
1698 2234 2133 2334 postulabat.
2186 2240 2340 2329 Qui
2388 2241 2443 2309 si

289 2345 654 2436 adesset—²⁵,
693 2371 847 2419 non
887 2349 1132 2418 minus
1168 2345 1292 2418 ille
1337 2345 1772 2434 declararet,
1818 2371 2041 2444 quam
2084 2345 2213 2420 hic
2252 2349 2442 2421 illius

288 2460 512 2533 frater
547 2455 896 2558 patruelis
915 2511 936 2546 ‚
975 2471 1050 2528 et
1083 2481 1292 2530 socer
1342 2461 1423 2528 T.
1450 2461 1863 2555 Torquatus
1882 2511 1903 2546 ‚
1928 2457 2033 2528 illi
2068 2461 2277 2530 omni
2306 2463 2441 2530 vir-

292 2585 450 2642 tute
486 2583 560 2641 et
589 2567 804 2640 laude
835 2592 970 2666 par
1004 2595 1019 2638 :
1061 2571 1185 2668 qui
1226 2583 1339 2640 est
1382 2567 1673 2665 quidem
1724 2593 1893 2640 cum
1943 2567 2068 2640 illo
2109 2572 2443 2643 maximis

289 2677 602 2753 vinculis
650 2693 726 2750 et
764 2678 1329 2777 propinquitatis
1348 2733 1368 2768 ‚
1416 2693 1493 2752 et
1534 2675 1908 2752 affinitatis
1960 2679 2441 2777 conjunctus;

368 2845 450 2902 15.
502 2847 848 2914 fluctibusque
899 2858 1202 2898 morcarum.
1259 2850 1321 2896 In

1486 2849 1567 2897 18.
1597 2847 1709 2898 His.
1739 2847 1860 2899 scil.
1892 2849 2062 2900 amicis
2101 2855 2441 2916 pra-sentibus.

290 2928 482 2980 Francii
504 2928 666 2994 primo
683 2928 894 2994 legitur:
922 2950 950 2971 c
966 2927 1102 2994 qnod
1127 2926 1290 2976 inedia
1305 2959 1321 2986 ‚
1405 2929 1573 2978 Garat.
1601 2927 1749 2980 habet
1767 2927 1825 2978 is.

289 3009 617 3074 fluctibusque
661 3009 940 3058 consectum
977 3017 1254 3056 recrearunt
1271 3028 1321 3056 ι.

292 3087 490 3139 schiitz.
519 3104 578 3137 ac
602 3087 760 3136 Wolf.
789 3089 895 3136 aine
923 3103 1064 3135 causa
1092 3085 1320 3152 praetule·

293 3180 410 3219 runt
436 3183 451 3218 :
500 3189 528 3211 ι
561 3167 743 3216 smum
777 3165 940 3214 inedia
993 3164 1323 3230 fluctibusque

293 3247 573 3298 confectum
581 3268 624 3296 n.
638 3248 806 3309 Quum
818 3245 1006 3294 Marius
1015 3246 1068 3292 in
1079 3243 1323 3294 coloniam

296 3327 710 3378 Minturnensium
757 3325 896 3375 venit
913 3359 932 3388 ,
982 3324 1139 3374 tulin
1187 3339 1324 3373 oram

293 3409 494 3474 legerat.

373 3489 454 3536 16.
495 3483 651 3544 Vocis,
669 3481 939 3544 οηιίηἰόω,
968 3480 1208 3546 lacrymis.
1234 3481 1320 3532 Al.

295 3594 322 3614 «-
340 3565 573 3634 lacrymis
593 3563 818 3630 votisque
840 3561 1069 3612 omnibu.
1085 3584 1128 3610 n.
1153 3559 1327 3610 Orellii

295 3645 576 3698 uticensis
595 3643 713 3693 edit.
741 3665 768 3704 ᾳ
785 3642 1039 3708 lacrymis,
1053 3641 1182 3691 votis
1205 3642 1326 3690 omi-

297 3729 543 3792 nibusque
562 3746 604 3772 n.

373 3823 458 3868 ⁸7·
511 3801 720 3854 Ratione
767 3801 1034 3852 cedentem.
1087 3799 1324 3850 Utilitatis

296 3885 504 3952 publicae
537 3898 681 3932 causa
697 3915 716 3942 ,
751 3899 814 3932 ne
849 3879 1118 3948 periculosa
1155 3879 1324 3931 multis

293 3965 472 4016 seditio
497 3971 789 4012 moveretur.

1486 3025 1506 3056 ι
1519 3024 1571 3072 9.
1593 3010 1747 3072 Quem
1762 3009 2064 3060 reducerent.
2086 3011 2171 3058 Sic
2188 3013 2245 3060 in
2262 3012 2441 3062 Erfnrt.

1410 3098 1463 3136 et
1494 3088 1547 3134 in
1576 3089 1754 3154 Regio.
1796 3088 1858 3137 ld
1888 3088 1969 3140 vel
2002 3089 2107 3141 aine
2134 3089 2281 3140 libri-s
2306 3094 2443 3140 resti·

1413 3165 1649 3214 tuendum
1664 3178 1798 3218 recte
1820 3167 2037 3218 decernit
2056 3171 2313 3221 Emeum.
2330 3171 2447 3220 Vul-

1412 3246 1511 3310 gati
1528 3245 1642 3294 libri
1660 3260 1675 3295 t
1702 3269 1729 3290 α
1746 3247 1883 3312 quod
1904 3247 2199 3298 reducerent
2214 3271 2261 3298 n.

1483 3326 1577 3374 ΣΙ.
1614 3341 1661 3376 1.
1698 3327 1791 3376 Bes
1820 3324 1920 3376 Itoe.
1960 3327 2143 3378 Melius
2178 3345 2245 3379 ex
2274 3331 2443 3380 Bavar.

1412 3405 1504 3452 Res
1527 3420 1617 3454 σω.

1483 3499 1538 3532 a.
1576 3485 1643 3532 A.
1686 3485 1953 3550 Torquato..
1991 3485 2093 3548 Qui
2130 3497 2323 3550 prator
2354 3489 2443 3538 snit

1411 3562 1608 3612 Africae.
1644 3565 1813 3612 Frater
1841 3564 1947 3626 ejus
1972 3564 2209 3630 patruelia
2234 3568 2295 3616 T.
2324 3569 2443 3616 Tor·

1412 3653 1587 3706 quatus
1610 3641 1793 3691 Rhodii
1817 3643 2005 3707 peritus
2033 3643 2310 3710 disciplina
2334 3647 2441 3694 Μο-

1410 3721 1539 3770 loni·
1554 3757 1569 3782 ‚
1620 3721 1731 3788 plus
1776 3721 2019 3790 facultatis
2062 3722 2125 3772 ad
2176 3723 2441 3776 dicendum

1410 3799 1583 3850 habuit
1605 3817 1752 3866 quam
1774 3801 2060 3852 voluntatis.

1486 3881 1535 3929 3.
1576 3879 1672 3944 Qui
1690 3880 1734 3932 si
1756 3882 1973 3932 adesset.
2007 3880 2164 3950 vulg.
2194 3903 2219 3926 ι
2238 3883 2372 3950 quod
2397 3881 2437 3932 si

1409 3958 1597 4014 adesset
1615 3983 1659 4009 n.
