2594 4537
367 316 502 388 138
819 376 825 381 .
1001 319 1099 390 Μ.
1149 319 1228 385 Τ.
1283 317 1853 387 CICERONIS

358 464 503 538 que
547 441 1057 537 incorruptos;
1111 462 1357 538 neque
1399 464 1529 512 sua
1580 452 1843 539 sponte
1863 489 1884 526 ‚
1925 462 2063 511 nec
2108 440 2315 535 jure,
2362 464 2475 512 nec

358 573 598 635 more,
625 572 764 619 nec
795 572 966 619 vere
985 602 1007 635 ,
1029 572 1166 621 nec
1191 549 1523 646 religiose
1540 603 1561 636 ‚
1586 572 1727 622 nec
1754 549 2067 646 integre3
2104 545 2208 620 si⁶
2231 552 2474 648 impro-

359 662 513 733 visa
533 712 552 746 ‚
591 657 651 729 si
687 656 1100 747 sollicitata,
1124 660 1189 733 si
1213 660 1569 734 concitata
1591 714 1612 747 ,
1644 661 1703 731 si
1731 674 1977 731 coacta
1997 712 2019 747 ‚
2048 660 2113 735 si
2146 661 2405 759 impia3
2428 662 2473 733 si

361 784 635 845 temere
653 822 674 857 ‚
695 772 754 840 si
778 768 1062 867 putide,
1087 772 1150 841 si
1177 771 1711 845 inconstantor⁷
1732 771 2031 841 nomina
2053 769 2339 843 misitin
2354 770 2471 841 hoc

350 878 708 974 judicium
764 886 898 977 per
935 880 1433 979 egentissimos
1487 892 1705 953 testes
1724 932 1747 967 ,
1810 882 1971 977 ipsa
2014 893 2263 953 autem
2316 878 2470 953 nihil

355 990 563 1086 queri
594 1012 762 1061 vere
799 989 890 1063 de
929 990 1214 1086 injuriis
1251 1003 1541 1089 potest:
1582 990 1959 1078 tamenne,
1988 988 2309 1083 judices,
2346 989 2471 1061 haec
2549 1060 2550 1087 ἒ

356 1097 449 1175 ad
493 1098 713 1173 breve
757 1113 1047 1199 tempus
1082 1098 1329 1175 audita
1362 1100 1746 1198 longinqui
1783 1101 2135 1197 temporis
2179 1102 2472 1199 cognita·
2548 1148 2550 1189 ÷

355 1233 524 1285 rum
565 1234 810 1283 rerum
851 1209 1073 1283 fidem
1116 1210 1625 1309 derogabunt?

453 1318 748 1395 Tenebo
791 1323 1008 1420 igitur
1044 1322 1246 1402 hunc
1281 1319 1617 1394 ordinem
1658 1318 2017 1407 defensor,
2052 1344 2277 1418 quem
2314 1319 2471 1419 fugit

355 1426 766 1517 inimic11s⁸‚
807 1447 882 1505 et
922 1447 1409 1507 accusatorem
1448 1428 1728 1530 urgebo
1766 1444 1983 1528 atque
2020 1434 2385 1529 insequar,
2414 1446 2471 1504 et
2548 1504 2550 1519 ⁴

355 1541 554 1616 ultro
583 1546 901 1620 crimem
925 1543 1020 1617 ab
1050 1542 1455 1618 adversario
1481 1538 1840 1639 flagitabo.
1876 1542 2069 1631 Quid
2104 1556 2251 1629 est,
2278 1540 2470 1613 Laeli?
2549 1612 2550 1625 ἶ

357 1650 713 1751 numquid
729 1677 857 1725 ea..
869 1708 905 1725 ..
922 1678 1180 1727 vere....
1199 1654 1408 1727 dicis?
1422 1655 1549 1751 qui
1564 1650 1931 1749 quidem¹⁰
1945 1677 2097 1723 non
2112 1653 2189 1723 in
2208 1651 2471 1737 umbra,

359 1786 604 1859 neque
644 1764 718 1835 in
765 1764 956 1837 illius
1004 1766 1230 1839 aetatis
1269 1763 1668 1863 ‚disciplinis
1712 1762 2134 1860 artibusque
2170 1776 2469 1835 versatus
2549 1764 2550 1821 ἶ

357 1884 488 1946 est.
545 1875 838 1946 Etenim·
887 1900 1073 1975 puer
1129 1900 1297 1949 cum
1343 1888 1552 1973 patre
1594 1872 1891 1948 consule
1931 1871 2023 1943 ad
2046 1869 2345 1945 ‘bellum
2381 1884 2469 1941 est
2549 1910 2550 1949 Τ

355 1981 746 2080 profectus.
781 1988 1138 2062 Nimirum
1171 1988 1389 2059 etiam
1424 1984 1571 2057 hoc
1596 1984 1755 2081 ipso
1786 1984 2085 2058 nomine
2118 1979 2465 2081 aliquid...

357 2118 531 2169 usus
553 2105 714 2165 ¹¹....
2549 2104 2550 2173 ζ

449 2210 664 2278 Hunc
715 2206 934 2303 igitur
992 2210 1267 2296 virum,
1324 2204 1493 2278 Laeli
1519 2258 1539 2290 ,
1596 2202 1871 2304 quibus
1919 2202 2215 2276 tandem
2270 2202 2467 2276 rebus
2549 2240 2550 2302 j

354 2319 783 2415 oppugnas?
817 2321 1020 2405 Fuit,
1053 2323 1130 2390 P.
1181 2319 1567 2391 Servilio¹²
1608 2318 2085 2414 imperatore,
2129 2319 2207 2386 in
2248 2317 2467 2388 Cilicia
2549 2327 2550 2412 }

349 2427 690 2500 tribunus
743 2429 1108 2503 militum:
1163 2452 1246 2499 ea
1288 2453 1402 2502 res
1460 2427 1729 2502 siletur.
1787 2427 1950 2496 Fuit
2004 2430 2102 2499 M.
2138 2422 2199 2468 ¹3
2251 2425 2467 2499 Pisoni

353 2552 670 2632 quaestor
707 2541 783 2608 in
828 2540 1168 2636 Hispania
1217 2567 1232 2610 ε
1287 2565 1433 2610 vox
1476 2539 1566 2610 de
1622 2553 1987 2636 quaestura
2042 2537 2237 2608 nulla
2278 2538 2468 2608 missa

353 2663 481 2717 est.
543 2647 820 2719 Bellum
869 2655 1213 2723 Cretense
1269 2677 1358 2724 ex
1410 2673 1667 2750 magna
1710 2661 1913 2748 parte
1968 2653 2227 2746 gessit,
2270 2663 2467 2746 atque

353 2783 500 2832 una
549 2784 714 2830 cum
773 2786 1058 2834 summo
1115 2759 1645 2862 imperatore14-
1689 2762 2031 2832 sustinuit
2070 2786 2087 2829 :
2139 2775 2339 2831 muta
2378 2771 2467 2830 est

325 2959 338 2970 ‘
422 2963 474 3015 6.
509 2963 564 3012 Si
589 2965 862 3030 improvisa.
890 2968 941 3015 Si
965 2969 1020 3016 in
1050 2977 1153 3017 tota
1191 2968 1283 3016 bac
1318 2983 1372 3017 re
1460 2967 1615 3030 gratia
1639 2982 1693 3014 ea
1721 2981 1867 3030 quam
1887 2976 2088 3031 paterna
2111 2965 2261 3015 dahat
2281 2963 2469 3030 dignius

351 3043 716 3116 imprudentiae,
754 3046 1136 3106 sollicitationis,
1181 3047 1375 3113 cupidi·
1460 3055 1531 3094 cst
1554 3045 1681 3093 male
1700 3047 1850 3093 usus?

351 3125 466 3172 tatis
487 3125 593 3186 vis,
620 3126 857 3190 sacrilegii
877 3127 1079 3191 vestigia
1102 3127 1373 3193 deprehen·
1538 3141 1559 3173 1
1574 3141 1618 3174 t.
1660 3123 1879 3190 Explicit
1916 3125 2239 3190 fragmentum
2280 3137 2463 3173 novum.

353 3203 552 3252 duntur.
1458 3208 1507 3254 J.
1527 3207 1591 3254 V.
1619 3207 1677 3254 L.

427 3301 473 3346 7.
493 3283 546 3332 si
560 3291 757 3343 temen,
776 3284 822 3333 εἰ
819 3285 1020 3350 putide,
1036 3287 1082 3335 εἰ
1096 3287 1374 3337 inconsean-
1534 3301 1617 3334 ra.
1666 3285 1725 3332 P.
1758 3283 1969 3331 Servilio.
2016 3284 2236 3334 Isaurico
2256 3320 2272 3344 ,
2300 3286 2384 3352 qni
2416 3285 2465 3332 ds

352 3375 438 3412 ter.
472 3364 597 3412 Tota
625 3363 728 3412 haec
753 3366 991 3414 sententia
1021 3380 1240 3432 suspecta
1268 3380 1370 3427 est,
1459 3363 1658 3426 Cilicia,
1688 3375 1741 3412 at
1765 3364 1945 3411 Isauris
1972 3363 2291 3429 triumphavit
2308 3401 2324 3428 ‚
2352 3364 2464 3414 undo

348 3443 632 3494 Ciceronem
653 3459 752 3492 non
768 3447 904 3510 sapit.
916 3473 987 3484 --
999 3449 1216 3496 Nomina
1231 3449 1371 3498 misit.
1458 3457 1747 3506 cognomen·

347 3523 410 3572 td
427 3535 530 3585 est,
551 3525 814 3573 accusavit.
1536 3523 1617 3570 13.
1657 3525 1730 3570 M.
1762 3519 1947 3569 Pisoni.
1983 3521 2268 3587 Hispaniam
2305 3536 2463 3585 quua

419 3605 468 3654 8.
498 3602 742 3653 Inimicus.
771 3605 945 3654 Flacci.
1213 3613 1218 3622 ·
1455 3601 1719 3650 Hortensio
1744 3612 1795 3649 et
1820 3600 2022 3649 Metello
2058 3615 2187 3651 coss.
2214 3603 2463 3666 triumplu·

299 3739 302 3744 Ι
414 3699 464 3746 9.
527 3683 736 3733 Gn'men.
791 3684 1041 3750 ‘flagitabo
1091 3699 1147 3735 ut
1201 3694 1366 3753 aperte
1452 3681 1554 3743 vit,
1578 3692 1693 3746 post
1714 3691 1973 3746 praeturam
1994 3681 2370 3731 administranti.

341 3763 694 3810 accusationem
724 3762 1026 3828 profiteatur.
1530 3769 1609 3816 14.
1670 3761 1789 3808 Cum
1830 3775 2015 3807 summo
2059 3760 2367 3825 imperatore.
2410 3761 2465 3820 Q.

419 3855 500 3890 xo.
547 3839 641 3903 Qm‘
673 3841 882 3905 quidem.
921 3847 982 3892 Et
1016 3859 1129 3892 sane
1165 3845 1365 3895 Flaccus
1450 3840 1683 3898 Metello,
1726 3841 1811 3904 qui
1853 3839 1915 3888 <10
1949 3839 2091 3888 Cret&
2131 3841 2461 3907 triumphum

342 3919 512 3968 nonin
536 3920 810 3968 scholarum
829 3921 998 3969 umbra
1019 3936 1091 3972 est
1109 3925 1359 3974 educatus.
1451 3920 1581 3968 unde
1620 3920 1839 3970 Creticus
1874 3919 2147 3984 appellatus
2178 3933 2269 3969 est.
2310 3921 2457 3969 Infra:

339 4017 412 4027 -
449 3993 554 4038 Hoc
586 3991 691 4054 ipso
727 3991 938 4042 ηοωὶηο.
979 3995 1230 4059 Numquid
1267 3997 1359 4045 hac
1446 3999 1679 4066 prodesse
1704 4001 1875 4049 Flacco
1897 4000 2071 4062 debet,
2090 4003 2231 4065 quod
2254 4019 2306 4050 so
2323 3999 2460 4049 tribu-

339 4069 402 4117 de
433 4087 486 4118 re
511 4085 736 4118 accusare
770 4085 880 4118 eum
909 4083 1048 4135 potes
1065 4107 1081 4134 ,
1120 4077 1359 4140 numquid
1448 4097 1564 4129 num
1588 4080 1823 4142 militum,
1841 4079 1983 4145 quod
1996 4092 2318 4144 quaestorem,
2341 4075 2463 4146 quod
