2594 4537
351 314 440 389 58
982 324 1078 391 Μ.
1131 324 1207 391 T.
1263 324 1851 394 CICERONIS

341 440 644 537 Cethegi
663 494 684 525 ‚
727 440 1056 527 Lentuli,
1095 456 1653 541 ceterorumque
1678 458 1965 516 mentes
1998 470 2227 543 :quas
2254 472 2395 520 vos
2424 453 2505 521 in

343 550 454 621 his
491 550 852 641 libidines,
887 578 1050 650 quae
1087 552 1389 652 flagitia,
1422 578 1605 652 quas
1634 554 2156 653 turpitudine5‚
2180 576 2509 654 quantas

341 661 742 733 audacias¹¹
761 718 780 752 ‚
805 687 1026 760 quam
1051 666 1511 738 incredibiles
1538 666 1849 753 furoreS,
1886 688 2067 764 quas
2090 682 2305 740 notas
2334 694 2505 742 sce·

345 772 574 843 lerum
597 829 618 860 ‚
670 798 832 872 quae
880 774 1142 847 indicia
1187 776 1739 875 parricidiorum
1761 829 1781 864 ‚
1825 792 2143 874 quantos
2188 802 2507 853 acervos

339 880 744 955 facinorum
781 888 1206 984 reperietis?
1230 894 1337 959 Ex
1369 889 1685 986 magniS‚
1712 902 1786 959 et
1804 886 2171 961 diuturnis
2188 944 2209 977 ‚
2242 904 2320 961 et
2340 894 2505 988 jam

341 993 738 1093 desperatis
777 996 1192 1095 reipublicae
1229 997 1506 1071 morbis
1544 1001 1679 1069 ista
1710 1012 2017 1096 repente
2054 1002 2164 1070 vis
2198 1004 2503 1099 erupit,

345 1116 428 1174 ut
447 1158 468 1190 ‚
515 1130 600 1176 ea
643 1105 970 1180 confecta
1011 1122 1087 1179 et
1128 1108 1357 1203 ejecta
1380 1160 1399 1197 ,
1434 1108 1931 1180 convalescere
1974 1108 2381 1207 aliquando
2428 1126 2507 1183 et

341 1216 576 1284 sanari
603 1219 846 1288 civitas
875 1220 1102 1319 possit
1127 1230 1212 1289 ¹².
1241 1223 1501 1316 Neque
1528 1221 1727 1289 enim
1752 1232 1861 1289 est
1888 1220 2281 1317 quisquam
2298 1275 2320 1309 ‚
2364 1224 2505 1318 qui

337 1322 766 1417 arbitretur,
803 1328 942 1401 illis
973 1328 1264 1400 inclusis
1302 1333 1378 1399 in
1413 1327 1789 1427 republica
1827 1327 2157 1426 pestibus
2182 1326 2243 1373 ¹³
2267 1381 2288 1417 ‚
2324 1329 2503 1401 diu·

339 1438 483 1507 tius
509 1434 661 1509 hoec
685 1454 872 1511 stare
891 1442 1236 1538 potuisse.
1253 1445 1511 1537 Itaque
1529 1463 1653 1511 eos
1671 1462 1823 1510 non
1848 1436 1939 1511 ad
1958 1438 2503 1537 perficiendum

336 1545 567 1617 scelus
589 1601 609 1634 ‚
646 1548 772 1620 sed
806 1548 896 1620 ad
927 1548 1228 1621 luendas
1261 1548 1677 1648 reipublicae
1706 1574 2000 1648 poenas,
2042 1548 2248 1621 furiae
2288 1576 2501 1648 quae-

339 1657 506 1728 dam
534 1660 1023 1732 incitaverunt
1039 1659 1126 1731 ¹4.

431 1774 756 1843 XXVIII.
785 1776 871 1841 ln
889 1768 1086 1842 hunc
1103 1774 1324 1869 igitur
1346 1792 1637 1867 gregem
1654 1780 1675 1815 ¹
1696 1794 1831 1841 vos
1858 1794 2059 1842 nunc
2080 1775 2153 1842 P.
2178 1770 2465 1841 Sullam
2482 1826 2502 1858 ‚

329 1878 645 1975 judice3‚
681 1908 771 1953 ex
807 1880 922 1952 his
944 1936 963 1970 ‚
1009 1884 1136 1980 qui
1179 1904 1349 1952 cum
1384 1880 1525 1952 hoc
1550 1882 1827 1951 ·vivunt
1860 1894 2080 1978 atque
2108 1883 2505 1967 vixerunt,

333 1990 1009 2063 honestissimorum
1077 1992 1463 2063 hominum
1516 1976 1903 2089 gregibus,
1962 1990 2361 2087 rejicietis?
2406 2016 2501 2063 ex

333 2104 478 2175 hoc
519 2104 902 2175 hominum
945 2128 1289 2190 numem,
1328 2128 1415 2174 ex
1454 2102 1587 2173 hac
1622 2098 1952 2172 familiari
1986 2101 2503 2199 dignitate‚,in

333 2218 728 2315 impiorum
763 2230 1084 2317 partem,
1127 2232 1347 2312 atque
1397 2216 1473 2284 in
1517 2211 2035 2313 parricidarum
2080 2227 2363 2284 coetum
2414 2238 2504 2286 ac

339 2353 728 2398 numerum
793 2325 1285 2398 transferetis?
1321 2324 1468 2395 Ubi
1502 2325 1641 2394 erit
1681 2325 1905 2420 igitur
1945 2323 2127 2394 illud
2180 2321 2501 2396 fortissi-

339 2461 538 2506 mum
559 2449 590 2478 ²
625 2437 1039 2533 praesidium
1073 2431 1421 2534 pudoris³
1453 2436 1483 2504 ἱ)
1529 2457 1683 2531 quo
1739 2437 1819 2502 iu
1876 2434 2037 2504 loco
2090 2430 2311 2504 nobis
2342 2437 2503 2506 vita

335 2562 502 2617 ante
547 2561 703 2616 acta
758 2545 1126 2643 proderit?
1186 2545 1389 2641 quod
1440 2542 1529 2614 ad
1597 2558 1887 2640 tempus
1932 2544 2501 2618 existimationis

333 2670 552 2756 partae
585 2655 868 2727 fructus
902 2653 1388 2727 reservabitur
1413 2707 1433 2742 ‚
1486 2657 1545 2724 si
1581 2660 1660 2725 in
1700 2669 2027 2726 extremo
2068 2653 2503 2728 discrimine

413 2895 490 2927 ιι.
525 2879 751 2941 Quantas
777 2875 1034 2925 aeadacias.
1063 2875 1124 2922 In
1149 2887 1357 2922 numum
1444 2871 1592 2931 hujus
1628 2869 2107 2942 imperiifflestibus,
2138 2871 2329 2920 henum
2368 2875 2503 2924 mihi

333 2957 510 3022 plurali
553 2956 682 3005 dixit
717 2971 914 3019 quoqne
943 2956 996 3000 in
1029 2954 1236 3000 'Verrem
1269 2955 1356 3000 V:
1445 2951 1743 3014 inexpiabile
1769 2949 1883 2998 dico
1918 2967 2021 2998 esse
2042 2961 2400 3015 susceptum».
2434 2957 2501 3003 Et

342 3037 498 3084 Vultis
534 3047 697 3082 amem
729 3034 940 3097 ipsorum
975 3030 1239 3080 audacias.
1261 3063 1274 3076 .
1299 3065 1313 3077 .
1334 3068 1347 3080 .
1446 3045 1541 3093 pro
1562 3031 1613 3078 P.
1636 3029 1804 3077 Sextio
1823 3043 1837 3078 :
1856 3051 1885 3071 or
1898 3029 2024 3088 luce,
2040 3031 2222 3094 palam,
2236 3049 2265 3079 a
2287 3034 2501 3082 nefariis

331 3119 590 3164 resecare?
609 3116 674 3162 Et
689 3112 816 3160 libro
836 3111 1030 3174 epistol.
1051 3109 1118 3158 ad
1135 3111 1360 3157 Atticum
1444 3109 1667 3173 pestibus
1726 3109 1781 3156 in
1836 3105 2041 3156 dem-1
2054 3145 2071 3170 ,
2122 3110 2502 3178 hominumque

330 3211 392 3260 9:
408 3195 548 3243 «noli
563 3203 732 3258 putare
749 3191 1213 3240 tolerabileshornm
1227 3186 1359 3236 insa-
1450 3200 1719 3252 eonspectn
1757 3199 1881 3236 esset
1912 3189 2106 3236 occisus
2120 3211 2165 3239 a.
2190 3215 2264 3228 -
2282 3193 2504 3244 Diutius

329 3276 467 3335 nias,
499 3291 588 3322 nec
613 3275 756 3320 unius
775 3271 914 3319 modi
939 3271 1059 3318 fore.
1083 3270 1152 3316 Ea
1176 3269 1359 3332 siquid
1446 3268 1564 3315 Iuoee.
1592 3267 1651 3314 Id
1678 3278 1775 3326 est,
1806 3267 1979 3315 urbem
2006 3271 2163 3333 ipsam
2180 3301 2199 3329 ‚
2230 3279 2283 3317 et
2316 3275 2501 3336 quod-

331 3368 378 3404 ιε
418 3355 596 3402 horum
644 3351 770 3413 fugit
795 3384 811 3408 ,
853 3349 1042 3412 legibus
1068 3385 1084 3408 ,
1123 3347 1322 3407 judiciis
1342 3382 1360 3407 ,
1446 3361 1655 3410 eumque
1678 3348 1919 3395 continet.
1936 3361 1951 3376 ‘

332 3445 502 3486 senatu
537 3431 755 3487 sublato,
789 3429 1018 3477 libidines
1033 3461 1048 3486 ,
1082 3425 1324 3474 audacias
1342 3461 1357 3486 ,
1524 3433 1606 3481 14.
1658 3426 1825 3474 Fur-ies
1862 3427 2093 3489 qua-dam
2134 3427 2505 3483 incitaremur.

327 3525 580 3579 sumptus,
601 3519 832 3576 egestates
847 3519 923 3555 tot
939 3505 1357 3571 egentissimorum
1446 3506 1621 3552 Poenas
1652 3505 1991 3569 impu-chorum
2024 3507 2191 3555 diviua
2228 3509 2503 3562 voluntate

327 3593 582 3642 hominum
596 3627 610 3650 ‚
633 3605 724 3637 nec
743 3587 958 3652 privatas
976 3601 1121 3651 posse
1147 3599 1245 3640 res,
1266 3599 1357 3632 nec
1446 3583 1595 3648 pendi
1618 3601 1748 3649 saepe
1766 3583 2009 3648 significat
2030 3587 2229 3636 Cicero.

331 3671 682 3736 rempublicam
708 3667 946 3715 sustinere
971 3685 1012 3713 ι.
1516 3666 1759 3712 xxvm.
1786 3679 1828 3712 ι.
1852 3667 1915 3711 In
1939 3664 2071 3712 launo
2092 3667 2251 3731 igitur
2266 3683 2501 3734 gugem,

410 3769 488 3800 ω.
534 3751 714 3799 Civitas
747 3747 918 3812 possit.
955 3747 1144 3793 Emest.
1185 3743 1355 3791 civitas
1447 3743 1629 3789 Eorum
1666 3759 1792 3806 quos
1836 3745 1975 3792 furia
2016 3747 2375 3797 incitaverunt,
2424 3779 2499 3790 -..

323 3842 507 3899 possee.
535 3831 583 3878 J.
603 3829 668 3876 V.
697 3829 752 3876 L.
1448 3819 1573 3866 Cum
1600 3821 1707 3870 Ιιοο.
1738 3821 1886 3869 Sulla.

409 3929 428 3960 ι
441 3913 491 3964 3,
521 3906 756 3955 Pestibus.
801 3905 883 3954 Sic
916 3904 978 3950 de
1005 3919 1132 3965 resp.
1155 3901 1356 3964 hat-usp.
1522 3913 1569 3945 2.
1598 3899 2081 3961 Illudfortissi'rmem,
2104 3905 2281 3955 Lamb.
2294 3907 2499 3973 firmis.

333 4019 355 4036 ..
377 3993 502 4042 Cum
539 3987 617 4034 his
657 3985 796 4032 furiis
829 3995 877 4029 et
905 3982 1116 4037 facibus,
1145 3997 1258 4027 cum
1281 3980 1360 4028 his
1447 3979 1636 4028 simum.
1658 3983 1706 4029 J.
1732 3982 1798 4028 V.
1820 3983 1872 4028 L.

337 4073 534 4134 inquam
569 4063 788 4114 exitiosis
824 4059 1096 4124 prodigiis,
1131 4075 1188 4106 ac
1221 4075 1361 4121 paene
1522 4061 1575 4106 3.
1599 4058 1821 4108 Pudor&-
1846 4059 1941 4106 Hic
1954 4059 2201 4111 honorem
2218 4064 2493 4131 ,ffgffiflcn
