2594 4537
302 286 440 362 250
650 287 656 294 ’
730 291 1374 364 MARKLANDI
1421 295 1550 364 ET
1591 292 2046 364 GESNERI

297 412 659 491 orationes,
692 433 919 478 verum
954 435 1092 480 non
1124 415 1213 480 ita
1244 415 1456 480 multo
1481 430 1634 506 post
1659 429 1912 480 aetatem
1943 411 2173 495 Tullii,
2209 435 2296 478 eo
2337 415 2456 480 in·

298 519 565 588 tei-vallo
582 567 603 601 ,
640 517 824 606 quod
864 520 1035 586 inter
1071 520 1245 588 edita
1282 545 1324 587 a
1367 523 1624 588 Valerio
1665 521 1954 586 Maximo
2001 517 2292 608 exempla
2309 567 2333 603 ,
2381 537 2456 586 et

298 624 469 688 inter
512 623 913 690 Asconianos
961 627 1031 690 in
1075 629 1460 693 Ciceronem
1499 627 2002 693 commentarios
2040 626 2454 709 intercessit,

296 729 480 818 qnod
494 730 909 802 intervallum
940 733 1125 800 annis
1162 734 1418 800 circiter
1438 734 1658 800 XXVI
1690 732 1828 823 ipse
1859 732 2026 798 finit.
2056 734 2292 819 Itaque
2319 755 2454 797 ue-

294 857 429 922 que
463 833 659 910 fidem
695 836 1069 906 historicam
1100 841 1259 917 iuis,
1307 863 1524 930 neque
1553 839 2006 904 auctoritatem
2041 837 2276 927 lingum
2319 837 2454 902 ab·

294 939 544 1020 judicat
568 942 963 1032 simpliciter,
986 945 1102 1010 sed
1122 949 1560 1034 ignorantiam
1585 962 1804 1010 tamen
1820 991 1840 1027 ,
1863 945 2186 1032 ignaviam
2207 965 2453 1032 quam-

298 1045 781 1137 damfiigidam
792 1099 814 1133 ,
840 1053 1205 1118 cacozelian
1235 1070 1302 1118 et
1317 1065 1684 1142 corruptum
1687 1049 2016 1140 Jadtczum
2041 1047 2454 1137 quibusdan

298 1153 461 1222 locis
496 1155 781 1244 (quibus
818 1181 1056 1250 nempe
1086 1176 1337 1244 auctor,
1369 1176 1448 1224 ut
1475 1181 1666 1225 sorex
1681 1205 1702 1242 ,
1729 1179 1854 1222 suo
1891 1178 1963 1221 se
1995 1152 2240 1236 judicio
2275 1175 2456 1242 pm·-

294 1257 455 1347 dat)
490 1261 615 1334 iuis
645 1263 897 1332 tribuit.

380 1366 611 1438 Dioem
652 1369 869 1459 primo
906 1370 1305 1455 universim,
1346 1393 1466 1436 cur
1499 1369 1665 1436 mihi
1695 1391 1830 1434 non
1870 1365 2166 1432 videntur
2195 1365 2452 1454 proba-

296 1470 465 1556 bile,
508 1474 640 1544 hoc
674 1477 892 1566 primo
924 1491 990 1542 et
1022 1478 1326 1567 proximo
1361 1499 1400 1542 ι
1429 1476 1564 1542 vita
1597 1475 1795 1541 Tullii
1830 1490 2124 1563 tempore
2148 1471 2456 1561 potuisse

294 1576 597 1666 aliquid·
576 1604 647 1648 m
678 1581 851 1650 iuius
882 1605 1128 1650 nomen
1158 1585 1323 1649 falso
1349 1583 1652 1650 conferri.
1675 1575 2005 1670 Diligens,
2039 1595 2122 1644 ut
2151 1576 2368 1642 inde
2343 1601 2456 1642 m·

304 1682 571 1771 cipiam,
612 1686 667 1750 si
704 1688 853 1776 quis
890 1688 1092 1770 nlius,
1132 1705 1271 1752 erat
1317 1689 1549 1754 Cicero
1585 1687 1656 1750 in
1708 1686 1842 1751 suis
1885 1685 2066 1750 libris
2101 1704 2219 1748 sun
2253 1683 2454 1770 quasi

304 1807 570 1856 moneta
600 1791 967 1881 signandis,
998 1792 1504 1882 efficiendoque,
1533 1815 1617 1857 ne
1645 1813 1880 1881 parum
1907 1789 2016 1854 illa
2047 1790 2132 1854 ab
2149 1787 2284 1854 aliis
2303 1787 2456 1854 dis-

298 1895 483 1960 cerni
520 1915 805 1986 possent.
842 1900 1059 1983 Quam
1094 1901 1201 1965 ille
1236 1923 1374 1965 non
1400 1899 1634 1964 habuit
1662 1897 1858 1963 etiam
1897 1894 2304 1986 singulorum
2341 1893 2456 1958 di-

300 2015 561 2068 ctorum
594 2025 869 2072 suorum
904 2005 1209 2072 fiduciam
1232 2054 1251 2089 ,
1287 2029 1434 2094 qum
1467 2036 1495 2064 ι
1517 2005 1608 2069 ita
1633 2020 1921 2094 speraret
1945 2016 2166 2066 notata
2191 2022 2262 2063 se
2289 1999 2455 2064 1·AE-

296 2107 517 2194 quisse
532 2157 555 2192 o
586 2126 663 2176 ιιι
684 2113 993 2203 cognosci
1014 2135 1133 2178 sua
1152 2129 1392 2202 sponte
1417 2125 1684 2200 possent
1703 2141 1728 2168 a·
1747 2109 1774 2174 P
1790 2109 1994 2197 Epist.
2015 2106 2100 2172 ad
2123 2107 2268 2172 Div.
2289 2103 2455 2188 vu,

296 2210 383 2278 32
409 2237 427 2279 z
453 2217 639 2305 «Ipse
668 2220 901 2302 Caesar,
932 2219 1185 2309 inquit,
1207 2217 1452 2283 ibidem
1478 2217 1598 2299 IX,
1631 2217 1742 2299 16,
1767 2214 1968 2281 habet
1991 2235 2251 2303 peracre
2265 2210 2456 2295 iudi-

296 2319 509 2406 cium,
542 2340 607 2389 et
626 2374 645 2407 ,
674 2344 755 2390 ut
775 2327 1101 2393 Servius...
1138 2326 1325 2392 facile
1345 2324 1625 2390 diceret:
1663 2324 1787 2391 Hic
1812 2345 2036 2387 versus
2069 2319 2280 2386 Plauti
2301 2340 2450 2383 non

296 2441 429 2508 est,
457 2429 566 2498 hio
592 2446 755 2498 est...
786 2433 881 2497 sic
912 2432 1109 2498 audio
1130 2435 1484 2513 Caesarem,
1521 2452 1730 2519 quum
1755 2428 2090 2496 volumina
2113 2427 2248 2507 jam
2279 2446 2456 2489 con-

294 2531 522 2599 fecerit
570 2532 997 2619 ἀποφοιγμάτιω,
1050 2540 1107 2604 si
1156 2536 1340 2627 quod
1395 2539 1706 2603 afferatur
1747 2534 1834 2600 ad
1881 2556 2036 2600 eum
2079 2555 2202 2622 pro
2237 2552 2398 2595 meo
2421 2578 2444 2611 ,

293 2638 481 2725 qnod
509 2662 735 2707 meum
764 2666 903 2709 non
937 2646 1049 2727 sit,
1084 2645 1350 2726 rejicere
1371 2644 1609 2725 solere,
1645 2658 1769 2707 etc.
1791 2672 1820 2699 ι
1861 2638 2045 2723 Quid
2079 2637 2444 2729 putamus?

294 2766 519 2809 nonne
542 2748 753 2817 multo
778 2752 979 2841 magis
1002 2751 1356 2832 majoribus
1377 2749 1688 2839 operibus
1711 2770 1816 2813 eas
1841 2745 2217 2835 imprimere
2243 2758 2442 2809 notas

290 2850 621 2920 studuisse
648 2856 863 2921 virum
892 2857 1199 2923 credibile
1222 2872 1352 2938 est,
1383 2854 1624 2944 quibus
1645 2853 1752 2918 illa
1771 2852 1956 2920 facile
1977 2852 2065 2916 ab
2093 2848 2443 2915 imitatoris

294 2956 564 3040 alicujus
606 2960 1023 3031 affectatione
1062 2961 1670 3051 distinguerentur?
1711 2958 1963 3030 Deinde
1997 2958 2112 3046 qui
2151 2956 2442 3025 scribere

296 3077 439 3137 tum
468 3068 687 3154 potuit
712 3090 787 3135 ea
806 3116 827 3152 ,
858 3092 1005 3157 quae
1036 3090 1159 3157 pro
1192 3066 1634 3142 Ciceronianis
1667 3064 2028 3155 approbare
2053 3085 2124 3131 se
2147 3078 2446 3151 speraret

298 3192 518 3259 posse,
550 3172 657 3245 ille
690 3196 781 3239 -ne
824 3175 1115 3241 facturus
1154 3170 1420 3262 quidem
1461 3172 1593 3239 hoc
1631 3187 1771 3235 erat
1789 3218 1810 3251 ,
1845 3170 1946 3235 uti
1978 3184 2111 3235 tam
2133 3164 2444 3256 praeclara

296 3294 725 3349 monumenta
766 3280 942 3347 ultro
984 3280 1111 3344 sibi
1144 3277 1564 3360 abjudicaret.
1605 3278 1818 3367 Ipsius
1851 3276 2196 3355 intererat,
2229 3272 2286 3338 si
2323 3272 2442 3339 lu-

289 3379 450 3455 dere
484 3385 761 3450 omnino
792 3384 1035 3475 placuit
1052 3432 1073 3469 ,
1102 3386 1314 3450 facere
1327 3434 1350 3467 ,
1387 3382 1571 3473 quod
1601 3383 1902 3447 Muretus
1939 3381 2094 3447 fecit
2123 3380 2196 3445 in
2231 3378 2442 3445 sanli-

288 3510 448 3575 gero
462 3538 483 3567 ‚
524 3512 723 3578 quem
760 3490 879 3557 diu
922 3514 1137 3559 errare
1180 3514 1318 3556 non
1353 3492 1454 3555 est
1491 3512 1716 3579 passus
1759 3489 1828 3553 in
1867 3486 2198 3552 versiculis
2213 3534 2232 3569 ,
2265 3506 2440 3574 quos

290 3594 559 3663 Trabeae
594 3598 927 3687 Accioque
960 3600 1101 3688 ipse
1134 3598 1496 3679 subjecerat
1530 3620 1548 3661 ε
1591 3618 1794 3685 quem
1843 3594 2022 3660 enim
2067 3592 2268 3659 alium
2307 3614 2439 3681 po-

291 3714 417 3773 test
446 3702 687 3773 habere
708 3703 906 3773 finem
934 3704 1259 3787 ejusmodi
1290 3703 1540 3768 vanitas
1557 3750 1574 3784 ,
1603 3725 1798 3791 quam
1823 3718 1902 3766 ut
1927 3698 2269 3782 ostendas,
2287 3720 2437 3763 eam

291 3804 410 3875 tibi
442 3830 585 3877 esse
620 3810 933 3876 orationis
974 3811 1227 3899 copiam
1242 3859 1261 3892 ,
1308 3832 1456 3897 quae
1497 3808 1828 3874 Ciceronis
1869 3806 2126 3895 assequi
2162 3804 2436 3895 gloriam

290 3914 529 3997 possit3
587 3915 711 3980 nisi
772 3916 941 3983 forte
995 3915 1273 3981 Michael
1325 3915 1610 4003 Angelus
1663 3916 1986 3979 Bonan-ota
2039 3910 2434 4000 Cupidinem

284 4014 469 4085 illum
504 4018 586 4084 ad
620 4021 954 4089 vetustatis
1002 4021 1433 4087 imitationem
1473 4042 1510 4085 a
1553 4043 1621 4085 se
1665 4022 1912 4085 factum
1953 4034 2022 4084 et
2067 4018 2432 4108 expolitum
