2594 4537
537 311 924 380 ORATIO
974 312 1181 380 PRO
1233 311 1389 382 CN.
1442 311 1940 384 PLANCIO.

2177 313 2315 410 519

171 455 358 503 num
377 426 430 518 ⁵,
465 455 616 502 non
646 430 1143 503 stultissimum
1164 433 1539 504 hominem
1562 430 1743 529 (fuit
1774 439 1965 505 enim
1992 450 2067 507 et
2097 438 2315 508 animi

170 541 349 612 satis
377 541 655 637 magni,
677 555 751 612 et
771 541 1117 638 consilii),
1141 543 1268 614 sed
1295 547 1424 614 Cn.
1442 529 1879 634 Manlium&
1897 571 2047 616 non
2076 547 2315 618 solum

169 649 566 748 ignobilem
587 675 872 739 ‚verum
898 654 1050 724 sine
1075 655 1344 726 virtute
1362 710 1383 742 ,
1412 655 1565 725 sine
1582 657 1879 754 ingenio
1896 711 1915 745 ,
1938 658 2083 730 vita
2102 660 2317 730 etiam

170 775 596 860 contempta
634 785 716 832 ac
751 761 1064 834 sordida.

269 871 792 944 Desiderarunt
818 886 922 960 te,
950 874 1269 972 inquit⁷‚
1307 873 1500 945 oculi
1536 876 1709 959 mei,
1752 899 1981 972 quum
2011 890 2091 946 tu
2126 899 2315 948 esses

169 979 526 1078 Cyrenis⁸
577 1011 594 1054 z
639 1005 758 1054 me
813 987 1046 1070 enim,
1100 1007 1318 1082 quam
1373 984 1643 1071 socios,
1693 998 1821 1055 tua
1868 982 2007 1055 frui
2054 989 2315 1057 virtute

166 1090 571 1182 malebam3
605 1106 718 1180 et,
755 1117 906 1190 quo
952 1094 1116 1192 plus
1157 1095 1551 1165 intererat⁹
1580 1147 1599 1180 ,
1652 1118 1741 1165 eo
1782 1094 1947 1192 plus
1989 1093 2239 1166 aberas
2274 1121 2317 1164 a

169 1224 329 1288 met,
367 1216 560 1273 certe
598 1225 752 1272 non
796 1200 1232 1276 videbamw.
1281 1202 1562 1274 Deinde
1616 1205 1979 1275 sitientem
2014 1229 2132 1276 me
2156 1203 2317 1275 ‘vir-

167 1311 344 1381 tutis
403 1324 542 1381 tuae
608 1309 986 1383 deseruisti
1037 1336 1120 1383 ac
1185 1311 1653 1410 dereliquisti.
1713 1317 2057 1411 Coeperas
2118 1314 2314 1384 enim

163 1436 418 1517 petere
457 1420 913 1493 tribunatum
967 1421 1200 1520 plebis
1240 1421 1696 1520 temporibus
1730 1424 1853 1510 iis,
1899 1447 2061 1520 quae
2102 1426 2312 1494 istam

165 1531 662 1629 eloquentiam
706 1546 778 1605 et
819 1533 1164 1604 virtutem
1213 1532 1759 1630 requirebant¹¹
1810 1557 1827 1601 ε
1866 1557 2085 1628 quam
2132 1535 2313 1630 peti-

162 1639 446 1714 tionein
476 1667 706 1741 quum
737 1644 1188 1740 reliquisseS,
1227 1647 1285 1715 si
1328 1643 1469 1714 hoc
1508 1642 1951 1730 indicastiu,
1998 1655 2194 1714 tanta
2230 1647 2309 1713 in

161 1766 592 1849 tempestate
653 1767 724 1823 te
780 1752 1186 1851 gubernare
1230 1779 1383 1823 non
1436 1776 1684 1850 posse,
1730 1751 1821 1824 de
1872 1755 2141 1824 virtute
2184 1767 2309 1824 tua

160 1859 520 1949 dubitavi3
586 1865 645 1933 si
707 1863 939 1953 nolle,
992 1863 1084 1935 de
1134 1863 1530 1935 voluntate.
1588 1864 1713 1934 Sin
1751 1919 1770 1952 ,
1823 1862 2027 1961 quod
2082 1866 2305 1962 magis

234 2013 283 2064 5.
307 2016 356 2064 C.
370 2017 626 2065 Semnum.
649 2012 818 2064 Serani
835 2004 1000 2064 Atili'ae
1025 2016 1182 2080 gentis

155 2111 184 2142 a
210 2094 422 2143 serendo
465 2095 584 2143 dieti
628 2105 774 2157 sunt,
815 2105 874 2144 nt
897 2106 1074 2144 auctor
1107 2104 1184 2144 est

155 2173 376 2232 Plinius,
411 2189 534 2238 quos
560 2185 730 2238 postea
757 2177 996 2223 Serv-anos
1023 2185 1184 2238 poete

155 2252 413 2312 dixerunt,
457 2263 512 2301 ut
546 2249 875 2318 producerent
927 2253 1180 2319 syllabam.

151 2332 291 2379 Male
306 2367 322 2390 ,
367 2331 467 2381 wc.
513 2334 745 2381 Serenum
768 2368 784 2393 ,
818 2332 1183 2382 subtilissimum

151 2413 407 2459 hominem
434 2433 474 2460 ι.
569 2470 575 2477 ,
712 2427 716 2431 ·

228 2490 280 2539 6.
313 2490 398 2538 Gn.
426 2491 686 2541 Manlium.
721 2494 796 2541 De
824 2491 990 2539 eadem
1029 2504 1078 2538 re
1109 2492 1182 2541 sie

149 2586 250 2636 pro
277 2570 483 2619 Murena
522 2584 535 2619 :
566 2594 590 2614 ι
611 2572 736 2634 Quis
769 2572 826 2621 L.
868 2570 1180 2635 Philippum,

149 2664 347 2698 summo
377 2650 574 2713 iugenio
587 2685 602 2712 ,
626 2668 800 2715 opera,
826 2650 978 2715 gratia
991 2686 1006 2709 ‚
1039 2650 1182 2697 nobi-

147 2729 320 2784 litate,
346 2744 374 2775 a
401 2731 472 2778 M.
505 2730 754 2777 Herennio
793 2730 1008 2793 superari
1033 2744 1176 2793 posse

148 2806 414 2856 arbitratus
443 2810 553 2857 est?
575 2808 684 2873 quis
710 2810 779 2871 Q.
805 2808 1058 2868 Catulum,
1086 2806 1178 2856 hu-

147 2886 385 2934 manitate
397 2921 412 2944 ,
440 2887 673 2951 sapientia
689 2921 705 2946 ,
725 2886 1002 2951 integritate
1042 2896 1176 2934 ante-

145 2964 408 3013 cellentem
423 3001 438 3022 ‚
461 2984 490 3015 a
513 2969 606 3018 Cn.
623 2968 797 3017 Mallio
813 2966 836 3013 Ξ·
849 2988 874 3009 2·

225 3062 275 3106 7.
301 3046 494 3110 Inquz‘l,
517 3064 586 3096 sc.
615 3048 848 3113 populus.

222 3124 274 3173 Β.
300 3122 512 3185 Cyrenis.
545 3128 656 3175 Fuit
676 3126 791 3192 urbs
817 3126 939 3175 olim
967 3124 1174 3175 nobilis-

145 3202 270 3251 sima
291 3202 496 3267 Africae,
519 3218 670 3270 capnt
692 3208 828 3271 regni
855 3204 1070 3268 ejusdem
1089 3220 1179 3252 no·

145 3280 298 3331 minis
347 3290 398 3330 et
445 3286 701 3347 quaestoris
731 3284 886 3333 sedes.
917 3312 986 3321 —
1016 3286 1176 3348 Quam

140 3364 334 3423 socios,
370 3378 440 3412 se.
462 3364 638 3429 populi
663 3363 866 3412 romani.

219 3460 268 3507 9.
301 3442 406 3505 Quo
427 3442 538 3507 plus
558 3442 808 3490 intererat.
837 3442 1016 3491 Passim
1028 3441 1172 3489 omis-

138 3520 370 3570 sionibus
392 3522 656 3571 deformata
685 3534 758 3571 est
781 3522 887 3571 llaec
907 3520 1080 3570 ontio.

221 3615 301 3650 ιο.
334 3600 472 3648 Certe
507 3618 608 3649 non
629 3602 880 3651 videbam.
909 3600 1086 3649 Melius
1110 3600 1172 3648 le-

140 3680 361 3745 gendnm
385 3694 503 3729 eum
523 3682 763 3730 Lambino
787 3698 801 3730 -ε
829 3694 910 3730 «te
925 3692 1056 3729 corte
1069 3694 1172 3728 nou

138 3758 422 3809 videbam».

217 3856 238 3887 ι
258 3854 276 3887 ι
291 3876 304 3887 .
331 3836 670 3903 Eloquentiam
691 3852 743 3888 et
757 3837 990 3887 virtutem
1011 3838 1170 3901 requi-

138 3920 338 3967 rebant.
361 3916 520 3967 Caesar
541 3918 604 3967 ab
623 3918 764 3967 initio
778 3920 852 3966 sni
875 3918 1022 3982 primi
1044 3932 1166 3964 eon-

139 3998 244 4047 sula
252 4009 332 4046 tus
339 3996 492 4062 legem
503 4004 612 4062 agra
619 4000 752 4057 riam,
765 3998 1168 4063 Pompeianorum

1101 4128 1123 4157 Β

1271 2015 1487 2070 militum
1516 2015 1727 2079 gratia,s
1756 2007 1957 2062 trib'uno
1990 2015 2155 2064 Flavio
2188 2033 2302 2080 pro·

1269 2094 1481 2158 potitam
1498 2124 1513 2152 ,-
1552 2095 1667 2141 ferri
1706 2079 1951 2156 coegerat.
1984 2091 2301 2143 Adversariu-

1271 2187 1379 2220 rum
1406 2171 1728 2220 constantiam
1762 2175 1937 2220 timens
1952 2207 1967 2232 ,
1993 2184 2216 2221 senatum
2245 2185 2297 2221 et

1273 2251 1467 2317 plebem
1496 2253 1546 2299 in
1573 2250 1713 2299 istius
1737 2249 1859 2315 legis
1892 2251 2039 2300 vei-ba
2064 2253 2292 2317 gravissi·

1271 2348 1351 2381 me
1372 2330 1654 2391 obstrinxit,
1674 2329 1741 2378 ita
1767 2342 1821 2380 ut
1848 2342 2149 2380 sacramento
2166 2332 2295 2380 obli-

1271 2422 1503 2475 garentur
1550 2410 1621 2456 illi
1659 2410 1753 2473 ipsi
1783 2411 1867 2474 qui
1907 2410 2213 2474 magistratus
2240 2412 2293 2459 iu

1270 2504 1455 2539 annum
1509 2500 1793 2552 sequentem
1852 2489 2100 2554 petebant.
2160 2494 2293 2538 Inter

1269 2584 1396 2633 quos
1442 2558 1516 2617 Μ.
1556 2570 1819 2617 ,Iuventius
1856 2571 2156 2632 latei-ensis,
2202 2573 2291 2635 qui

1269 2644 1555 2713 petitionem
1604 2648 1895 2712 relinquere,
1936 2664 2083 2713 qnam
2128 2652 2291 2712 jurare

1265 2728 1436 2776 maluit
1452 2746 1465 2778 τ
1484 2718 1621 2791 quod
1649 2742 1765 2777 sane
1781 2730 1945 2793 magni
1962 2740 2012 2777 et
2032 2728 2159 2777 flunt
2185 2732 2291 2778 ani-

1265 2808 1333 2854 mi
1366 2806 1725 2855 nobilissimum
1759 2818 1861 2855 erat
1913 2810 2178 2872 specimen.
2206 2812 2291 2857 ·De

1268 2888 1520 2933 Laterense
1542 2887 1593 2932 in
1616 2886 1758 2949 epist.
1785 2886 1848 2933 ad
1860 2887 2099 2945 Atticum,
2117 2882 2203 2936 lib.
2222 2891 2293 2947 11,

1265 2966 1335 3011 sic
1348 2966 1571 3027 loquitur
1586 2964 1793 3012 Cicero:
1814 2984 1837 3005 α
1858 2966 2019 3014 Habet
2044 2968 2287 3031 Campana

1262 3043 1347 3091 lex
1362 3044 1740 3092 exsecrationem
1754 3043 1805 3089 iu
1820 3045 2037 3092 coitione
2052 3046 2286 3097 eandida-

1267 3134 1431 3171 tornm
1454 3159 1469 3183 ,
1508 3124 1552 3173 si
1588 3122 1885 3171 mentionem
1919 3120 2145 3183 fecerint,
2182 3140 2286 3189 quo

1263 3204 1405 3251 aliter
1446 3217 1563 3265 ager
1594 3201 1935 3266 possideatur,
1958 3212 2105 3265 atque
2138 3214 2191 3251 ut
2222 3220 2287 3253 ex

1263 3280 1455 3345 legibns
1496 3280 1677 3328 Juliis:
1714 3293 1813 3327 non
1856 3279 2087 3329 dubitant
2123 3283 2286 3343 jurare

1263 3361 1412 3409 oeten·
1448 3375 1462 3408 ε
1496 3360 1763 3407 Laterensis
1808 3360 2113 3407 existimatur
2144 3374 2288 3411 'reete

1263 3441 1450 3498 fecisse,
1472 3438 1608 3502 quod
1628 3439 1929 3485 tribunatum
1943 3438 2098 3503 plebis
2120 3450 2285 3503 petere

1261 3516 1453 3569 destitit
1472 3554 1487 3575 ,
1532 3534 1590 3566 ne
1611 3518 1797 3579 juraret
1816 3538 1857 3567 ι.
1881 3520 1942 3565 Et
1973 3518 2151 3569 in‘bae
2177 3520 2281 3584 ipsa

1263 3599 1485 3648 oratione
1508 3598 1665 3645 infra:
1688 3618 1713 3638 α
1730 3596 1847 3646 Noli
1874 3598 2163 3659 existimate,
2178 3614 2287 3647 non

1261 3692 1489 3742 magnum
1528 3676 1785 3741 quemdam
1822 3686 2013 3723 motum
2052 3676 2201 3725 finisse
2226 3678 2287 3725 ss·

1261 3758 1354 3806 lius
1373 3756 1623 3821 petitionis
1652 3766 1748 3803 tuae
1762 3789 1777 3813 ,
1796 3754 1873 3802 de
1900 3770 1995 3817 qm
2018 3768 2079 3806 ne
2099 3754 2287 3819 aliquid

1258 3840 1444 3899 jurares
1464 3871 1479 3896 ,
1504 3834 1733 3885 destitisti
1753 3856 1796 3882 a.

1338 3929 1415 3965 ια.
1440 3915 1493 3963 Si
1508 3914 1859 3963 laocindicasti.
1890 3914 2013 3976 Quis
2034 3916 2099 3962 ita
2120 3916 2289 3980 legen·

1259 3998 1375 4045 dum
1409 4012 1510 4045 esse
1538 4011 1641 4043 non
1664 3992 1832 4042 videt?
1866 4002 1938 4039 est
1975 3995 2103 4043 enim
2140 3997 2295 4063 hujus
