2594 4537
320 240 368 319 ἰ
385 273 474 319 20
735 248 834 318 IN
877 246 1423 316 ORATIONEM
1470 245 1650 315 PRO
1672 244 2041 325 -ARCHIA

333 393 404 430 ea
411 368 710 449 provincia
727 390 858 427 cum
879 370 1078 427 eodem
1111 374 1182 427 L.
1211 372 1452 427 Lucullo
1473 366 1891 445 regrederetur,
1913 364 2247 427 Heracleam
2268 364 2441 433 venit,
2531 404 2532 433 ;

333 491 462 550 quae
490 482 626 527 tunc
649 479 772 525 erat
793 464 991 524 civitas
1023 464 1330 539 foederata,
1360 480 1419 524 et
1444 465 1767 543 adscriptus
1786 476 1874 523 est
1898 464 1961 521 in
1992 462 2253 521 ordinem
2272 466 2443 521 Hera·
2531 528 2532 531 Ἴ

335 562 728 643 cliensium(1)
755 562 910 621 civis.
947 567 1110 620 Tunc
1138 562 1368 622 Silanus
1393 561 1473 641 (a)
1506 574 1564 620 et
1594 560 1787 621 Carbo
1812 580 1928 619 cos·
1955 561 2141 637 legem
2169 558 2441 626 tulerunt,
2531 596 2532 599 η

331 674 398 721 ut
428 681 625 720 omnes
651 661 753 737 qui
783 670 972 717 essent
998 680 1068 717 ex
1099 658 1387 718 foederatis
1416 659 1647 739 populis
1672 659 1961 717 civitatem
1994 676 2285 715 romanam
2311 674 2445 713 con—

334 769 747 838 sequerentur:
777 756 824 815 si
859 754 1034 813 modo
1067 755 1168 814 illo
1199 756 1458 834 tempore
1487 775 1603 833 quo
1634 756 1729 814 lex
1760 756 1877 813 lata
1906 766 2079 826 esset,
2108 752 2443 811 domicilium

332 856 394 914 in
427 856 592 914 Italia
621 853 932 926 haberent,
965 865 1023 911 et
1054 852 1206 913 intra
1237 854 1391 913 diem
1432 852 1885 931 sexangesimum
1907 850 1988 930 (3)
2020 852 2265 929 professi
2301 847 2445 926 apud

333 966 642 1030 praetorem
681 950 936 1008 fuissent.
981 952 1127 1021 Quae
1153 970 1333 1027 quum
1360 949 1584 1009 Licinio
1608 950 1835 1009 Archiae
1862 946 1936 1006 ad
1964 945 2332 1006 obtinendum
2351 943 2446 1019 jus

337 1047 585 1107 civitatis
608 1066 863 1105 romanae
891 1061 1227 1126 argumenta
1256 1047 1549 1119 deessent,
1588 1047 1865 1125 quoniam
1892 1064 2080 1121 neque
2108 1042 2313 1101 tabulis
2334 1046 2448 1100 He-

337 1144 702 1203 racliensium
744 1142 996 1222 probare
1041 1155 1272 1220 poterat
1303 1142 1655 1221 adscriptum
1699 1162 1759 1201 se
1804 1140 1866 1199 in
1912 1138 2177 1197 ordinem
2218 1138 2415 1197 civium
2432 1178 2447 1205 ‚

340 1240 560 1319 quippe
591 1239 933 1298 tabularium
965 1238 1214 1297 civitatis
1241 1239 1395 1298 illius
1422 1250 1713 1297 exarserat
1737 1238 1893 1297 bello
1918 1236 2151 1306 sociali,
2180 1255 2286 1293 nec
2308 1232 2450 1291 bona

341 1356 446 1396 sua
463 1338 525 1394 in
551 1337 1122 1409 censumdetulerat,
1149 1357 1281 1395 reus
1309 1338 1491 1395 factus
1511 1350 1598 1394 est
1618 1338 1745 1413 lege
1772 1335 1971 1413 Papia,
1990 1353 2119 1410 quae
2145 1332 2263 1391 lata
2282 1332 2455 1389 fuerat
2530 1376 2532 1393 ,

343 1434 416 1493 ad
467 1452 568 1493 eos
624 1432 974 1493 coercendos
993 1481 1011 1510 ‚
1058 1434 1160 1512 qui
1209 1447 1423 1491 temere
1473 1449 1533 1492 et
1583 1432 1780 1491 illicite
1837 1430 2131 1489 civitatem
2173 1446 2451 1486 romanam
2531 1430 2532 1469 ἲ

339 1544 724 1613 usurpassent.
761 1530 852 1588 Fit
882 1548 1022 1608 ergo
1053 1528 1218 1607 quasi
1249 1529 1648 1607 conjecturalis
1672 1526 1753 1609 (4)
1771 1572 1788 1600 ‚
1838 1548 1910 1587 an
1950 1525 2273 1604 adscriptus
2304 1524 2369 1581 sit
2400 1522 2455 1579 in

345 1624 609 1685 ordinem
633 1624 716 1705 (5)
757 1626 1244 1695 Heracliensium,
1273 1638 1333 1684 et
1359 1646 1430 1683 an
1463 1626 1664 1684 fecerit
1693 1620 1887 1682 omnia
1914 1642 2043 1702 quae
2068 1623 2117 1681 is
2146 1621 2333 1681 facere
2356 1617 2459 1675 de-

345 1722 573 1792 buerit,
617 1723 720 1800 qui
765 1734 913 1781 esset
964 1743 996 1780 e
1041 1741 1284 1781 numero
1331 1721 1759 1781 foederatorum.
1804 1726 1881 1781 Et
1932 1718 2197 1777 deficitur
2242 1714 2459 1795 quidem

347 1819 543 1879 multis
582 1818 1056 1898 probationibus3
1107 1820 1433 1879 testimonio
1492 1834 1681 1879 tamen
1733 1817 2188 1879 Heracliensium
2210 1858 2229 1887 ,
2284 1826 2336 1873 et
2373 1813 2459 1870 vel

360 1916 632 1988 maxime,
656 1915 866 1993 quibus
890 1928 1010 1975 tota
1035 1928 1354 1995 occupatur
1377 1916 1589 1988 oratio,
1614 1916 1858 1994 poeticae
1878 1914 2163 1973 facultatis
2181 1926 2241 1971 et
2260 1910 2461 1971 doetri-

357 2032 446 2071 nae
469 2011 904 2090 jucundissimae
929 2013 1112 2093 gratia
1139 2013 1360 2072 nititur.
1388 2014 1490 2071 Est
1514 2012 1689 2071 etiam
1704 2054 1722 2082 ,
1747 2012 1955 2070 omissa
1984 2010 2332 2088 conjectura,
2350 2006 2461 2064 dis-

361 2198 600 2249 dundavit
637 2214 652 2248 ε
680 2199 732 2247 in
757 2199 968 2251 Lucania
989 2208 1152 2247 autem
1175 2209 1234 2246 ut
1259 2212 1373 2246 cum
1392 2196 1605 2245 maxime
1628 2184 1869 2245 incendiis
1893 2195 2069 2244 arsisse
2100 2194 2265 2243 omnia
2288 2204 2461 2241 necesse

357 2288 451 2336 fuit
469 2309 515 2336 a.
550 2288 614 2337 A·
634 2289 708 2337 Μ.

427 2373 505 2441 (t)
539 2373 642 2422 Alii
681 2370 991 2422 scribendum
1027 2381 1226 2420 censent
1261 2370 1653 2419 Heracleensium
1669 2407 1686 2434 ‚
1722 2369 1805 2418 alii
1838 2367 2248 2418 Heracliensium.
2286 2367 2383 2430 Ego
2420 2363 2465 2410 in

365 2461 678 2527 palimpsesto
712 2459 1038 2508 Ambrosiano
1063 2457 1142 2506 his
1167 2459 1266 2508 vidi
1302 2457 1539 2522 scriptum
1565 2456 1931 2508 Heraclea-sium
1964 2473 2077 2505 cum
2112 2473 2213 2505 nna
2250 2456 2381 2504 litera
2415 2467 2461 2506 e·

369 2559 444 2600 ter
490 2547 876 2616 Heracliensium
890 2580 905 2602 ,
964 2557 1108 2611 atque
1161 2545 1288 2594 hanc
1340 2556 1619 2595 constanter
1665 2543 2049 2610 amplectendam
2088 2545 2345 2594 lectionem
2386 2555 2464 2604 pu·

360 2637 478 2686 tavi.
503 2636 568 2685 A.
591 2636 667 2683 Μ.

425 2720 504 2790 (a)
539 2726 692 2772 Prave
713 2738 804 2788 ego
835 2724 1062 2774 dederam
1085 2722 1311 2774 Silvanus
1334 2724 1391 2772 in
1414 2725 1636 2791 principe
1664 2725 1895 2774 editione.
1928 2723 2096 2772 Codex
2121 2723 2278 2780 enim,
2296 2719 2377 2768 etsi
2396 2714 2463 2762 hic

359 2809 645 2861 difficillime
661 2811 838 2876 legitur
857 2846 874 2873 ‚
906 2811 1052 2861 habet
1069 2811 1283 2863 Silanus.
1308 2813 1484 2861 Monet
1500 2824 1660 2862 autem
1679 2815 1916 2861 Gruterus
1941 2811 2005 2860 ad
2028 2811 2264 2860 orationis
2288 2825 2387 2873 cap.
2416 2815 2438 2860 4
2454 2837 2466 2860 υ

363 2900 419 2948 in
437 2900 562 2949 MSS
587 2916 754 2965 reapse
777 2901 874 2965 legi
909 2901 1099 2949 Silanus
1125 2911 1210 2950 aut
1242 2901 1491 2950 Sullanus.
1529 2904 1684 2951 Porro
1706 2900 1948 2966 quidquid
1975 2899 2106 2948 dicat
2130 2900 2185 2947 in
2212 2899 2365 2948 lexico
2388 2909 2465 2941 ³11⁰

361 2989 532 3054 Antiq.
573 2991 718 3039 Rom.
754 2989 987 3049 Pitiscns,
1028 2989 1185 3056 legem
1205 2989 1433 3038 videlieet
1460 2990 1520 3039 de
1548 2991 1813 3054 peregrinis
1838 2989 1985 3038 latam
2019 3005 2125 3037 esse
2146 3023 2161 3048 ,
2183 3004 2313 3037 anno
2333 2980 2465 3032 Urbis

369 3077 473 3138 664
493 3073 603 3139 (seu
627 3077 792 3142 potius
814 3075 968 3140 665),
983 3093 1012 3124 a
1034 3078 1232 3126 Silvano
1252 3088 1303 3126 et
1322 3076 1549 3127 Carbone
1567 3077 1685 3127 trib.
1710 3078 1780 3142 pl.
1808 3076 1971 3126 codex
1991 3089 2153 3125 tamen
2170 3087 2332 3124 noster
2358 3067 2469 3118 nnti-

363 3167 621 3230 quissimns
645 3167 791 3216 habet
813 3178 977 3232 aperte
1001 3183 1098 3216 eos.
1119 3170 1182 3218 Et
1199 3167 1394 3232 quidem
1414 3169 1687 3218 Carbonem
1706 3167 1954 3218 consulem
1978 3183 2091 3215 cum
2111 3164 2342 3231 Pompeio
2354 3165 2465 3211 Stra·

364 3255 498 3304 hone
515 3252 724 3317 (scilicet
743 3271 873 3304 anno
888 3273 1045 3322 nuper
1061 3256 1194 3305 dicto
1215 3258 1319 3317 664
1332 3290 1347 3317 ,
1380 3273 1465 3305 een
1492 3259 1661 3322 potius
1685 3257 1752 3306 66
1759 3257 1809 3324 5)
1828 3255 2089 3322 legendum
2108 3253 2332 3304 censebat
2355 3244 2467 3314 apud

365 3345 578 3393 Plinium
603 3344 693 3394 lib.
709 3347 782 3392 111
797 3380 813 3404 ‚
833 3361 942 3410 cap.
963 3361 996 3408 9
1011 3380 1025 3404 ,
1048 3343 1337 3395 Hermolaus
1360 3344 1597 3394 Barbarus
1617 3359 1631 3395 τ
1657 3347 1807 3394 immo
1827 3332 2027 3410 Pighius
2056 3347 2110 3392 in
2129 3342 2308 3393 Annnl.
2324 3343 2383 3388 ita
2408 3335 2467 3382 di·

359 3443 483 3481 serte
517 3432 722 3496 legebat.
766 3433 857 3482 Sed
883 3433 1013 3482 enim
1039 3432 1095 3481 id
1117 3433 1347 3483 mendum
1375 3447 1587 3498 arguunt
1612 3435 1719 3498 ipae
1745 3433 1945 3497 Pighius
1976 3433 2074 3481 loc.
2098 3433 2187 3480 cit.
2212 3427 2467 3479 narduinus

363 3521 415 3569 ἰιι
438 3521 568 3570 notis
591 3522 656 3570 ad
673 3521 884 3570 Plinium
899 3557 915 3584 ,
943 3537 1035 3594 nee
1061 3537 1166 3571 non
1191 3523 1291 3571 duo
1316 3523 1461 3570 Plinii
1479 3523 1673 3572 codices
1688 3521 2017 3570 Ambrosiani.
2042 3523 2165 3570 Rem
2182 3519 2297 3568 satis
2314 3515 2464 3566 οἰκῶ·

362 3623 464 3656 ram
483 3608 843 3674 disquirendum
865 3611 1068 3662 eruditis
1091 3610 1435 3676 permittimus.
1456 3611 1523 3660 A.
1559 3613 1637 3660 Μ.

436 3695 517 3762 (3)
549 3699 625 3746 Ita
655 3698 769 3749 cod.
789 3700 1211 3766 sexagesimum,
1249 3715 1398 3764 qnam
1433 3698 1749 3764 scriptionem
1780 3714 1885 3747 non
1920 3697 2070 3746 semel
2093 3713 2171 3746 me
2196 3695 2357 3746 videre
2384 3686 2495 3734 ¹¹¹⁶·'

367 3783 504 3833 mini.
522 3784 586 3834 A.
606 3787 680 3835 Μ.

437 3870 516 3938 (4)
551 3873 660 3922 Νἱῦί
689 3876 840 3923 imvi-
859 3897 885 3918 α
901 3875 1182 3941 conjectura
1199 3877 1294 3925 lia»
1313 3910 1329 3935 ,
1365 3875 1502 3939 quod
1526 3877 1685 3926 minus
1708 3876 1887 3942 placet.
1911 3874 1980 3924 A.
2000 3875 2071 3922 M.

437 3955 518 4023 (5)
559 3960 686 4010 Cod.
709 3961 758 4010 ἰιι
789 3962 977 4011 eodem.
998 3962 1062 4010 A.
1077 3963 1154 4010 M.
