2594 4537
592 316 980 385 ORATIO
1027 315 1232 383 PRO
1285 316 1359 381 P.
1412 314 1772 385 SULLA.
2162 316 2248 387 13

131 441 354 513 iisdem
399 464 520 511 me
558 442 638 510 in
675 438 811 509 hac
845 461 1058 509 causa
1091 436 1292 509 vides
1326 435 1614 524 adesse,
1656 460 1823 509 cum
1862 438 2131 535 quibus
2160 428 2249 511 ¹iu

131 553 364 623 ceteris
419 548 768 647 intelligis
815 546 1130 619 abfuisse
1149 548 1226 617 ¹?
1277 548 1432 619 Nisi
1484 571 1657 619 vero
1706 572 1825 619 me
1874 574 2103 621 unum
2146 553 2255 621 vis

130 661 339 732 ferum
360 716 381 750 ‚
413 674 682 761 praeter
708 672 988 731 ceteros
1007 712 1028 747 ,
1064 682 1180 730 me
1213 668 1549 753 asperum
1571 713 1590 744 ,
1626 658 2254 731 me'inhumanum

131 772 546 857 existimari,
607 794 726 841 me
787 768 1134 866 singulari
1193 769 1637 839 immanitate
1700 782 1774 839 et
1834 768 2255 843 crudelitate

131 882 515 979 praeditum.
559 884 764 951 Hane
807 878 985 950 mihi
1028 893 1108 949 tu
1149 880 1244 965 si,
1281 890 1583 975 propter
1615 901 1731 951 res
1762 900 1957 949 meas
1988 895 2255 975 gestas,

133 994 426 1091 imponis
475 993 553 1063 in
593 994 796 1061 omni
832 991 976 1060 vita
1019 1013 1177 1061 mea
1219 1010 1640 1087 personam,
1677 991 2081 1086 Torquate,
2128 1016 2253 1063 ve-

133 1102 492 1175 hementer
533 1126 728 1173 erras
757 1128 773 1171 :
812 1124 932 1171 me
974 1112 1230 1171 natura
1267 1098 1844 1189 misericordem,
1872 1102 2109 1197 patria
2146 1126 2255 1173 se-

132 1240 400 1303 verum3
443 1215 812 1288 crudelem
849 1239 990 1286 nec
1015 1218 1281 1312 patria,
1320 1237 1457 1285 nec
1490 1228 1787 1302 natura,
1822 1238 1977 1289 esse
2004 1216 2253 1287 voluit.

129 1328 443 1425 Denique
471 1329 684 1397 istam
713 1326 940 1423 ipsam
963 1348 1352 1424 personam
1374 1322 1879 1396 vehementem
1902 1340 1975 1397 et
1991 1350 2255 1415 acrem,
2320 1336 2325 1341 ’

131 1462 328 1532 quam
367 1436 549 1507 mihi
587 1451 742 1507 tum
780 1450 1070 1534 tempus
1109 1450 1182 1507 et
1227 1432 1639 1533 respublica
1683 1437 2071 1534 imposuit,
2104 1438 2255 1532 jam

131 1547 448 1618 voluntas
493 1561 567 1617 et
612 1561 868 1617 natura
911 1548 1064 1644 ipsa
1101 1544 1411 1617 detraxit
1449 1572 1467 1615 ε
1510 1544 1635 1617 illa
1676 1549 1871 1617 enim
1908 1547 1995 1617 ad
2036 1546 2257 1619 breve

131 1670 400 1756 tempus
433 1657 885 1727 severitatem
907 1656 1354 1753 postulavit3
1400 1655 1553 1727 haee
1589 1658 1667 1727 in
1705 1660 1909 1729 omni
1945 1662 2091 1729 vita
2126 1663 2256 1731 mi-

131 1765 576 1838 sericordiam
627 1764 1148 1862 lenitatemque
1184 1763 1562 1837 desiderat.
1614 1769 1858 1857 Quare
1894 1767 2078 1839 nihil
2112 1783 2256 1856 est,

129 1876 312 1971 quod
351 1902 442 1947 ex
492 1889 694 1946 tanto
738 1876 1086 1945 comitatu
1129 1876 1451 1946 virorum
1493 1875 2101 1974 amplissimorum
2140 1902 2258 1947 me

129 2011 340 2057 unum
401 1984 794 2057 abstrahas.
859 1983 1179 2081 Simplex
1228 1982 1557 2055 officium
1580 1994 1609 2027 ²
1676 1998 1895 2083 atque
1949 2010 2097 2057 una
2138 2002 2259 2059 ,est

135 2094 487 2167 bonorum
541 2095 870 2165 omnium
916 2118 1150 2165 causa.
1197 2093 1397 2165 Nihil
1442 2098 1615 2182 erit,
1669 2094 1868 2190 quod
1906 2096 2259 2168 admirere

35 2259 41 2265 .
131 2205 458 2300 posthac,
499 2207 558 2275 si
607 2204 684 2273 in
729 2225 816 2274 ea
863 2216 1100 2299 parte,
1141 2203 1218 2274 in
1266 2226 1411 2301 qua
1456 2202 1593 2274 hos
1630 2203 2259 2294 animadverteriS,

133 2341 232 2388 me
265 2315 568 2387 videbis.
628 2313 842 2384 Nulla
883 2328 993 2386 est
1045 2315 1236 2385 enim
1295 2316 1369 2384 in
1424 2315 1799 2412 republica
1843 2340 2055 2388 causa
2096 2343 2255 2390 mea

131 2429 402 2525 propria
423 2423 476 2496 ³.
519 2429 840 2521 Tempus
875 2422 1182 2520 agendi4
1214 2422 1350 2496 fuit
1386 2427 1609 2521 magis
1637 2424 1814 2495 mihi
1844 2428 2255 2526 proprium,

127 2561 326 2630 quam
359 2537 656 2622 ceteris;
683 2533 954 2605 doloris
981 2558 1152 2622 vero
1171 2588 1192 2622 ‚
1219 2548 1295 2606 et
1322 2539 1601 2606 timoris
1621 2587 1641 2623 ,
1682 2549 1754 2605 et
1789 2536 2093 2633 periculi
2116 2535 2255 2610 fuit

130 2645 232 2715 illa
275 2671 488 2718 causa
541 2645 970 2718 communis.
1022 2647 1278 2742 Neque
1328 2646 1525 2716 enim
1566 2630 2119 2743 princeps'tunc
2164 2646 2251 2718 ad

129 2757 412 2829 salutem
461 2781 616 2828 esse
659 2757 1100 2853 potuissem,
1151 2756 1211 2826 si
1257 2779 1412 2828 esse
1466 2755 1583 2824 alii
1629 2758 2252 2848 comitesnoluis-

129 2882 290 2938 sent.
319 2871 560 2957 Quare
590 2887 882 2937 necesse
903 2880 1011 2936 est
1029 2919 1048 2952 ‚
1080 2863 1282 2961 quod
1310 2865 1493 2936 mihi
1509 2863 1791 2936 consuli
1809 2867 2251 2964 praecipuum

127 2975 246 3047 suit
306 2992 564 3076 praeter
625 2976 846 3064 alios,
897 2975 972 3045 id
1023 2975 1174 3069 jam
1228 2977 1509 3073 privato
1566 2997 1733 3047 cum
1786 2977 2043 3046 ceteris
2098 3000 2253 3049 esse

128 3109 520 3158 commune.
583 3089 838 3182 Neque
893 3108 1028 3182 ego
1083 3082 1226 3156 hoc
1281 3083 1671 3182 partiendae
1724 3084 2007 3156 invidiae
2030 3083 2085 3174 ⁵,
2126 3087 2253 3158 sed

185 3265 267 3312 ΠΙ.
309 3279 353 3313 1.
393 3261 635 3328 Abfut‘sse.
657 3264 860 3332 Veteres
898 3259 1130 3310 dicebant
1291 3271 1342 3318 4.
1372 3262 1576 3324 Tempus
1600 3259 1799 3326 agendi.
1824 3263 1886 3310 In
1912 3261 2248 3326 investiganda

127 3339 306 3400 asue'sse.
1218 3341 1578 3401 conjuratione.

185 3437 234 3470 a.
247 3421 466 3486 Simplex
483 3420 718 3490 officium.
755 3422 817 3469 Id
837 3432 937 3480 est,
973 3436 1132 3470 unum
1291 3423 1338 3468 5.
1374 3419 1545 3483 Neque
1575 3434 1667 3483 ego
1696 3417 1786 3467 hoc
1806 3417 2085 3482 partienda
2118 3418 2241 3467 invi·

123 3497 176 3544 ab
205 3500 428 3548 omnibus
467 3501 780 3549 observatum
795 3535 809 3559 ,
843 3511 928 3559 ut,
951 3499 1124 3548 videli-
1219 3497 1319 3546 de‘ae
1345 3532 1361 3555 ‚
1442 3497 1533 3546 sed
1594 3497 2011 3546 communicanda·
2079 3495 2243 3545 laudis

125 3589 209 3636 eet,
235 3595 378 3628 nemo
408 3580 530 3629 civis
565 3581 728 3628 bonus
751 3596 1045 3644 quemquam
1069 3595 1134 3628 ex
1218 3593 1374 3626 causa
1403 3577 1592 3641 loquor.
1633 3576 1782 3640 Quod
1818 3577 2026 3626 dixerim
2064 3577 2118 3623 in
2157 3593 2248 3643 op-

123 3659 370 3718 eonjuratis
415 3658 720 3716 defenderim
767 3661 820 3706 P.
858 3659 1040 3708 Sullam
1082 3668 1134 3706 et
1219 3657 1475 3723 primenda
1550 3657 1889 3718 conjuratione
1954 3673 2032 3704 me
2099 3657 2247 3706 fuisse

125 3738 426 3800 nomenatus,
483 3747 538 3785 et.
573 3736 720 3786 multi
755 3737 850 3784 viri
883 3737 1133 3786 clarissimi
1220 3735 1525 3801 principem,
1574 3746 1625 3785 et
1678 3751 1845 3786 omnes
1898 3735 2059 3784 bonos
2116 3738 2249 3786 cive·

123 3813 392 3878 defendam,
421 3816 562 3880 quod
593 3833 706 3864 eum
727 3817 780 3864 in
798 3816 1136 3878 conjuratione
1226 3815 1375 3864 fuisse
1405 3816 1636 3874 comites,
1666 3815 1721 3864 id
1756 3830 1860 3862 non
1898 3814 2033 3876 dixi,
2072 3828 2125 3864 ut
2150 3833 2249 3866 me-

121 3895 260 3943 sciant
283 3913 390 3944 non
416 3898 581 3945 fnisse.
1223 3911 1337 3942 cum
1386 3893 1642 3954 iuvidiam,
1693 3893 1957 3960 odiumque
2013 3895 2250 3944 malorum

183 3979 229 4024 3.
261 3977 426 4026 causa
449 3993 560 4024 mea
575 3977 800 4041 propria.
818 3977 874 4025 Id
891 3988 1137 4040 est,qmm
1226 3973 1411 4021 civium
1447 3973 1671 4034 subeant,
1710 3973 1797 4023 sed
1838 3985 1888 4022 ut
1930 3974 2095 4040 gloria!
2130 3973 2252 4023 fiant

124 4069 200 4116 ego
221 4056 355 4104 solus
375 4055 651 4120 suscipiam.
1227 4051 1508 4116 participes.
