2594 4537
315 265 459 341 360
961 268 1063 335 Μ.
1114 269 1196 337 Τ.
1246 268 1803 337 CICERONIS

314 406 602 488 tempus
659 387 1061 487 postularet
1077 386 1108 443 ⁴
1122 441 1143 473 ‚
1201 390 1373 461 satis
1428 388 1707 487 prolixe
1754 388 1931 459 mihi
1968 388 2463 486 polliceretur.
2538 370 2540 379 ¹

311 507 498 575 Data
527 525 804 573 merces
837 514 948 571 est
981 500 1242 571 erroris
1273 500 1419 571 mei
1452 522 1705 597 magna
1724 554 1749 587 ‚
1782 500 2201 598 pontifices»,
2236 515 2325 572 ut
2352 517 2467 570 me

315 638 469 687 non
499 611 736 684 solum
759 612 1000 708 pigeat
1025 610 1345 681 stultitiae
1364 634 1539 681 meae
1556 664 1575 697 ‚
1594 608 1719 681 sed
1742 612 1955 680 etiam
1981 609 2282 707 pudeat:
2306 612 2463 707 qui,

317 730 550 822 quim]
615 745 734 794 me
789 730 942 791 non
987 722 1449 817 repentinum
1498 720 1793 819 aliquod
1840 746 2087 793 meum
2130 738 2459 819 tempuS‚

319 833 446 907 sed
497 847 774 905 veteres
831 831 1062 903 multo
1114 845 1280 901 ante
1328 833 1643 930 suscepti
1694 846 1767 905 et
1815 832 2089 929 provisi
2134 831 2419 904 labores
2444 885 2463 917 ‚

319 966 488 1015 cum
527 946 690 1015 viro
723 940 1116 1014 fortissimo
1151 956 1226 1013 et
1255 942 1650 1013 clarissimo
1692 942 2245 1036 conjunxissent
2265 997 2286 1030 ‚
2330 944 2457 1013 sim

259 1124 268 1132 ,
316 1050 620 1152 passus⁵
665 1077 709 1125 a
759 1052 879 1123 tali
921 1052 1230 1123 amicitia
1271 1050 1617 1140 distrahi;
1659 1076 1901 1151 neque
1924 1053 2457 1137 ·inteuexerim,
2542 1107 2544 1111 .

317 1164 590 1262 quibus
623 1178 747 1237 aut
775 1178 860 1235 ut
883 1165 1150 1261 apertis
1183 1163 1487 1234 inimicis
1520 1162 1945 1237 obsisterem
1966 1217 1986 1252 ,
2024 1180 2151 1236 aut
2180 1180 2267 1235 ut
2298 1166 2461 1236 insi-

319 1275 538 1347 diosis
551 1276 796 1347 amicis
811 1298 963 1345 non
979 1272 1347 1347 crederem
1360 1328 1375 1345 .
1392 1274 1705 1347 Proinde
1726 1272 2061 1346 desinant
2072 1276 2311 1374 aliqua
2318 1274 2457 1345 ndo

319 1412 438 1458 me
471 1385 728 1459 iisdem
769 1382 1266 1455 inflammat-«2⁶
1303 1382 1545 1457 verbis
1578 1410 1594 1455 ε
1635 1383 1833 1474 Quid
1876 1383 2012 1455 sibi
2050 1387 2229 1456 iste'7
2266 1384 2459 1456 vult?

317 1502 574 1584 nescit,
612 1510 969 1595 quantum
1009 1496 1435 1567 auctoritate
1460 1496 1686 1567 valeat
1705 1551 1726 1584 ‚
1764 1520 1945 1592 quas
1980 1520 2098 1567 res
2130 1497 2451 1595 gesserit,

317 1633 462 1707 qua
501 1608 850 1704 dignitate
887 1610 978 1677 sit
1021 1605 1437 1679 restitutus?
1472 1609 1620 1677 Cur
1670 1620 1881 1678 ornat
1942 1630 2111 1677 eum
2148 1660 2169 1694 ‚
2234 1630 2277 1677 a
2316 1628 2453 1701 quo

321 1718 650 1791 desertus
685 1718 842 1789 est?

417 1834 570 1925 Ego
589 1852 764 1899 vero
797 1852 1041 1927 neque
1078 1852 1196 1900 me
1228 1841 1385 1899 tum
1420 1828 1787 1899 desertum
1824 1842 2037 1926 pum,
2058 1824 2231 1901 sed⁸
2266 1851 2450 1927 paene

321 1937 697 2027 deditum3
763 1962 934 2027 nec,
991 1964 1154 2036 quae
1179 1942 1347 2025 ⁸sint
1410 1943 1487 2009 in
1528 1940 1649 2011 illa
1702 1938 2123 2038 reipublicae
2184 1938 2451 2011 flamma

319 2064 516 2147 gesta
555 2063 808 2120 contra
847 2074 964 2120 me
987 2102 1006 2137 ‚
1055 2072 1296 2145 neque
1334 2049 1713 2145 quomodo
1738 2102 1757 2137 ‚
1796 2074 2037 2147 neque
2076 2074 2210 2148 per
2247 2074 2449 2147 qum,

319 2160 897 2260 patefaciendum
933 2159 1114 2229 mihi
1145 2182 1301 2231 esse
1346 2158 1683 2231 arbitror.
1728 2165 1801 2231 Si
1844 2162 2020 2231 utile
2056 2160 2449 2259 reipublicae

322 2271 547 2361 fuit9‚
587 2273 877 2344 haurire
911 2297 1028 2342 me
1065 2295 1296 2344 unum
1342 2295 1479 2370 pro
1514 2271 1859 2343 omnibus
1889 2268 2083 2342 illam
2118 2271 2449 2366 indignis·

323 2387 582 2456 simam
623 2382 1096 2454 calamitatem
1121 2439 1138 2470 ,
1186 2384 1401 2454 etiam
1450 2381 1593 2452 hoc
1636 2380 1815 2451 utile
1856 2381 1983 2468 sit,
2037 2405 2349 2477 quorum
2386 2379 2448 2450 id

323 2493 592 2566 scelere
631 2491 1028 2564 conflatum
1067 2495 1158 2565 sit
1187 2545 1208 2578 ‚
1259 2517 1379 2564 me
1431 2491 1799 2564 occultare
1847 2505 1925 2562 et
1975 2506 2235 2564 tacere.
2282 2489 2450 2564 Illud

317 2627 494 2674 vero
531 2616 640 2672 est
681 2602 996 2674 hominis
1033 2606 1292 2699 ingrati
1350 2617 1585 2674 tacere
1624 2603 1651 2698 (
1684 2603 1931 2699 itaque
2000 2600 2449 2675 libentissime

319 2710 726 2811 praedicabo
751 2713 856 2810 1⁰)
885 2769 905 2802 ,
941 2717 1071 2785 Cn.
1122 2714 1553 2810 Pompeium
1598 2713 1843 2783 studio
1882 2727 1959 2784 et
1994 2716 2448 2800 auctoritate,

321 2847 526 2921 aeque
573 2839 653 2894 ut
707 2845 1314 2918 unumquemque
1366 2837 1731 2910 vestrum,
1794 2821 2061 2921 opibus
2094 2878 2113 2909 ‚
2164 2838 2447 2896 conten-

395 2991 443 3039 4.
485 2984 650 3030 Meum
693 2991 899 3044 tempus.
943 2977 1204 3040 Pompeiu-
1250 2989 1351 3028 non
1439 2979 1563 3028 mla
1600 2989 1719 3028 aunt
1744 2977 1943 3028 ferenda
1957 3013 1973 3040 ,
2012 2990 2063 3028 et
2098 2981 2239 3044 pacis
2258 2981 2449 3030 victima

321 3060 496 3110 eodem
511 3059 677 3109 studio
695 3076 750 3108 ea
769 3056 994 3108 Ciceroni
1007 3055 1349 3120 pollicebatur,
1439 3060 1585 3108 etiam
1616 3059 1836 3108 insontes
1862 3069 1983 3108 nunt
2014 3059 2295 3118 caedenda,
2320 3061 2359 3108 si
2386 3062 2449 3108 ui-

321 3156 432 3206 qnae
457 3138 521 3188 ad
544 3141 650 3201 eiua
676 3137 910 3186 utilitates
926 3134 1254 3199 pertinebant.
1438 3139 1615 3188 mirum
1648 3139 1829 3188 servari
1870 3139 2015 3188 aliter
2050 3139 2324 3203 respublica
2358 3155 2449 3188 non

395 3222 444 3268 5.
461 3219 564 3266 Sim
579 3232 772 3282 passus.
801 3214 950 3262 Fictis
971 3213 1282 3264 monibu-
1300 3226 1351 3264 οι
1436 3229 1627 3283 potest,
1654 3231 1737 3269 ant
1752 3218 1939 3268 bellum
1958 3220 2309 3268 internecivum
2326 3221 2448 3269 alite

323 3298 458 3348 falsi·
475 3293 914 3346 criminationibus.
1438 3298 1611 3362 nequit
1634 3299 1821 3348 averti:
1852 3297 1915 3348 de
1950 3315 2046 3362 qm
2082 3315 2135 3346 re
2170 3299 2311 3363 plura
2336 3299 2449 3348 dixi·

393 3377 444 3428 6.
475 3377 810 3445 Inflammata.
847 3371 1070 3422 lambin.
1109 3387 1138 3420 e
1179 3373 1352 3424 codice
1439 3394 1547 3425 mus
1572 3377 1633 3424 nd
1660 3378 1748 3426 lib.
1762 3381 1839 3426 111
1856 3378 1921 3426 de
1942 3376 2095 3427 offic.

319 3460 527 3508 Menum.
557 3453 748 3520 inflare.
779 3453 812 3500 J
817 3486 830 3498 .
851 3454 916 3500 V.
941 3454 996 3500 L.
1518 3472 1595 3505 ιο.
1632 3459 1811 3521 Itaque
1836 3457 2147 3506 libentissime
2166 3457 2445 3520 praedicabo.

399 3555 447 3599 ⁶7.
491 3533 622 3597 Quid
644 3530 740 3580 eibi
769 3531 856 3580 iste
882 3532 1030 3580 vult?
1057 3533 1160 3582 Cur
1183 3543 1351 3582 tanto·
1441 3537 1561 3586 Hac
1600 3536 1725 3584 male
1764 3539 1819 3584 iu
1856 3537 2001 3586 editis
2039 3536 2285 3600 plerisque
2316 3539 2443 3586 inter-

323 3631 440 3684 pere
468 3612 754 3675 Pompeium
773 3623 914 3662 ornat
929 3614 952 3660 ?
977 3611 1102 3676 qnid
1123 3626 1315 3678 spectat
1328 3617 1353 3664 P
1440 3627 1743 3680 punguntur,
1758 3629 1871 3680 que
1894 3617 2073 3664 rectia·
2092 3619 2241 3665 flet-v.
2262 3617 2441 3666 etnam

397 3698 445 3744 8.
487 3691 572 3740 Al.
607 3689 722 3738 cod.
747 3704 926 3754 poenae.
957 3692 1164 3742 Ursinus
1189 3693 1353 3743 mallet
1442 3694 1721 3758 parenthesi
1770 3693 2093 3744 incluserunt.
2138 3695 2295 3758 Nang.
2332 3715 2357 3738 ο
2378 3705 2439 3742 tn·

315 3776 488 3842 plane.
503 3769 664 3818 Wolf.
685 3770 888 3834 respuit.
913 3772 966 3820 J.
982 3773 1047 3820 V.
1065 3775 1122 3820 L.
1279 3811 1287 3820 .
1440 3789 1549 3821 cere
1586 3788 1602 3821 :
1649 3775 1813 3837 itaque
1867 3772 1956 3822 lib.
2007 3773 2307 3838 praedicabo.
2360 3775 2437 3822 Cn.

395 3871 446 3916 9.
481 3851 534 3900 Si
566 3850 682 3899 utile
707 3849 1114 3916 reipublioaefuic.
1141 3853 1351 3916 Propter
1438 3853 1615 3917 Pomp.
1632 3875 1657 3895 ι·
1690 3851 1826 3902 Edit.
1858 3854 1991 3910 1483
2008 3889 2025 3915 ,
2059 3863 2260 3901 -taeere
2300 3853 2439 3916 itaque

323 3947 562 3982 novorum
587 3942 809 3980 motuum
839 3931 1349 3980 mmmmm—Ser-
1436 3931 1525 3980 lib.
1546 3931 1829 3996 praedicabo
1856 3933 1949 3982 Cn.
1978 3932 2268 3996 Pompeium
2284 3965 2301 3990 ,
2322 3943 2403 3982 etc.
2418 3953 2439 3972 ·

321 4011 494 4060 vande
509 4010 788 4074 reipublicae
803 4027 946 4060 canu
975 4027 1347 4074 nonnumquam
1438 4013 1505 4062 ni
1530 4011 1677 4060 etiam
1703 4013 1909 4072 rectius,
1926 4027 2073 4076 qnam
2093 4010 2325 4075 plerique.
