2594 4537
798 307 1585 378 PRAEFA‘rloNEs.
2117 309 2261 408 239

212 430 529 496 Ceterum
574 428 911 494 Manutius
959 431 1027 494 in
1072 451 1322 520 argum.
1371 446 1533 495 orat.
1591 445 1744 520 post
1785 429 1945 496 ned.
2003 432 2072 496 in
2107 433 2260 500 Sen.

120 537 217 600 ait
247 557 321 600 se
358 536 673 625 suspicari
708 535 1040 602 interdurn
1058 583 1077 620 ,
1114 537 1476 602 orationem
1517 533 1602 600 ad
1635 536 1922 622 Quirites
1960 538 2264 628 scriptam

122 643 331 706 finisse
356 691 377 726 ‚
424 665 561 708 non
608 642 900 707 habitam
920 690 938 725 ‚
976 643 1127 731 quia
1145 690 1164 724 ,
1192 643 1246 705 si
1276 642 1498 706 habita
1523 657 1722 724 esset,
1757 643 1984 709 Cicero
2009 644 2148 724 ejus
2171 645 2270 710 rei

124 766 269 808 non
316 744 535 808 minus
589 766 786 832 quam
832 745 1181 834 gratiarum
1232 743 1486 808 senatui
1528 761 1816 810 actarum
1863 747 2263 812 mentionem

126 851 361 916 fecisse
394 849 743 916 videretur.
793 849 919 916 Sed
968 852 1107 940 ipse
1150 851 1484 915 Manutius
1528 851 1786 916 videtur
1827 869 2051 941 postea
2109 875 2260 918 mu·-

124 974 301 1022 tasse
335 958 723 1022 sententiam
756 979 939 1023 suam
956 1006 975 1040 ,
1001 981 1208 1047 quum
1230 958 1297 1021 in
1323 957 1643 1046 Epistolas
1671 957 1755 1022 ad
1779 960 2065 1024 Atticum
2093 981 2267 1024 com-

124 1065 571 1146 mentaremr3
604 1063 885 1152 satisque
910 1063 1177 1152 planum
1200 1064 1648 1129 testimonium
1674 1064 1987 1130 habemus
2013 1066 2268 1148 Dionis,
2307 1065 2320 1076 ⁴

124 1191 327 1259 supra
362 1193 403 1234 a
442 1170 633 1234 nobis
678 1171 1003 1259 prolatum
1021 1217 1040 1253 ,
1074 1193 1209 1259 quo
1238 1168 1466 1252 docet,
1507 1169 1889 1235 Ciceronem
1925 1187 1992 1236 et
2016 1172 2268 1238 senami

126 1293 195 1342 et
216 1277 471 1367 populo
508 1277 741 1368 gratias
774 1278 1019 1367 egisse:
1054 1299 1452 1367 quamquam
1487 1278 1708 1344 omnia
1735 1299 1856 1343 nos
1883 1296 2130 1368 cog-unt
2147 1327 2166 1362 ,
2193 1296 2271 1344 ut

126 1399 433 1469 neutram
460 1383 695 1448 harum
720 1383 1093 1448 orationum
1108 1431 1127 1465 ,
1160 1404 1304 1472 quas
1327 1405 1506 1448 nunc
1531 1385 1868 1466 feruntur,
1895 1407 1932 1448 a
1957 1385 2271 1450 Cicerone

126 1505 245 1554 aut
272 1488 515 1554 dictam
533 1539 553 1570 ‚
582 1505 697 1554 aut
722 1489 963 1577 scripto
992 1488 1360 1554 mandatam
1387 1511 1525 1554 esse
1551 1488 1958 1554 arbitremur.

215 1596 337 1660 xl.
382 1595 595 1660 Tertia
613 1639 633 1676 ,
672 1615 818 1685 quse
856 1612 955 1660 est
992 1618 1115 1684 pro
1146 1597 1364 1662 Domo
1387 1619 1502 1660 sua
1519 1643 1538 1678 ,
1567 1597 1674 1660 vel
1693 1595 1913 1685 potius
1942 1595 2024 1660 de
2049 1597 2268 1664 Domo

126 1723 245 1766 sua
266 1749 287 1783 ‚
334 1700 417 1765 ad
458 1702 622 1786 (seu
652 1698 873 1790 apud)
920 1699 1260 1789 pontifices
1282 1746 1304 1784 ,
1351 1702 1633 1790 pertinet
1675 1701 1758 1767 ad
1807 1701 2112 1768 eumdem
2149 1723 2270 1768 an·

126 1830 296 1872 num
329 1824 395 1872 et
426 1807 731 1872 ultimum
764 1807 938 1872 diem
979 1808 1381 1896 septembris.
1427 1810 1526 1872 Eo
1563 1825 1858 1897 tempore
1893 1825 2128 1899 proeter
2161 1809 2270 1874 Ci-

128 1935 441 1978 ceronem
466 1916 661 1980 etiam
695 1913 788 1978 Μ.
826 1911 1141 1998 Calidius,
1182 1914 1354 1978 illius
1387 1913 1746 1997 familiaris,
1781 1915 1969 1996 cujus
2005 1915 2274 1980 honori-

130 2017 251 2084 fioe
292 2041 569 2084 censura
608 2020 848 2110 legitur
891 2021 959 2084 in
1006 2019 1174 2086 libro
1212 2019 1295 2084 de
1339 2019 1522 2084 claris
1557 2021 1761 2084 Oratt.
1801 2041 1858 2084 c.
1899 2041 2019 2107 79,
2049 2021 2273 2084 mavit

130 2123 431 2190 eamdem
460 2147 719 2190 causam
740 2172 759 2208 ,
802 2141 880 2190 ut
914 2124 1358 2208 Quintilianus
1396 2125 1592 2189 refert
1634 2125 1697 2186 X
1718 2171 1737 2206 ‚
1773 2145 1838 2204 1,
1872 2123 1996 2188 23:
2033 2153 2062 2180 α
2091 2113 2268 2207 (ξύὶιι

132 2231 329 2297 etiam
348 2280 367 2314 ,
413 2231 673 2297 easdem
714 2253 937 2297 causas
976 2247 1053 2297 ut
1098 2231 1375 2320 quisque
1417 2230 1622 2321 egerit
1643 2278 1660 2313 ,
1701 2227 1862 2296 utile
1903 2229 2028 2295 erit
2067 2231 2267 2297 scire:

132 2358 287 2400 nam
330 2358 453 2426 pro
494 2338 711 2402 Domo
742 2337 1071 2401 Ciceronis
1104 2334 1261 2400 dixit
1299 2334 1602 2401 Calidius.
1622 2366 1647 2392 ι
1690 2335 1820 2399 Ubi
1859 2336 2271 2400 Burmannus

130 2440 621 2520 animadvertit,
664 2442 733 2506 in
772 2440 1165 2530 quibusdam
1212 2441 1374 2506 MSS
1408 2464 1542 2505 non
1585 2462 1708 2529 pro
1745 2442 1997 2521 Domo,
2033 2439 2150 2505 sed
2187 2439 2270 2505 de

134 2550 357 2612 Domo
382 2550 694 2638 scriptum
720 2570 895 2630 esse3
922 2572 1125 2636 eaque
1151 2548 1476 2637 posterior
1500 2540 1814 2636 scriptura
1845 2546 2270 2613 confirmatur

135 2654 216 2719 ab
252 2656 403 2743 ipso
440 2654 751 2719 Cicerone
780 2676 897 2743 per
924 2656 1152 2738 verba,
1188 2655 1430 2743 quibus
1449 2703 1468 2738 ,
1499 2671 1816 2743 quantum
1848 2655 1986 2743 ipse
2013 2652 2138 2719 sibi
2162 2652 2273 2720 illo

134 2758 239 2824 die
260 2760 657 2841 satisfecerit,
684 2776 976 2843 testatur,
1000 2762 1163 2849 Epp.
1192 2761 1273 2825 ad
1299 2764 1434 2825 Att.
1459 2762 1570 2843 IV,
1601 2782 1637 2825 2
1661 2784 1676 2827 ε
1704 2789 1729 2816 α
1745 2762 1902 2825 Post
1927 2758 2104 2826 datas
2131 2760 2269 2827 illas

134 2867 351 2932 literas
404 2880 680 2953 sequuta
722 2882 821 2930 est
870 2888 1123 2931 summa
1174 2856 1510 2929 contentio
1555 2864 1637 2928 de
1687 2864 1954 2929 Domo:
1992 2866 2272 2931 diximus

136 2972 313 3063 apud
342 2970 683 3061 pontifices
719 2970 929 3061 pridie
970 2970 1091 3036 kal.
1130 2972 1452 3035 octobres.
1484 2976 1640 3036 Acta
1667 2992 1768 3034 res
1792 2988 1890 3035 est
1915 2987 2212 3035 accurate
2236 2995 2273 3035 a

144 3080 379 3162 nobis;
417 3094 481 3141 et
510 3078 562 3142 si
586 3100 901 3167 umquam
932 3078 1001 3141 in
1035 3076 1314 3142 dicendo
1341 3078 1586 3141 fuimus
1611 3073 1853 3163 aliquid
1873 3122 1891 3156 ‚
1911 3066 2028 3138 'aut
2051 3076 2274 3159 etiam,

138 3184 189 3249 si
224 3204 595 3271 numquam
619 3184 769 3249 alias
800 3181 1044 3248 fuimus
1059 3233 1076 3266 ,
1100 3199 1247 3247 tum
1269 3185 1564 3272 profecto
1587 3178 1778 3245 dolor
1797 3196 1866 3245 et
1891 3178 2274 3270 magnitudo

134 3292 265 3355 vim
312 3289 665 3378 quamdam
720 3290 909 3368 nobis
960 3288 1221 3355 dicendi
1265 3288 1444 3353 dedit
1467 3318 1512 3352 n.
1553 3288 1772 3370 Quem
1809 3287 2030 3351 locum
2065 3308 2275 3375 quum

138 3398 763 3488 legimus‚genuinss
800 3398 1109 3461 orationis
1142 3398 1458 3479 jacturam
1495 3410 1680 3459 tanto
1705 3394 1938 3484 aegrius
1961 3396 2128 3459 ferre
2154 3416 2275 3459 nos

140 3526 403 3569 necesse
424 3519 559 3569 est:
592 3526 743 3568 nam
776 3504 915 3569 haec
954 3520 1175 3569 nostra
1208 3504 1261 3568 si
1296 3502 1642 3591 placuisset
1663 3501 1996 3581 Ciceroni,
2025 3520 2272 3563 novum

138 3610 205 3675 id
247 3613 621 3701 exemplum
673 3628 839 3677 esset
874 3623 1147 3693 φιλαυτίας,
1190 3606 1710 3701 prudentissimis
1757 3607 2138 3671 hominibus
2179 3604 2280 3668 in-

140 3718 313 3783 festae
332 3770 351 3803 ,
386 3734 452 3783 et
489 3741 755 3808 prorsus
787 3716 1111 3783 sublatum
1141 3719 1311 3782 foret
1339 3738 1536 3781 omne
1561 3714 1642 3779 de
1665 3713 1946 3803 propriis
1969 3710 2276 3801 operibus

142 3845 369 3889 verum
398 3824 738 3905 judicium.
778 3822 957 3890 Nihil
996 3824 1171 3888 enim
1202 3825 1328 3888 hac
1365 3823 1690 3905 oratione,
1730 3821 1784 3885 si
1819 3839 1992 3901 eam,
2016 3842 2160 3907 quae
2182 3835 2280 3883 est

142 3928 227 3995 de
246 3930 528 4019 Harusp.
553 3931 879 4019 responsis
897 3978 915 4011 ‚
946 3930 1223 4018 excipias
1241 3979 1261 4011 ,
1288 3928 1446 4018 fingi
1485 3944 1596 3993 aut
1625 3927 1894 4018 cogitari
1936 3940 2154 4015 potest
2187 3924 2282 4005 je-

146 4034 404 4118 junius,
430 4036 773 4119 insulsius,
804 4034 1116 4123 putidius.
1145 4036 1368 4100 Priora
1397 4034 1745 4099 duodecim
1780 4032 1984 4121 capita
2002 4080 2021 4113 ,
2053 4031 2278 4119 quinta
