2594 4537
355 283 450 357 32
991 283 1090 353 M.
1141 283 1218 352 T.
1272 282 1861 355 CICERONIS

349 404 620 505 quibus
657 404 761 477 illi
800 400 1121 502 aliquid⁸
1161 404 1723 503 suspicarentur.
1771 407 1941 478 Non
1983 404 2371 504 respondit
2408 418 2517 479 ta·

347 540 516 589 men
539 571 558 603 ‚
619 539 764 586 una
821 512 1056 587 facere
1114 514 1404 587 Sullam.
1471 516 1760 587 Etenim
1812 530 1998 589 esset
2054 515 2471 589 absurdum
2492 570 2515 605 ‚

347 651 578 725 quum
631 639 912 698 ceteros
979 649 1111 697 sua
1171 641 1433 723 sponte
1500 628 1983 716 nominasset,
2041 630 2515 699 mentionem
2580 666 2588 677 ,

345 736 554 807 Sullae
601 733 838 807 facere
893 733 1168 807 nullam
1184 744 1240 824 9,
1289 736 1428 807 nisi
1474 735 1928 808 admonitum
1970 752 2043 809 et
2096 739 2517 835 interroga·-

345 860 528 916 tum.
580 846 733 917 Nisi
795 843 982 917 forte
1040 844 1427 917 verisimile
1472 861 1581 918 est
1604 900 1625 933 ‚
1683 851 1759 917 P.
1825 846 2039 918 Sullae
2092 871 2377 918 nomen
2428 851 2514 918 in

344 958 697 1027 memoria
744 957 990 1028 Cassio
1040 982 1193 1028 non
1247 955 1489 1029 fuisse.
1546 958 1619 1029 Si
1656 956 1997 1029 nobilitas
2036 958 2401 1047 hominiS‚
2448 958 2515 1028 si

344 1064 608 1139 afflicta
649 1065 942 1139 fortuna
963 1076 1050 1156 ¹⁰,
1087 1070 1147 1139 si
1181 1066 1505 1165 reliquiae
1556 1070 1877 1166 pristinae
1925 1068 2297 1166 dignitatis
2344 1092 2514 1139 non

337 1191 490 1249 tam
524 1177 834 1251 illustres
869 1175 1173 1251 fuissent
1201 1232 1222 1263 ‚
1259 1192 1505 1250 tamen
1534 1180 1870 1251 Autronii
1898 1181 2515 1251 commemoratio

341 1288 769 1357 memoriam
797 1287 1009 1358 Sullae
1035 1287 1419 1359 retulisset.
1452 1289 1683 1359 Etiam
1711 1342 1731 1374 ‚
1762 1303 1847 1359 ut
1882 1288 2221 1376 arbitror,
2257 1313 2511 1387 quum

341 1397 806 1469 auctoritates
876 1400 1293 1495 principum
1357 1396 1879 1492 conjurationis
1940 1397 2031 1471 ad
2088 1397 2513 1471 incitandos

277 1524 288 1539 ‘
341 1506 622 1576 animos
662 1504 1142 1604 Allobrogum
1189 1504 1563 1603 colligeret
1604 1509 1929 1596 CassiuS‚
1972 1522 2047 1579 et
2090 1531 2329 1605 quum
2368 1511 2516 1580 sci-

336 1620 497 1703 ret‚'
523 1630 802 1687 exteras
847 1619 1180 1687 nationes
1220 1617 1527 1688 maxime
1564 1616 1941 1689 nobilitate
1982 1620 2301 1707 moveri,
2340 1642 2512 1689 non

339 1727 542 1825 prius
597 1730 1039 1799 Autronium
1066 1780 1085 1813 ‚
1133 1750 1357 1823 quam
1404 1725 1677 1798 Sullam
1729 1730 2171 1799 nominasset
2192 1736 2215 1771 ¹
2232 1738 2283 1797 ¹.
2340 1733 2515 1799 Jam

337 1862 514 1908 vero
551 1833 734 1906 illud
779 1834 1074 1933 probari
1122 1837 1429 1905 minime
1475 1849 1717 1931 potest
1738 1889 1759 1923 ‚
1796 1835 2043 1921 Gallos
2066 1889 2089 1924 ,
2123 1839 2513 1910 Autronio

337 1948 718 2017 nominato
753 2000 774 2033 ‚
837 1960 1129 2042 putasse
1158 1999 1180 2035 ,
1249 1958 1551 2044 propter
1605 1945 2025 2017 calamitatis
2084 1946 2516 2021 similitudi·

338 2080 543 2143 nem,
579 2053 717 2127 sibi
756 2054 1034 2153 aliquid
1078 2052 1170 2126 de
1205 2053 1404 2125 Sulla
1446 2078 1602 2126 esse
1641 2053 2158 2151 quaerendum;
2204 2059 2475 2129 Cassio
2494 2111 2515 2145 ‚

337 2168 401 2239 si
434 2166 556 2237 hic
605 2179 794 2237 esset
850 2166 928 2236 in
983 2163 1245 2237 eodem
1295 2162 1601 2255 scelere,
1648 2188 1744 2235 ne
1788 2188 2021 2261 quum
2056 2166 2515 2262 appellasset

335 2277 640 2375 quidem
701 2275 1134 2348 Autronium
1160 2329 1182 2365 ,
1234 2273 1459 2371 hujus
1522 2275 1601 2344 in
1664 2288 1987 2346 mentem
2048 2277 2303 2348 venire
2366 2303 2513 2379 po-

337 2390 586 2459 tuisse.
1461 2393 1476 2408 ’

434 2495 576 2567 Sed
603 2503 876 2566 ·tam'en
935 2492 1116 2591 quid
1173 2493 1556 2590 respondit
1612 2493 1704 2566 de
1758 2494 1955 2566 Sulla
2004 2496 2297 2568 Cassius
2315 2499 2353 2569 i>
2416 2503 2513 2572 Se

333 2609 612 2678 nescire
643 2611 1034 2674 certum¹².
1066 2605 1232 2674 Non
1267 2618 1569 2700 purgat,
1606 2606 1863 2700 inquit.
1893 2607 2061 2675 Dixi
2094 2621 2317 2679 antea
2350 2637 2370 2680 z
2411 2636 2513 2682 ne

334 2718 398 2790 si
433 2728 774 2810 argueret
820 2711 1122 2809 quidem
1163 2727 1323 2782 tum
1366 2712 1726 2811 denique,
1760 2738 1995 2811 quum
2038 2730 2227 2786 esset
2268 2718 2513 2792 inter-

335 2839 674 2922 rogam,
722 2819 800 2892 id
851 2819 1032 2891 mihi
1081 2822 1553 2892 criminosum
1606 2821 1995 2894 videretur.
2054 2823 2195 2895 Sed
2238 2847 2396 2924 ego
2428 2833 2511 2900 in

335 2927 692 3006 indiciis¹³
731 2945 806 3003 et
839 2931 916 3000 in
953 2930 1479 3027 quaestionibus
1516 2955 1665 3001 non
1688 2929 1832 3001 hoc
1858 2932 2355 3028 quaerendum
2396 2962 2511 3010 ar-

331 3153 496 3206 sociot
521 3151 834 3200 nominasse:
869 3169 896 3190 α
913 3149 1148 3196 Proeterea
1183 3147 1365 3196 multos
1531 3161 1613 3195 10.
1662 3145 1869 3214 Afficea
1897 3145 2136 3212 somma.
2176 3151 2511 3206 condemn...

330 3236 568 3297 cuiusque
586 3227 778 3294 generis
791 3226 1051 3287 innoxios,
1069 3243 1170 3291 quo
1188 3227 1363 3290 legatis
1454 3224 1594 3272 tione
1610 3224 1869 3285 injudicio
1886 3225 1951 3275 de
1969 3228 2177 3279 ambitu.

331 3313 522 3363 animus
546 3308 756 3372 amplior
782 3317 909 3354 esset
926 3327 968 3352 ι.
999 3305 1206 3354 Illorum
1230 3306 1362 3353 enim
1528 3317 1609 3351 ιι.
1646 3303 1972 3353 Nomia-ame.
2004 3309 2133 3370 Quia
2150 3309 2323 3371 Sulla,
2356 3314 2511 3381 longe

329 3394 562 3441 intererat
579 3387 760 3434 multos
777 3401 884 3432 esne
901 3386 1214 3445 conjurato„
1237 3383 1360 3431 Cno-
1452 3381 1665 3430 nobilior
1704 3379 1975 3444 Autronio,
2016 3389 2059 3436 si
2104 3405 2171 3437 ex
2214 3395 2509 3456 conjuratis

330 3473 432 3520 sim
459 3469 612 3531 igitur
633 3481 738 3514 non
758 3463 967 3512 debebat
984 3465 1196 3512 eximere
1207 3477 1363 3525 ,quos
1451 3461 1640 3521 fuisset,
1654 3463 1790 3525 prior
1807 3465 2053 3514 nominari
2070 3467 2359 3525 debuioeet.

331 3549 464 3598 Galli
484 3547 540 3594 in
557 3559 726 3592 eorum
745 3558 952 3591 numero
985 3557 1090 3589 em
1111 3551 1363 3604 putarent.
1531 3551 1613 3587 ια.
1634 3540 1697 3586 Se
1728 3540 1915 3589 nescim
1946 3555 2150 3594 certum.
2176 3549 2337 3600 Certe
2363 3556 2475 3604 seio
2490 3589 2506 3616 ,

405 3627 456 3673 3,
493 3626 656 3672 θην,
683 3639 712 3671 0
737 3621 853 3670 eod,
877 3620 1064 3668 Erfurt.
1086 3618 1364 3682 «συρίσαι-ἰ
1450 3625 1587 3664 certo
1608 3627 1661 3664 et
1684 3627 1869 3666 certum
1889 3635 1905 3682 ς
1942 3621 2161 3688 itemque
2186 3639 2393 3679 certum
2422 3633 2510 3682 ha..

334 3705 614 3756 viderentur
633 3723 678 3752 n.
711 3701 862 3763 Quod
898 3700 1028 3747 forte
1051 3696 1240 3746 accedit
1268 3695 1361 3743 ali-
1452 3695 1545 3743 beo
1565 3705 1612 3742 et
1634 3709 1728 3758 pro
1746 3707 1908 3758 certo,
1924 3700 1977 3748 in
2002 3703 2175 3752 eadem
2196 3721 2253 3754 re
2283 3706 2506 3762 dieitur.

328 3793 517 3851 quanto
537 3783 690 3847 magis
713 3781 777 3829 ad
805 3778 1015 3830 oratoris
1053 3775 1359 3824 sententiam.
1528 3772 1609 3820 13.
1648 3771 1731 3820 Sic
1764 3775 2028 3828 Lambinus
2064 3797 2127 3829 ex
2162 3799 2273 3833 nno
2302 3789 2432 3840 eod.
2455 3803 2508 3839 et

325 3866 360 3913 J
362 3899 376 3914 .
389 3866 458 3912 V.
487 3865 542 3912 1..
1452 3849 1729 3908 “milam“
1757 3853 2023 3919 ⁸⁸⁰Ph⁸¹¹i3
2064 3869 2117 3907 0²
2142 3862 2217 3910 ⁸3⁰
2253 3865 2503 3920 Ambms.

397 3959 450 4005 9.
468 3939 764 3990 Mentionem
789 3931 1131 3998 Sullaesacen
1153 3932 1357 3981 nullam·
1448 3927 1564 3976 cod·
1588 3927 1651 3974 ab
1673 3933 1804 3994 Aug·
1829 3933 1969 3982 Maio
1998 3935 2257 4001 laudatus,
2290 3961 2353 4010 p.
2380 3950 2503 4006 ¹⁴³-

323 4021 374 4072 Si
399 4020 560 4086 reipsa
589 4019 724 4070 Sulla
749 4018 1072 4077 conium-et.
1449 4005 1595 4070 Vulg-
1612 4005 1834 4071 judiciis.
1863 4011 1985 4060 LV.
2012 4015 2068 4062 1..
