2594 4537
744 307 1587 379 PROLEGOMENA.
1985 403 1990 406 Ι
2091 331 2232 404 219

64 449 381 496 nncmv
404 459 470 496 n.
506 431 603 494 Ac
632 427 716 494 de
750 430 969 518 priore
994 429 1311 495 Tunstalli
1337 429 1605 518 epistola
1639 429 2000 517 expositum
2031 445 2130 494 est
2159 430 2228 494 in

66 537 239 600 Actis
274 533 719 600 eruditorum
762 535 1203 623 lipsiensibus
1237 557 1342 601 an.
1392 539 1556 622 1747
1575 583 1594 618 ,
1627 556 1692 623 p.
1732 537 1884 622 407,
1913 557 2092 623 seqq.
2141 533 2226 598 de

62 641 461 706 Marklandi
499 657 720 706 autem
756 639 927 706 libro
958 639 1200 706 ibidem
1240 663 1346 705 an.
1393 639 1580 728 2753.
1617 641 1703 704 Et
1737 639 1932 721 hujus
1963 639 2228 728 quidem

62 769 375 812 censuroe
402 761 647 812 auctor
668 746 859 811 initio
889 746 1109 810 statim
1137 769 1155 809 τ
1186 745 1526 810 «Ieremias
1541 745 2229 836 Marklandus‚inquit,

70 853 249 918 edito
280 854 443 919 hoc
470 853 641 918 libro
670 867 803 918 tam
836 867 1027 917 acute
1052 851 1380 940 docteque
1411 867 1480 915 et
1505 851 1706 917 solide
1737 861 1924 924 νοθείας
1949 853 2232 918 convicit

62 960 201 1023 illas
260 961 627 1049 epistolas,
678 975 747 1024 et
801 961 996 1035 simul
1063 975 1349 1048 quatuor
1415 959 1484 1023 in
1547 959 1740 1024 titulo
1801 960 1950 1026 libri
2003 961 2226 1026 citatas

66 1067 427 1131 orationes
463 1113 483 1144 ,
562 1081 642 1130 ut
694 1087 835 1130 non
894 1081 1203 1154 putemus
1262 1067 1406 1130 fore
1475 1087 1872 1154 quemquam
1929 1065 2056 1130 nisi
2114 1080 2231 1130 aut

64 1169 433 1258 stupidum
452 1217 475 1254 ‚
547 1185 667 1235 aut
722 1172 1203 1236 contentiosum
1253 1169 1590 1236 hominem
1613 1218 1632 1252 ,
1707 1169 1824 1258 qui
1881 1168 1968 1234 de
2023 1171 2230 1259 impo-

68 1291 251 1340 stura
278 1299 503 1367 porro
536 1276 835 1342 dubitare
862 1277 1074 1342 velit».
1094 1275 1279 1342 Idem
1311 1276 1414 1341 his
1441 1273 1656 1342 verbis
1685 1297 2026 1342 censuram
2055 1275 2225 1343 finit:

64 1379 425 1471 :Tempus
458 1379 725 1446 docebit
756 1403 918 1445 num
948 1381 1179 1470 aliquis
1192 1381 1293 1446 vir
1313 1381 1548 1446 doctus
1563 1379 1646 1445 ad
1677 1380 2064 1446 solidissima
2088 1379 2228 1445 haec

66 1500 131 1548 et
154 1487 555 1553 acutissima
572 1503 953 1577 argumenta
974 1502 1039 1552 et
1067 1497 1310 1567 ἀφύκτους
1331 1497 1520 1559 νοθείας
1541 1499 1771 1569 mnan
1789 1508 2225 1576 responsurus
2283 1519 2286 1524 ·

68 1590 151 1654 sit
164 1639 185 1672 ,
223 1609 355 1658 aut
390 1593 789 1683 respondere
808 1593 1013 1658 valeat
1026 1625 1074 1659 n.
1104 1595 1308 1675 Cujus
1339 1592 1603 1682 quidem
1633 1593 1970 1659 sententias
1997 1609 2226 1659 auctor

72 1716 207 1760 non
260 1701 553 1764 omnino
598 1699 1100 1765 Ciceronianum
1146 1699 1405 1765 dicendi
1469 1721 1676 1789 genus
1719 1699 1952 1766 callere
1997 1721 2068 1764 se
2115 1698 2228 1764 de·

76 1807 514 1871 monstrabat.

160 1910 407 2002 Itaque
437 1913 543 1977 his
574 1913 771 1978 minis
796 1935 935 1976 non
968 1911 1349 1996 deterritus,
1381 1934 1532 1977 ecce
1555 1927 1822 1977 exortus
1847 1929 1946 1978 est
1975 1913 2044 1975 in
2075 1907 2228 1980 Ger-

84 2019 299 2083 mania
324 2017 665 2108 virmagni
688 2018 969 2082 nominis
992 2019 1027 2083 J
1030 2040 1093 2082 o
1115 1961 1420 2083 Matthias
1443 2017 1805 2098 Gesnerus,
1829 2018 1942 2105 qui
1963 2040 2222 2082 causam

84 2119 323 2189 harum
340 2125 717 2189 orationum
733 2145 917 2212 qu‚ae
933 2124 1189 2188 censori
1212 2125 1281 2187 in
1311 2123 1486 2187 Actis
1514 2121 1939 2187 Eruditorum
1958 2145 2224 2211 prorsus

86 2227 423 2321 desperata
466 2231 809 2298 videbatur
824 2280 844 2316 ,
890 2231 1246 2321 susciperet
1259 2281 1278 2315 ,
1329 2229 1620 2295 habitis
1601 2251 1670 2294 m
1705 2230 2008 2295 societate
2055 2233 2228 2322 regia

90 2336 325 2406 Sm'ent.
364 2338 790 2429 Goetingensi
830 2340 1079 2428 aliquot
1121 2338 1645 2429 praelectionibus
1664 2386 1684 2422 ,
1739 2337 1993 2403 insertis
2039 2356 2223 2404 tomo

94 2443 279 2511 tertio
324 2445 944 2511 commentariorum
980 2444 1269 2525 ejusdem
1307 2444 1627 2510 societatis
1647 2492 1665 2527 ‚
1702 2465 1767 2532 p.
1810 2442 2126 2525 223-284,
2159 2461 2227 2509 et

93 2547 179 2612 sic
186 2550 519 2639 inscriptis
544 2572 564 2615 z
586 2552 717 2615 «Jo.
732 2550 1019 2615 Matthiae
1036 2549 1308 2615 Gesneri
1334 2551 1564 2615 Cicero
1577 2549 1914 2614 restitutus
1928 2580 1975 2614 n.
1997 2550 2078 2613 In
2101 2551 2224 2615 hac

94 2651 283 2741 igitur
304 2656 854 2723 commentatione
888 2654 971 2719 de
1008 2656 1294 2745 epistolis
1329 2656 1412 2721 ad
1440 2658 1717 2721 Brutum
1745 2655 2106 2745 longiorem
2137 2658 2227 2721 ait

96 2780 225 2826 esse
260 2763 547 2829 fabulam
566 2810 589 2845 ,
634 2762 1139 2852 disputationem
1182 2762 1662 2852 impeditiorem
1681 2811 1699 2846 ‚
1754 2784 1791 2825 a
1833 2784 1903 2826 se
1953 2761 2220 2851 quidem

97 2870 385 2934 nondum
406 2869 497 2934 ita
514 2892 851 2934 excussam
874 2886 938 2934 et
960 2870 1341 2957 exquisitam
1357 2918 1376 2951 ,
1401 2885 1478 2933 ut
1499 2870 1776 2934 abscisse
1798 2870 2224 2956 pronuntiare

98 2974 321 3041 audeat
337 3022 361 3059 ,
396 2976 521 3041 nisi
566 2975 748 3065 quod
786 2975 1081 3041 sufficere
1118 2975 1240 3041 sibi
1270 2976 1590 3040 hactenus
1621 2972 1916 3038 videatur
1955 2974 2226 3039 Middle-

98 3083 347 3147 toniana
393 3080 689 3147 defensio
708 3130 726 3165 ‚
763 3097 841 3146 ut
862 3104 1033 3147 nova
1064 3104 1261 3171 opera
1288 3104 1372 3146 ne
1404 3080 1601 3145 valde·
1623 3078 1888 3167 quidem
1917 3102 2084 3167 opus
2119 3080 2222 3145 sit.

98 3184 429 3255 Orationes
456 3204 677 3255 autem
708 3204 991 3277 quatuor
1020 3188 1173 3253 istas
1196 3204 1352 3277 post
1379 3186 1688 3251 Reditum
1725 3186 1794 3248 in
1825 3184 2066 3249 Senatu
2086 3234 2104 3267 ,
2139 3184 2219 3250 ad

98 3290 407 3378 Quirites,
434 3318 560 3385 pro
590 3296 807 3361 Domo
834 3317 953 3360 sua
976 3312 1041 3360 et
1068 3294 1155 3360 de
1168 3294 1602 3383 Haruspicum
1627 3291 1951 3380 responsis
1979 3294 2067 3355 ita
2086 3315 2224 3382 per-

98 3412 315 3469 tractat
330 3450 351 3485 ,
392 3419 473 3467 ut
506 3424 613 3467 eas
660 3401 969 3469 adversus
1019 3401 1382 3468 Marklandi
1415 3400 1952 3489 reprehensiones
1991 3397 2221 3464 defen-

99 3502 266 3593 dere,
310 3526 379 3573 et
408 3526 744 3598 tamquam
781 3510 1097 3599 genuinas
1130 3509 1429 3575 Ciceroni
1461 3505 1790 3571 vindicare
1823 3502 2098 3569 studeat.
2134 3506 2224 3569 Ac

100 3610 357 3680 Gesner-i
384 3614 656 3703 quidem
686 3615 819 3681 sive
850 3616 1229 3698 auctoritas,
1257 3616 1393 3679 sive
1419 3628 1956 3703 argumentorum
1979 3610 2221 3699 species

98 3716 253 3786 hanc
282 3722 416 3786 vim
448 3720 721 3803 habuit,
760 3737 839 3786 ut
870 3739 1125 3811 postea,
1172 3722 1241 3785 in
1287 3709 1644 3786 Germania'
1681 3715 1946 3805 quidem
1970 3765 1987 3797 ,
2026 3736 2222 3779 nemo

100 3846 223 3891 esse
252 3826 606 3908 videretur,
642 3828 803 3914 quin
848 3850 986 3891 rem
1033 3848 1069 3890 a
1108 3826 1404 3892 Gesner-o
1445 3842 1622 3890 extra
1658 3844 1921 3889 omnem
1957 3821 2220 3887 dubita-

102 3932 281 3997 tionis
312 3932 519 3997 aleam
554 3954 695 3996 esse
732 3932 1008 4021 positam
1060 3932 1469 3998 existimaret.
1517 3932 1590 3995 In
1643 3928 1862 4019 primis
1911 3930 2007 3995 Io,
2058 3930 2224 4019 Aug.

106 4036 455 4122 Emmaus,
502 4038 619 4127 qui
650 4039 981 4103 Ciceronis
1026 4060 1223 4127 opera
1270 4039 1370 4103 bis
1401 4061 1481 4103 ex
1514 4036 1866 4118 Gronovii,
1919 4032 2158 4099 deinde
2187 4056 2223 4093 e
