2594 4537
295 256 436 355 574
927 258 1024 325 M.
1075 256 1152 323 T.
1207 253 1793 325 c1cEROle

287 377 858 479 reprehendisti,
913 374 1116 474 quod
1175 376 1481 451 nimium
1529 374 1799 449 multos
1840 372 2301 451 defenderim
2333 376 2395 423 ¹³
2420 408 2441 449 :

289 494 570 567 utinam
621 504 697 561 et
735 504 816 559 tu
837 541 860 573 ,
911 488 1040 586 qui
1088 501 1297 585 potes
1318 540 1339 575 ,
1394 501 1469 558 et
1515 486 1776 574 ceteri,
1826 487 1959 584 qui
2004 486 2444 587 defugiunt,

283 602 556 675 vellent
584 624 700 673 me
727 598 976 671 labore
1003 598 1148 671 hoc
1173 595 1449 677 levare!
1480 596 1621 669 Sed
1648 594 1735 667 fit
1756 612 1999 671 vestra
2020 597 2399 698 diligentia
2420 655 2441 685 ‚

285 714 422 810 qui
463 714 542 785 in
589 712 826 781 causis
861 707 1357 807 ponderandis
1392 730 1649 779 omnes
1684 703 1835 779 fere
1868 708 2313 806 repudiatis,
2356 726 2441 781 ut

285 823 380 897 ad
407 846 546 895 nos
575 821 940 920 pleraeque
981 820 1355 893 confluant
1374 872 1395 905 ‚
1431 821 1563 917 qui
1605 819 1881 893 miseris
1924 836 2001 891 et
2034 818 2437 899 laboranti,-

283 934 428 1007 bus
467 932 652 1005 nihil
687 956 950 1029 negare
989 954 1397 1031 possumus.
1443 929 1897 1002 Admonuisti
1930 932 2147 1003 etiam
2172 984 2193 1018 ,
2230 931 2437 1027 quod

281 1046 360 1115 in
383 1046 596 1115 Creta
616 1040 872 1115 fuisses
891 1096 913 1129 ,
945 1032 1299 1113 dictum¹4
1336 1040 1637 1139 aliquod
1670 1044 1747 1113 in
1770 1042 2199 1139 petitionem
2232 1058 2435 1113 tuam

285 1152 428 1227 dici
465 1152 824 1251 potuisse3
849 1176 966 1223 me
995 1150 1064 1223 id
1095 1151 1493 1250 perdidisse
1525 1148 1609 1223 ¹⁵.
1642 1154 1823 1225 Uter
1845 1154 2066 1249 igitur
2095 1166 2439 1223 nostrum

287 1276 400 1335 est
429 1260 766 1360 cupidior
791 1260 1010 1333 dicti?
1043 1265 1331 1358 Egone,
1369 1263 1535 1357 qui,
1574 1260 1775 1361 quod
1800 1258 1941 1335 dici
1976 1266 2253 1359 potnit,
2280 1286 2441 1333 non

289 1372 630 1461 dixerim3
658 1397 752 1445 an
783 1388 897 1460 tu,
927 1376 1054 1468 qui
1088 1376 1305 1443 etiam
1336 1372 1487 1469 ipse
1512 1374 1593 1443 in
1624 1386 1695 1443 te
1728 1368 2039 1445 dixeris?
2064 1376 2165 1443 Te
2192 1370 2441 1443 aiebas

287 1482 382 1555 de
420 1483 564 1558 tuis
603 1482 824 1555 rebus
857 1482 1076 1579 gestis
1117 1481 1353 1553 nullas
1391 1472 1633 1553 literas
1670 1483 1975 1567 misisse,
2018 1480 2223 1578 quod
2256 1480 2439 1553 mihi

287 1616 500 1682 meae,
545 1616 727 1690 quas
771 1590 860 1662 ad
908 1590 1221 1689 aliquem
1269 1592 1618 1662 misissem
1644 1588 1729 1679 ¹⁶,
1770 1589 2199 1663 obfuissent.
2240 1594 2439 1683 Quas

287 1728 426 1802 ego
487 1702 665 1774 mihi
725 1700 1046 1775 obfuisse
1093 1726 1248 1775 non
1308 1700 1681 1800 intellige,
1746 1700 2161 1799 reipublicae
2222 1703 2437 1775 video

287 1811 634 1912 prodesse
678 1816 1023 1910 potuisse.
1698 1896 1713 1905 ,

383 1924 672 1995 XXXV.
733 1920 872 1993 Sed
931 1935 1102 1993 sunt
1156 1920 1313 1991 haec
1369 1919 1684 1993 leviora:
1726 1920 1847 1991 illa
1886 1944 2059 1994 vero
2106 1924 2439 2019 graviora

290 2048 510 2132 atque
565 2056 860 2131 magna,
921 2030 1126 2131 quod
1181 2054 1429 2101 meum
1486 2030 1921 2116 discessum,
1969 2055 2189 2128 quem
2250 2056 2439 2129 saepe

290 2140 594 2215 defleras
613 2197 633 2231 ,
669 2166 870 2214 nunc
899 2143 1104 2239 quasi
1135 2138 1673 2239 reprehendere
1701 2154 1775 2212 et
1800 2139 2274 2213 subaccusare
2308 2166 2438 2213 vo-

289 2252 512 2327 luisti.
539 2254 802 2328 Dixisti
825 2254 1053 2342 enirn,
1084 2279 1234 2326 non
1257 2250 1600 2324 auxilium
1630 2250 1805 2322 mihi
1823 2307 1842 2340 ,
1868 2251 1998 2324 sed
2026 2277 2144 2324 me
2166 2252 2439 2324 auxilio

287 2363 625 2436 defuisse.
663 2368 814 2462 Ego
855 2388 1034 2435 vero
1081 2361 1315 2433 fateor
1354 2361 1771 2434 mehercule
1798 2371 1853 2452 ¹,
1890 2363 2097 2460 quod
2130 2363 2437 2436 viderim

289 2474 470 2546 mihi
497 2474 858 2546 auxilium
894 2499 1048 2546 non
1083 2472 1368 2560 deesse,
1408 2471 1682 2542 idcirco
1719 2498 1835 2545 me
1872 2473 1977 2544 illi
2012 2473 2281 2545 auxilio
2318 2499 2439 2572 pe-

287 2585 622 2683 percisse.
653 2585 798 2673 Qui
825 2587 1018 2655 enim
1047 2598 1312 2672 statuS,
1340 2581 1539 2680 quod
1571 2584 1957 2656 discrimen
1976 2639 1995 2672 ,
2028 2609 2191 2681 quae
2218 2583 2439 2656 fuerit

289 2697 368 2764 in
417 2692 794 2792 republica
830 2707 1215 2796 tempestas
1251 2693 1408 2782 illa,
1453 2695 1616 2791 quis
1664 2695 1935 2766 nescit?
1986 2693 2440 2766 Tribunitius

295 2829 412 2878 me
465 2820 705 2878 terror
731 2858 752 2892 ,
808 2831 904 2878 an
963 2804 1363 2878 consularis
1422 2801 1625 2884 furor
1647 2814 1674 2847 ²
1726 2805 1998 2878 movit?
2046 2809 2439 2878 Decertare

291 2973 414 3023 illud
439 2973 672 3034 incubui,
701 2987 757 3024 ut
785 2977 943 3026 Rom
981 2987 1204 3024 oratores
1229 2975 1317 3024 ha·-
1404 2973 1590 3022 fallere.
1630 2975 1855 3024 Plancius
1890 2975 2047 3024 fuerat
2093 2990 2293 3040 qnoque
2328 2992 2439 3024 ver-

291 3054 427 3106 beret
453 3071 580 3120 quos
602 3068 877 3120 opponeret
899 3057 1116 3106 Gracina.
1406 3064 1537 3101 utne
1566 3054 1620 3102 in
1658 3055 1800 3104 Creta
1818 3089 1835 3116 ,
1880 3066 1931 3104 et
1967 3055 2257 3105 aedilitatem
2296 3057 2435 3104 ute·

367 3136 452 3182 13.
484 3132 818 3202 Defendet-im.
841 3136 1015 3186 Ambe.
1044 3151 1156 3184 enm
1191 3135 1316 3182 Bav.
1406 3134 1535 3182 renai
1558 3133 1853 3194 abstuleram
1882 3137 1955 3182 sic
1980 3137 2101 3186 Cres
2128 3135 2325 3184 Creten
2352 3135 2439 3182 de·

295 3224 346 3261 et
368 3229 469 3262 uno
498 3215 718 3264 Britann.
737 3215 1068 3280 defenderem.
1406 3225 1615 3278 ceperat.
1650 3215 1947 3264 Scholiasta
1974 3217 2117 3280 peine
2150 3214 2289 3264 aliud
2322 3233 2437 3280 sup-

374 3301 454 3350 ¹⁴·
495 3292 629 3342 Male
666 3296 856 3346 Ernest.
892 3293 1074 3344 delevit
1105 3292 1319 3348 diccum;
1406 3295 1581 3360 ponit,
1604 3311 1674 3344 ec.
1697 3296 1845 3344 verba
1866 3295 1951 3344 illa
1976 3293 2045 3344 ed
2066 3295 2437 3346 candidum-m

292 3369 614 3435 probabiliter
639 3389 784 3432 vero,
809 3389 904 3438 pro
946 3393 968 3418 α
985 3375 1038 3421 in
1079 3373 1320 3438 petitione
1408 3383 1633 3422 creatam
1658 3374 1975 3424 ambitionem
2002 3375 2192 3424 referri.

300 3459 382 3498 tun
399 3471 452 3511 a,
493 3449 630 3498 dedit
667 3473 691 3494 ιι
707 3452 995 3516 petitionem
1033 3463 1164 3502 tuam
1181 3466 1233 3513 »ς
1270 3462 1322 3500 et
1487 3452 1565 3504 ιδ.
1594 3454 1681 3502 Ad
1700 3453 1917 3518 aliquem
1944 3452 2199 3504 misissem.
2234 3453 2355 3502 scil.
2381 3453 2437 3500 ad

294 3529 366 3576 sie
393 3528 542 3578 habet
566 3531 828 3578 Bavariens
851 3519 974 3582 eod:
991 3531 1124 3598 apud
1149 3535 1317 3583 Garat.
1408 3533 1693 3596 Pompeium
1736 3531 1799 3582 de
1840 3534 2180 3595 conjuratione
2203 3533 2443 3584 catilina.

291 3607 378 3656 Est
415 3610 559 3657 etiam
605 3609 660 3656 in
697 3609 810 3658 eod.
832 3613 962 3676 Aug.
986 3611 1135 3670 Maii,
1173 3631 1196 3654 ι
1213 3611 1319 3662 Ad·
1406 3613 1528 3662 line
1552 3611 1759 3676 epistola
1786 3612 1941 3662 deest.

201 3707 206 3712 ’
292 3687 642 3736 monteami-
663 3722 680 3744 ,
733 3689 872 3738 nullo
926 3690 1024 3738 alio
1075 3691 1319 3758 exemplo.
1480 3691 1699 3740 XXXV.
1756 3707 1799 3742 ι.
1858 3691 2015 3742 Abest
2058 3689 2337 3740 melier-cub
2388 3691 2435 3736 in

295 3765 327 3811 J
334 3799 348 3812 .
366 3768 429 3813 V.
457 3767 510 3814 L.
1410 3769 1577 3820 multis
1605 3769 1719 3820 edd.

373 3846 457 3893 15.
481 3847 564 3892 Me
585 3844 644 3894 id
655 3845 855 3910 perdid.
875 3847 1195 3896 Proverbimn
1221 3859 1325 3896 erat
1484 3866 1537 3898 a.
1568 3851 1649 3900 An
1686 3848 2143 3916 eomularhfiamr.
2178 3848 2299 3898 Seii.
2328 3863 2437 3896 con·

295 3920 412 3988 πρός
441 3926 620 3991 Κρῆτα.
659 3925 920 3996 semitm,
959 3925 1012 3976 id
1056 3936 1130 3976 eet
1147 3961 1164 3985 ,
1204 3926 1324 3977 cre·
1412 3925 1542 3978 eules
1562 3963 1579 3988 ‚
1636 3945 1749 3978 cnm
1798 3929 1997 3978 tribuno
2050 3927 2215 3993 plebis
2268 3926 2439 3978 clodio

293 3999 525 4050 adversm
567 4005 777 4053 Creten.
819 4005 1049 4070 Scilicet,
1095 4007 1323 4056 fissaeem
1414 4009 1688 4070 coniuncti.
