2594 4537
1922 174 1949 199 Ι

503 298 894 369 ORATIO
941 300 1142 369 PRO
1192 301 1345 371 CN.
1400 299 1891 371 PLANCIO.
2130 300 2271 399 537

111 438 234 497 est
279 435 522 499 autem
561 442 916 519 umquam
951 434 1288 519 questus,
1328 420 1465 492 nisi
1500 444 1725 517 quum
1762 448 1805 493 a
1832 423 2039 495 sociis
2064 435 2096 482 9
2128 439 2202 495 et
2229 450 2273 497 a

112 560 202 607 se
253 532 594 628 injuriam
620 532 1126 631 propulsaret?
1161 534 1411 623 Quum
1445 546 1735 605 senatus
1774 532 2280 632 impediretur,

112 669 282 743 quo
317 644 594 731 minus,
629 642 706 713 id
741 641 942 740 quod
995 641 1325 715 hostibus
1360 666 1647 740 semper
1684 658 1838 715 erat
1881 638 2275 732 tributum,

112 778 565 853 responsum
619 752 987 852 equitibus
1030 752 1354 823 romanis
1406 750 1866 843 redderetur,
1931 753 2273 827 omnibus

111 864 247 941 illa
275 864 540 959 injuria
571 862 806 935 dolori
836 862 1244 962 publicanis
1277 861 1417 935 fuit
1443 890 1461 951 3
1512 860 1641 934 sed
1673 888 1841 935 eum
1869 866 2113 963 ipsum
2148 864 2276 943 do.-

113 976 362 1048 lorem
390 974 511 1045 hic
542 974 710 1045 tulit
730 985 792 1019 ¹⁰
808 974 1054 1073 paullo
1072 975 1851 1072 apertius.G0mmunis
1878 976 1997 1047 ille
2022 1000 2277 1047 sensus

115 1089 204 1157 in
239 1086 399 1157 aliis
418 1096 474 1131 ¹¹
513 1084 814 1157 fortasse
841 1085 1051 1158 latuit
1089 1116 1106 1158 ε
1143 1085 1296 1175 hic,
1316 1084 1519 1183 quod
1547 1111 1715 1158 cum
1742 1090 2002 1159 ceteris
2029 1088 2275 1165 animo

116 1196 522 1287 sentiebat,
558 1197 634 1273 id
663 1200 889 1296 magis
909 1250 928 1287 ‚
957 1221 1180 1296 quam
1215 1198 1467 1287 ceteri,
1498 1212 1571 1269 et
1609 1195 1820 1268 vultu
1847 1213 2275 1297 promptum

115 1306 424 1396 habuit,
465 1322 538 1379 et
571 1308 840 1406 lingua.
1594 1333 1601 1339 ·

225 1418 728 1515 Quamquam,
765 1416 1046 1513 judices
1094 1418 1460 1515 (agnosco
1498 1419 1690 1491 enim
1738 1444 1828 1490 ex
1866 1416 2068 1513 me),
2104 1442 2277 1515 per,-

117 1528 368 1623 multa
395 1530 471 1599 in
513 1528 877 1605 Plancium
899 1582 920 1617 ,
963 1554 1126 1625 quae
1160 1528 1252 1599 ab
1286 1554 1377 1600 eo
1408 1554 1811 1627 numquam
1844 1527 2033 1600 dicta
2070 1542 2275 1611 sunt,

120 1641 628 1718 conferuntur.
667 1646 822 1742 Ego
857 1643 1032 1741 qnia
1072 1641 1237 1714 dieo
1274 1643 1633 1741 aliquid³¹¹²
1661 1642 2085 1741 aliquandO,
2121 1666 2277 1713 non

123 1754 374 1829 studio
411 1754 801 1843 adductus,
845 1753 971 1826 sed
1012 1757 1483 1854 contentione
1529 1753 1858 1843 dicendi,
1896 1769 2021 1825 aut
2054 1754 2281 1825 laces-

123 1866 343 1953 situs3
379 1880 450 1939 et
481 1868 652 1963 quia
671 1919 692 1954 ‚
719 1880 802 1937 ut
838 1864 923 1937 fit
949 1868 1026 1936 in
1061 1866 1345 1954 multis,
1376 1868 1523 1937 exit
1545 1864 1938 1963 aliquando
1960 1864 2273 1962 aliquid,

121 1978 189 2045 si
229 1999 384 2047 non
427 1974 904 2074 perfacetum,
953 1990 1271 2047 attamen
1317 1973 1623 2048 fortasse
1666 2001 1820 2047 non
1864 1977 2270 2047 rusticum:

124 2082 335 2183 quod
367 2088 676 2184 quisque
709 2086 888 2157 dixit
907 2140 927 2175 ‚
965 2111 1082 2157 me
1118 2086 1193 2157 id
1223 2083 1484 2157 dixisse
1517 2086 1790 2157 dicunt.
1820 2090 1975 2183 Ego
2006 2100 2279 2173 autem,

124 2198 189 2266 si
226 2194 406 2294 quid
448 2212 592 2284 est,
637 2196 842 2295 quod
887 2197 1067 2268 mihi
1123 2198 1385 2268 scitum
1428 2221 1582 2267 esse
1630 2195 1982 2285 videatur,
2030 2210 2102 2266 et
2144 2195 2275 2266 ho-

123 2306 328 2378 mine
382 2308 704 2406 ingenuo
753 2310 1056 2407 dignum
1108 2323 1330 2406 atque
1381 2307 1642 2396 docte,
1684 2331 1837 2378 non
1876 2331 2271 2406 aspernor-3

124 2417 544 2499 stomachor
578 2443 783 2509 vero,
827 2444 1059 2518 quum
1097 2419 1405 2492 aliorum
1442 2444 1599 2492 non
1639 2443 1757 2490 me
1794 2418 2013 2516 digna
2046 2419 2125 2490 in
2154 2441 2273 2488 me

125 2525 629 2600 conferuntur.

225 2641 407 2711 Nam
467 2639 669 2736 quod
721 2642 1000 2739 primus
1055 2605 1630 2739 scivit13'lege1n
1680 2639 1772 2712 de
1823 2639 2273 2739 publicani5‚

201 2877 254 2924 9.
280 2856 340 2909 A
361 2860 520 2911 sociis.
543 2861 606 2910 Id
625 2873 724 2921 eet,
747 2877 775 2910 a
801 2862 1033 2911 societate
1057 2879 1152 2927 pu·

123 2940 432 2989 blieauorum
448 2977 463 3002 ,
491 2941 581 3006 qui·
601 2942 732 2989 Asiae
755 2942 1006 3005 vectigalia
1033 2957 1156 2990 eou-

129 3019 392 3069 duxertut.
429 3021 611 3069 Omnes
641 3020 894 3084 publicani
927 3031 1064 3067 eraut
1094 3035 1155 3070 ex

129 3099 306 3148 ordine
347 3099 584 3164 equestri,
629 3099 717 3148 sed
752 3101 940 3164 equites
984 3115 1154 3148 omues

131 3195 238 3227 non
259 3190 396 3226 erent
423 3178 688 3244 publicani.
715 3205 787 3216 —-
812 3181 882 3226 Ee
899 3195 934 3227 a
957 3195 1008 3228 se
1019 3215 1037 3238 ,
1067 3179 1156 3244 qui

130 3267 235 3306 erat
255 3258 306 3304 in
333 3273 388 3305 ea
411 3259 655 3306 societate.
682 3285 753 3294 —
777 3257 1022 3325 lujat-iam
1042 3273 1157 3323 pro-

125 3337 365 3402 pulsat-ee.
387 3336 539 3400 Quod
555 3336 832 3401 petentibus
857 3337 1158 3402 publicanis,

133 3429 194 3468 ut
223 3407 535 3465 induceretur
564 3417 775 3476 locatio,
808 3419 923 3481 quia
951 3419 1157 3465 nimium

131 3513 310 3561 magno
327 3496 679 3545 conduxissent
692 3534 708 3560 ,
725 3497 918 3546 nullum
937 3514 965 3545 a
985 3509 1158 3547 senatu

131 3591 417 3640 responsum
449 3576 662 3625 daretur.
699 3577 804 3626 Hac
832 3577 894 3625 de
920 3593 972 3624 re
997 3579 1070 3626 sic
1092 3578 1155 3626 ad

131 3656 368 3714 Atticum,
385 3672 461 3720 ep.
484 3657 565 3715 15,
578 3655 665 3705 lib.
685 3659 708 3703 1
720 3692 736 3717 ‚
753 3657 948 3721 scripsit
961 3657 1158 3709 Cicero:

137 3755 160 3778 ι
182 3735 350 3784 Auiani
377 3735 400 3800 (
417 3735 668 3799 publicani
689 3734 709 3798 )
746 3738 833 3801 qui
861 3737 923 3784 de
948 3739 1164 3785 censori-

131 3814 226 3863 bus
240 3813 610 3876 conduxerunt,
627 3818 788 3880 questi
803 3828 918 3864 eunt
930 3817 982 3864 in
997 3828 1166 3864 senatu

132 3911 185 3942 se
197 3927 214 3954 ,
241 3893 512 3958 cupiditate
529 3895 787 3960 prolapeoz
805 3932 822 3958 ‚
841 3895 1048 3944 nimium
1068 3911 1166 3944 ma-

133 3989 233 4038 guo
251 3969 571 4033 conduxisse3
582 3985 638 4022 ut
655 3973 970 4023 induceretur
983 3974 1166 4023 locutio

135 4053 508 4118 postulaverunt
521 4075 566 4104 n.
587 4056 652 4104 Et
677 4053 871 4118 epistol.
889 4055 952 4103 ιδ
967 4067 982 4102 :
997 4073 1024 4096 α
1041 4053 1166 4104 cato

1243 2863 1445 2912 miseros
1470 2864 1761 2928 publicanos
1790 2863 1986 2910 tertium
2007 2862 2110 2922 jam
2136 2877 2275 2921 meur

1243 2959 1347 2991 sem
1364 2953 1505 2991 vexet
1522 2977 1538 3003 ,
1570 2958 1728 3004 neque
1751 2941 1793 2988 ie
1821 2957 1849 2990 a
1880 2950 2049 2988 senatu
2074 2957 2281 3006 respou-

1241 3037 1351 3070 eum
1374 3022 1478 3068 dari
1501 3021 1685 3086 patitur
1705 3041 1745 3066 a.

1319 3116 1395 3150 ιο.
1418 3101 1517 3148 Hic
1540 3099 1659 3148 tulit.
1688 3100 1915 3148 Plancius
1936 3108 2094 3163 peter.

1320 3196 1344 3228 1
1357 3197 1402 3228 ι.
1420 3177 1697 3227 Communis
1733 3177 1819 3227 me
1848 3193 2013 3226 sensus
2054 3175 2105 3224 in
2143 3175 2270 3226 aliis.

1244 3259 1307 3308 Id
1342 3270 1442 3318 est,
1474 3258 1557 3305 ille
1596 3273 1785 3305 seusus·
1805 3255 2011 3304 doloris.
2040 3257 2102 3306 In
2130 3257 2269 3317 aliie,

1245 3336 1482 3404 equitibus
1498 3371 1514 3396 ‚
1540 3345 1624 3384 aut
1642 3335 1939 3400 publicanis.

1322 3433 1405 3465 ια.
1426 3415 1548 3463 Dico
1569 3414 1783 3479 aliquid.
1808 3415 1971 3464 Scilic.
1993 3413 2271 3463 dicterium.

1245 3523 1318 3534 -—
1348 3497 1463 3543 Non
1497 3494 1679 3542 studio.
1712 3493 1774 3542 Id
1802 3505 1907 3554 eet,
1935 3509 2041 3542 nou
2068 3493 2277 3541 delecta·

1245 3578 1381 3625 tione
1406 3575 1584 3640 aliqua.

1327 3657 1409 3705 13.
1448 3654 1638 3705 Primus
1690 3653 1840 3702 scivit.
1884 3651 2067 3702 mancii
2119 3661 2273 3714 pater.

1251 3735 1467 3784 Sciseere
1492 3745 1566 3784 eet
1596 3734 1809 3800 probare
1832 3750 1848 3784 ε
1884 3731 2017 3779 uude
2048 3729 2278 3794 plebisci-

1254 3827 1377 3865 tum.
1400 3841 1475 3855 -
1505 3818 1687 3880 Legem
1720 3813 1783 3862 de
1798 3809 2090 3878 publicanis.
2118 3811 2279 3871 Quam

1253 3895 1368 3945 tulit
1404 3895 1463 3945 C.
1498 3895 1660 3944 Caeenr
1698 3891 1899 3952 consul,
1930 3900 1989 3939 ut
2031 3888 2279 3954 publicani

1255 3975 1399 4023 tertia
1438 3975 1662 4040 pecunie
1701 3971 1877 4021 debitas
1916 3978 2054 4035 parte
2090 3968 2279 4016 releva-

1255 4065 1449 4118 rentur-3
1476 4069 1578 4120 quo
1597 4053 1726 4104 facto
1746 4062 2019 4117 equestrem
2034 4047 2129 4098 sibi
2140 4046 2277 4098 onii-
