2594 4537
287 242 429 331 456
931 246 1035 313 Μ.
1082 246 1160 312 Τ.
1214 244 1765 317 CICERONIS

284 390 518 466 eaque
550 388 778 453 sacra,
806 388 969 463 quae
998 365 1135 436 viri
1156 366 1422 455 oculis,
1453 391 1548 437 ne
1583 362 2060 463 imprudentis
2087 362 2482 461 quidem,

283 478 555 577 adspici
594 473 698 547 fas
734 490 876 564 est,
913 500 1066 546 non
1102 475 1342 547 solum
1375 475 1722 575 adspectu
1748 475 1970 560 virili,
1991 471 2117 545 sed
2145 471 2482 571 flagitio

284 604 687 687 stuproque
743 584 1059 676 violarit,
1106 590 1183 658 in
1222 589 1577 659 concione
1626 585 1717 657 de
1768 582 2250 681 religionibus
2323 609 2476 655 ne-

280 698 527 799 glectis
568 697 919 793 conqueri
938 706 990 767 ².
1042 701 1300 796 Itaque
1343 722 1542 779 nunc
1576 696 1906 795 proxima
1958 695 2215 767 concio
2271 695 2474 789 ejus

282 820 738 907 exspectatur
771 805 864 878 de
905 806 1268 905 pudicitia.
1328 806 1524 897 Quid
1561 807 1756 879 enim
1790 806 2126 891 interest,
2168 815 2466 873 utrum

278 918 371 991 ab
402 916 745 989 altaribus
782 916 1328 1016 religiosissimis
1375 916 1663 1016 fugatus
1684 971 1704 1007 ,
1754 914 1846 987 de
1883 914 2101 985 sacris
2135 916 2210 983 e't
2247 912 2462 982 reli-

280 1028 621 1126 gionibus
638 1042 1163 1127 conqueratur,
1194 1053 1286 1099 an
1312 1051 1402 1100 ex
1424 1050 1760 1100 sororum
1785 1018 2165 1096 cubiculo³
2185 1044 2462 1117 egres·

280 1163 401 1211 sus
420 1194 439 1228 ‚
487 1137 849 1236 pudorem
899 1137 1466 1237 pudicitiamque
1524 1134 1911 1209 defendat?
1957 1138 2454 1227 Responsum

277 1248 743 1347 haruspicum
773 1246 919 1320 hoc
960 1272 1211 1320 recens
1246 1247 1340 1319 de
1367 1246 1706 1319 fremitu4
1745 1248 1821 1316 in
1853 1246 2205 1317 concione
2239 1244 2450 1311 reci—

277 1360 495 1429 tavit:
534 1359 610 1428 in
648 1382 801 1455 quo
841 1382 1009 1427 cum
1042 1359 1195 1429 aliis
1232 1359 1479 1430 multis
1513 1362 1862 1457 scriptum
1883 1356 2100 1427 etiam
2113 1350 2295 1423 illud
2317 1365 2445 1421 est

282 1468 409 1565 (id
446 1466 647 1566 quod
684 1467 1024 1565 audistis)
1060 1523 1081 1558 ‚
1122 1468 1283 1541 loca
1323 1494 1522 1541 sacra
1561 1484 1636 1540 et
1682 1468 2052 1565 religiosa,
2115 1460 2440 1562 profana

276 1578 553 1650 haberi.
574 1585 663 1651 In
682 1602 767 1649 ea
798 1602 1015 1650 causa
1041 1604 1195 1651 esse
1235 1579 1415 1651 dixit
1438 1577 1737 1651 domurn
1765 1600 2035 1664 meam,
2063 1598 2106 1645 a
2143 1572 2434 1669 religio-

279 1692 563 1762 sissimo
603 1688 975 1762 sacerdote
996 1744 1017 1779 ‚
1055 1694 1131 1761 P.
1178 1689 1473 1780 Clodio,
1513 1702 2025 1769 consecratam.

372 1798 673 1871 Gaudeo
710 1800 887 1871 mihi
931 1798 1023 1871 de
1054 1814 1211 1873 toto
1243 1800 1390 1873 hoc
1415 1813 1742 1886 osteum,
1783 1796 1988 1895 quod
2011 1794 2213 1867 haud
2237 1794 2422 1879 scio,

280 1934 372 1981 an
412 1911 909 2008 gravissimum
946 1910 1193 1982 multis
1228 1910 1342 1982 his
1387 1912 1593 1982 annis
1627 1909 1797 1979 huic
1847 1906 2088 1980 ordini
2123 1901 2412 1977 n‘untia-

278 2035 432 2091 tum
469 2023 588 2111 sit,
623 2020 861 2093 datam
902 2047 1054 2094 non
1093 2020 1318 2093 modo
1355 2018 1808 2119 justam‚sed
1845 2019 2062 2091 etiam
2097 2040 2414 2089 necessa-

347 2237 399 2273 2.
441 2225 519 2272 De
562 2221 871 2290 religionibus
916 2224 1146 2291 neglectis
1184 2239 1304 2272 een·
1390 2222 1480 2282 rit,
1508 2222 1648 2271 facile
1689 2220 1889 2286 colligas
1907 2235 1972 2268 ex
1994 2218 2056 2268 iis
2077 2218 2277 2282 verbis,
2309 2233 2411 2284 esp.

278 2302 433 2366 queri.
447 2305 561 2351 Hoc
581 2321 727 2368 quam
752 2302 1010 2352 ridiculum
1034 2307 1116 2364 sit,
1134 2303 1188 2351 id
1206 2303 1305 2351 cri·

280 2395 391 2429 men
422 2382 640 2430 scelusve
664 2381 1017 2447 reprehendere
1032 2417 1047 2441 ,
1093 2383 1173 2432 cui
1196 2381 1305 2446 ipse

277 2462 345 2508 sis
388 2459 669 2518 obnoxius,
723 2475 827 2508 non
879 2459 1037 2508 solnm
1092 2459 1302 2524 Satyrici

276 2539 561 2588 traducunt.
592 2538 755 2586 Notus
776 2547 847 2584 est
868 2537 1007 2585 locus
1024 2539 1055 2584 J
1058 2538 1300 2598 uvenalis,

276 2619 375 2666 Sat.
398 2618 474 2664 11:
497 2637 522 2658 α
541 2615 666 2678 Quis
688 2615 852 2663 tulerit
874 2615 1126 2664 Gracchos
1148 2616 1209 2664 de
1232 2634 1304 2665 se-

278 2696 465 2744 ditione
496 2705 753 2758 querentes
766 2696 789 2743 ?
812 2693 913 2756 Qui
952 2693 1123 2742 caelum
1160 2696 1305 2744 terris

276 2791 383 2824 non
421 2775 649 2834 misceat,
694 2785 743 2823 et
780 2789 913 2822 mare
954 2775 1073 2824 caelo
1092 2811 1107 2836 ‚
1140 2775 1193 2824 Si
1225 2777 1305 2824 fur

278 2854 536 2920 displiceat
576 2855 749 2918 Verri,
789 2855 1038 2904 homicida
1086 2855 1304 2918 Miloni,

278 2933 482 2986 Clodius
529 2945 724 2982 accuset
777 2935 995 2983 moechos
1019 2968 1035 2994 ,
1091 2936 1303 2986 Catilina

278 3013 587 3076 Cethegum?
618 3035 646 3054 ιι
680 3012 777 3061 Sed
808 3024 855 3061 et
896 3013 956 3061 de
985 3013 1063 3062 his
1094 3017 1304 3078 graviter

280 3092 501 3156 disputat
529 3090 719 3139 Tullius
754 3093 859 3156 ipse
902 3091 1031 3140 libro
1069 3095 1215 3143 tertio
1250 3095 1304 3142 in

279 3173 505 3228 Verrem,
532 3170 691 3233 capite
714 3169 874 3233 primo
897 3182 946 3220 et
971 3188 1073 3236 seq.

352 3247 401 3298 3.
434 3249 517 3295 Ea:
551 3265 773 3296 sororum
813 3249 1033 3300 eubiculo
1068 3269 1300 3318 egressus.

279 3326 584 3389 Quibuscum
626 3343 800 3393 parum
842 3341 971 3379 caste
1011 3331 1172 3381 vivere
1211 3350 1304 3399 pu-

280 3405 489 3457 tabstur.

356 3495 405 3545 4.
424 3491 501 3536 De
514 3487 745 3552 fremitu.
768 3493 815 3539 Is
842 3503 914 3540 est
934 3527 949 3552 ,
975 3479 1063 3557 qui
1097 3510 1206 3558 cap.
1242 3509 1303 3544 10

280 3565 465 3619 dicitur
476 3565 759 3618 «horribilis
773 3571 991 3619 fremitus
1006 3587 1249 3620 armorum
1260 3595 1304 3634 a,

275 3643 360 3693 ubi
382 3682 395 3706 ,
424 3656 472 3693 et
494 3660 602 3709 cap.
632 3661 713 3705 at,
734 3664 847 3696 cum
875 3649 1073 3714 strepitu
1094 3654 1304 3714 conjun-

275 3725 429 3788 gitur,
466 3734 513 3771 et
554 3739 661 3789 cap.
702 3729 1029 3793 28„«genus
1065 3730 1299 3778 sonitus»

275 3803 565 3868 appellatur.
596 3807 747 3870 Apud
772 3809 1046 3865 Lucanum,
1076 3812 1130 3865 1,
1166 3811 1294 3872 569,

272 3893 346 3928 est
382 3883 581 3948 «fragor
604 3899 887 3935 armorum»
926 3887 1054 3936 inter
1092 3899 1296 3938 ostenta.

1395 2304 1490 2364 28,
1523 2323 1547 2343 u
1567 2317 1718 2365 quum
1745 2303 1852 2364 ipse
1877 2298 2121 2359 mundus,
2151 2313 2306 2363 quum
2328 2314 2412 2345 aer

1395 2379 1480 2444 (in
1526 2397 1643 2444 agro
1695 2378 1988 2446 Latiniensi)
2019 2415 2034 2438 ,
2092 2389 2243 2442 atque
2295 2389 2408 2426 tm

1393 2461 1665 2524 (Potentiae
1705 2461 1760 2510 in
1797 2459 2010 2518 Piceno,
2043 2468 2101 2506 ut
2141 2458 2270 2508 ibid.
2305 2469 2410 2506 ute

1391 2537 1603 2604 dixerat)
1625 2549 1760 2586 motu
1789 2536 2004 2602 quodam
2037 2534 2198 2603 novo}
2221 2548 2408 2584 contre·

1389 2620 1632 2678 miscunt,
1666 2629 1717 2667 et
1751 2619 1985 2666 inusitato
2022 2617 2216 2682 aliquid
2255 2637 2382 2670 sono

1393 2697 1766 2762 incredibilique
1824 2697 2100 2762 praedicunt
2119 2719 2170 2747 n.
2230 2699 2424 2750 Notum

1393 2789 1464 2826 est
1485 2777 1610 2826 illud
1628 2776 1847 2836 Tibulli,
1887 2779 1962 2836 11,
1997 2773 2060 2837 5,
2108 2779 2207 2838 73,
2247 2797 2422 2828 «arma

1391 2857 1678 2921 crepitantia
1722 2858 1844 2905 caelo
1861 2879 1914 2915 a,
1959 2869 2012 2906 et
2042 2859 2188 2922 plura
2229 2859 2422 2907 similia.

1391 2935 1559 2986 Fuerit
1592 2953 1709 3002 ergo
1745 2937 1994 3000 quoddam
2037 2940 2228 2986 tonitm
2259 2939 2423 2987 minus

1391 3015 1621 3080 frequens
1641 3053 1654 3076 ,
1710 3016 1848 3080 quod.
1885 3032 2129 3066 armorum
2173 3019 2419 3069 fremitum

1393 3095 1681 3145 imitaretur.
1705 3095 1843 3145 Caelo
1863 3098 2055 3146 tonanti
2065 3097 2324 3164 fremitum
2348 3111 2424 3150 at·

1395 3174 1568 3222 tribuit
1611 3179 1804 3225 Luci-et.
1839 3178 1904 3237 V,
1941 3193 2102 3242 1192,
2135 3181 2242 3241 VI,
2291 3195 2418 3240 100,

1399 3255 1524 3314 198,
1553 3253 1686 3318 269,
1726 3265 1844 3320 409.
1867 3257 1964 3306 Sed
1979 3256 2122 3306 aliter
2138 3259 2236 3307 hoc
2257 3259 2422 3324 ipsum

1349 3379 1354 3384 ,
1394 3343 1638 3382 ostentum
1646 3345 1719 3383 est
1731 3353 1756 3383 a
1767 3336 1928 3384 Dione
1939 3336 2158 3396 relatum,
2171 3340 2424 3400 xxxa,

1395 3428 1504 3478 cap,
1525 3429 1591 3462 20
1607 3447 1624 3474 ,
1653 3412 1755 3466 Καὶ
1781 3415 1977 3484 θόρυβος
1996 3452 2014 3479 ‚
2046 3418 2212 3482 inquit
2228 3454 2244 3480 ,
2269 3421 2316 3470 ἐν
2345 3427 2416 3488 rt}

1395 3491 1590 3562 Λατίνῳ
1613 3493 1708 3546 ὑπὸ
1725 3499 1816 3562 γῆς
1840 3495 2116 3557 ἐξηκούσθη·
2133 3519 2159 3538 c
2177 3508 2228 3546 et
2245 3500 2402 3563 strepi

1395 3581 1472 3620 tus
1503 3573 1557 3620 in
1593 3575 1858 3622 Latiniensi
1889 3578 2012 3638 (nou
2043 3577 2094 3623 in
2125 3589 2288 3625 monce
2315 3579 2400 3626 La

1395 3651 1497 3700 eino
1513 3687 1528 3712 ,
1558 3663 1614 3700 ut
1643 3652 1862 3718 vertunt)
1887 3655 1979 3703 snb
2007 3666 2134 3704 terra
2155 3655 2310 3704 fuerat
2333 3673 2398 3704 ex

1391 3732 1643 3781 auditus».
1681 3729 1895 3804 Θόρυὸος
1933 3733 2065 3799 apud
2109 3737 2320 3784 Dionem
2363 3737 2396 3783 il

1389 3811 1658 3876 significat,
1677 3814 1816 3877 quod
1842 3813 1904 3861 de
1929 3825 2078 3862 vento
2101 3814 2396 3863 subterrano

1388 3891 1458 3939 ait
1493 3893 1771 3953 Lucretius,
1801 3895 1900 3952 vl,
1940 3891 2072 3944 580:
2103 3894 2392 3958 «Spelunca

270 3963 346 4007 De
376 3961 494 4010 caelo
522 3963 573 4011 id
597 3965 879 4013 exauditum
894 4000 909 4026 ,
926 3966 1165 4031 quidquid
1188 3969 1293 4016 fue·
1383 3969 1512 4020 iuter
1535 3987 1730 4036 magnas
1749 3972 1909 4022 fremit
1924 3983 2038 4020 ante
2055 3972 2268 4021 tumultu
2278 3993 2321 4019 ιι.

1530 4105 1540 4136 1
