2594 4537
612 314 1000 384 ORATIO
1049 314 1253 381 PRO
1311 314 1469 383 CN.
1523 310 1995 382 PLANCIO.
2231 303 2360 376 581

224 420 740 537 quascumque
758 433 1174 534 reipublicae
1202 448 1428 507 status
1449 490 1468 523 ,
1513 432 1882 505 inclinatio
1913 448 2327 529 temporum
2352 484 2372 516 ,

226 550 415 619 ratio
472 544 873 620 concordiae
928 547 1362 645 postularet,
1393 570 1546 618 esse
1590 543 2100 618 defendendas,
2151 541 2374 636 Quod

228 684 369 757 ego
396 673 470 731 et
492 658 675 731 facio
692 713 711 748 ,
739 663 1145 733 Laterensis
1163 713 1182 744 ,
1211 671 1286 730 et
1301 682 1588 757 semper
1612 655 1862 728 faciam
1886 684 1907 746 3
1934 653 2374 729 libertatem-

226 794 417 867 que,
470 792 691 868 quam
752 770 828 839 in
886 793 1005 839 me
1038 768 1390 866 requiris,
1425 791 1645 864 quam
1691 790 1834 865 ego·
1864 790 2106 863 neque
2137 764 2372 835 dimisi

232 904 617 977 umquam,
653 904 894 978 neque
931 878 1320 965 dimittam,
1347 879 1609 948 nonin
1646 876 2076 974 pertinacia,
2121 874 2248 947 sed
2295 880 2372 947 in

227 990 546 1089 quadam
561 989 1061 1062 moderatione
1098 991 1405 1088 positam
1439 984 1737 1085 putab0.

328 1104 477 1171 XL.
508 1104 725 1175 Nunc
755 1102 972 1171 venio
1018 1098 1108 1171 ad
1152 1096 1332 1170 illud
1385 1112 1827 1185 extremum,
1869 1097 2070 1195 quod
2101 1097 2374 1185 dixisti,

227 1208 411 1280 dum
450 1210 721 1282 Plancii
768 1213 847 1281 in
896 1235 1015 1281 me
1064 1211 1406 1282 meritum
1457 1206 1698 1279 verbis
1751 1208 2207 1296 extollerem,
2261 1234 2376 1281 me

228 1344 471 1391 arcem
499 1320 730 1394 facere
760 1346 847 1393 ex
876 1322 1119 1394 cloaca
1138 1330 1163 1365 ¹
1184 1377 1207 1409 ,
1229 1321 1692 1421 lapidemque
1729 1346 1770 1393 e
1797 1321 2136 1419 sepulcro
2161 1348 2376 1395 vene-

227 1432 377 1502 rari
412 1456 549 1530 pro
584 1431 724 1504 deo
764 1459 781 1501 ε
816 1456 1049 1529 neque
1091 1436 1285 1506 enim
1315 1432 1496 1503 mihi
1524 1430 1940 1503 insidiarum
1967 1434 2372 1533 periculum

227 1539 502 1630 ullum,
522 1566 765 1639 neque
799 1543 1051 1614 mortis
1079 1541 1321 1617 fuisse.
1354 1542 1580 1637 Cujus
1614 1566 1750 1640 ego
1790 1539 2135 1638 temp'oris
2161 1545 2374 1615 ratio-

226 1674 404 1720 nem
448 1651 827 1750 explicabo
866 1646 1071 1729 brevi
1086 1662 1159 1751 Ὀ,
1198 1677 1440 1750 neque
1481 1652 1770 1724 invitus.
1813 1651 2014 1725 Nihil
2057 1653 2251 1723 enim
2285 1678 2376 1724 ex

226 1762 411 1831 meis
438 1774 545 1832 est
568 1759 1050 1861 temporibus,
1078 1760 1283 1859 quod
1317 1764 1558 1832 minus
1584 1776 2047 1859 pervagatum
2061 1758 2113 1847 3,
2139 1762 2378 1860 quod-

228 1896 380 1969 que
406 1874 649 1943 minus
686 1886 811 1943 aut
845 1896 1008 1943 mea
1043 1873 1734 1944 commemoratione
1777 1871 2220 1963 celebratum
2251 1876 2373 1962 sit,

228 1993 361 2051 aut
387 1978 809 2052 hominibus
847 1979 1175 2052 auditum
1206 1996 1426 2078 atque
1461 1996 1750 2052 notum.

331 2094 483 2188 Ego
509 2092 737 2181 enim,
765 2092 1166 2164 Laterensis
1183 2148 1203 2180 ,
1232 2118 1317 2163 ex
1347 2090 1475 2163 illo
1493 2091 1832 2190 incendio
1853 2092 2132 2190 legum,
2154 2094 2339 2189 juris
2357 2150 2376 2181 ,

226 2214 564 2289 senatur„
602 2199 971 2275 bonorum
1013 2202 1378 2289 omnium,
1415 2200 1724 2290 cedens,
1775 2225 2004 2299 quum
2042 2227 2204 2276 mea
2240 2202 2376 2275 do-

227 2335 398 2382 mus
429 2311 687 2385 ardore
726 2339 861 2386 suo
911 2313 1500 2410 deflagrationem
1535 2311 1704 2385 urbi
1739 2327 1956 2410 atque
1992 2312 2208 2384 Italiae
2244 2315 2378 2386 toti

226 2423 663 2511 minaretur,
712 2426 851 2497 nisi
906 2425 1338 2522 quievissem
1371 2435 1404 2494 'z
1444 2422 1752 2494 Siciliam
1790 2425 2061 2524 petivi⁴
2092 2425 2374 2514 anim0,

226 2557 396 2632 quae
422 2547 497 2604 et
538 2534 691 2632 ipsa
736 2548 888 2606 erat
930 2534 1143 2622 mihi,
1197 2536 1385 2604 sicut
1419 2531 1682 2604 domus
1716 2547 1906 2619 una‘,
1943 2534 2372 2630 conjuncta,

228 2657 309 2716 et
358 2642 827 2716 obtinebatur
878 2669 921 2715 a
963 2649 1041 2716 C.
1088 2643 1435 2741 Virgilio:
1497 2669 1818 2741 quocum
1879 2670 1998 2718 me
2050 2669 2201 2718 uno
2259 2645 2373 2718 vel

230 2753 547 2824 maxime
582 2777 815 2850 quum
851 2767 1133 2825 vetusta
1157 2753 1498 2840 amicitia,
1521 2767 1681 2824 tum
1717 2757 1858 2826 mei
1885 2753 2122 2826 fratris
2155 2754 2374 2826 colle-

229 2863 384 2960 gia,
436 2876 591 2934 tum
642 2862 1052 2963 respublica
1086 2865 1394 2935 sociarat
1408 2859 1458 2934 ⁵.
1499 2863 1684 2934 Vide
1740 2888 1936 2935 nunc
1996 2865 2374 2962 caliginem

230 2987 653 3070 temporum
688 2973 999 3052 illorum.
1031 2974 1279 3062 Quum
1315 2973 1470 3072 ipsa
1505 2996 1710 3071 paene
1737 2974 1970 3046 insula
2009 2973 2182 3044 mihi
2219 2999 2376 3048 sese

306 3191 414 3256 XL.
448 3209 495 3240 ι.
520 3195 604 3241 Me
624 3192 971 3257 manfacere
987 3210 1053 3242 ez·
1071 3193 1259 3244 cloaca.
1349 3195 1612 3258 marginem
1627 3228 1642 3253 ,
1672 3194 1795 3243 alios
1830 3193 1987 3260 legere
2014 3197 2370 3264 pervulgatum.

231 3269 568 3322 proverbium.
596 3271 653 3320 ld
680 3281 782 3333 eut,
807 3289 886 3321 me
910 3287 1067 3321 emm
1092 3273 1143 3320 in
1169 3287 1259 3338 pn-
1350 3272 1464 3322 Vid.
1486 3272 1550 3321 nd
1571 3288 1682 3337 cap.
1709 3289 1788 3336 19.

229 3349 408 3398 latium
426 3361 629 3400 mutare.
1423 3359 1476 3408 4.
1519 3349 1736 3398 Siciliam
1760 3351 1914 3417 petivi
1945 3353 2126 3405 animo.
2172 3355 2230 3406 ld
2269 3369 2369 3418 est,

313 3444 362 3477 a.
390 3428 650 3478 Rationem
677 3427 938 3493 explicabo
975 3429 1123 3478 brevi.
1161 3428 1261 3479 Alii
1351 3428 1586 3477 constitui
1601 3429 1656 3477 in
1675 3429 1886 3478 Siciliam
1907 3434 2139 3494 trajicere.

230 3507 508 3568 conjiciunt
522 3508 759 3558 rationem
773 3505 1036 3571 explicabo
1046 3507 1261 3557 breviter.
1425 3507 1473 3555 5.
1501 3509 1658 3570 Quum
1677 3519 1878 3558 vetusta
1897 3511 2141 3562 amicicia.
2165 3547 2176 3558 .
2199 3547 2213 3561 .
2233 3548 2246 3559 .
2278 3525 2380 3564 eum

230 3587 313 3634 M.
335 3585 465 3634 Tull.
503 3587 565 3634 de
586 3586 727 3636 Orat.
755 3589 809 3650 1,
834 3586 863 3632 8
880 3621 897 3648 ,
928 3586 991 3634 ad
1017 3587 1261 3650 Quintum
1349 3600 1474 3649 resp.
1489 3586 1714 3637 sociarat.
1730 3589 1910 3638 Erfnrt.
1929 3592 2132 3654 «Quum
2150 3602 2379 3655 vetustae,

230 3667 464 3714 fratrem:
487 3681 583 3712 «ac
604 3680 667 3712 ne
684 3665 849 3729 plura,
868 3680 979 3728 qua
990 3664 1261 3713 mutianu—
1353 3673 1456 3712 tum
1488 3665 1698 3714 amicitia
1715 3701 1730 3727 ,
1767 3684 1920 3732 quum
1955 3670 2114 3716 fratris
2145 3670 2350 3736 collegit
2365 3707 2381 3732 ,

230 3741 485 3792 memhuin
531 3754 780 3791 consecter
799 3778 814 3803 ,
854 3743 1262 3807 comprehendam
1353 3755 1457 3793 tum
1493 3743 1766 3810 respublica
1801 3748 2066 3795 sudaverat
2097 3769 2140 3795 ι.
2179 3749 2287 3799 cic.
2329 3751 2381 3800 in

230 3821 435 3870 brevia.
456 3821 556 3868 Ubi
574 3820 726 3870 codd.
746 3819 1089 3870 aihum-iant.
1112 3821 1265 3868 Aliud
1355 3838 1437 3887 ep.
1474 3824 1537 3871 nd
1573 3823 1686 3872 niv.
1722 3826 1784 3884 V,
1820 3827 1879 3874 15
1907 3841 1921 3874 ε
1961 3848 1986 3868 ιι
2006 3829 2186 3874 Tecum
2226 3829 2387 3878 vivere

230 3899 385 3959 huju·
410 3898 636 3946 rarissimi
663 3915 781 3947 usus
800 3900 1075 3964 exemplum
1101 3899 1264 3948 attulit
1363 3917 1552 3964 possem
1576 3918 1588 3950 ε
1620 3902 1846 3966 equidem
1874 3915 1924 3952 et
1953 3903 2160 3952 maxime
2188 3905 2356 3955 vellem
2378 3924 2394 3968 ;

231 3975 541 4028 Foreellimu
558 3993 620 4025 ex
638 3994 721 4042 ep.
748 3977 811 4026 ad
827 3977 940 4026 Div.
964 3979 1051 4036 111,
1073 3980 1122 4026 8.
1364 3990 1572 4028 vetustas
1592 4015 1606 4040 ‚
1645 3997 1805 4043 annor,
1848 3983 2152 4034 consuetudo
2169 4018 2183 4044 ,
2225 3985 2385 4036 studia

314 4049 365 4104 3.
408 4055 741 4120 Per-vagatum.
778 4055 943 4106 Lamb.
982 4057 1169 4105 notavit
1204 4057 1265 4104 ad
1367 4060 1526 4125 paria,
1554 4069 1645 4108 etc.
1667 4083 1690 4102 κ
