2594 4537
639 263 1032 331 ORATIO
1079 262 1288 332 PRO
1338 266 1413 332 P.
1451 264 1807 337 SULLA.
1914 314 1920 320 -
2202 269 2297 341 ἔίιΧ

143 382 537 483 adspectus
558 436 578 471 ,
633 387 1090 456 concursatio
1121 440 1140 471 ‚
1199 387 1493 484 stipatio
1511 442 1530 473 ‚
1600 412 1849 487 greges
1912 389 2291 465 hominum

143 495 606 595 perditorum
638 549 658 581 ,
701 509 981 585 metum
1023 494 1238 566 nob'is
1287 496 1825 596 seditionesque
1866 498 2288 573 afferebant.

144 610 398 703 Itaque
451 608 532 676 P.
593 604 828 694 Sulla,
889 604 1034 676 hoc
1079 606 1709 704 importunissimo
1752 624 1909 681 tum
1958 610 2290 701 honoris,

143 732 298 787 tum
361 718 582 787 etiam
635 716 1050 788 calamitatis
1099 718 1297 789 socio
1322 728 1379 763 ¹¹
1428 734 1647 817 atque
1704 724 2001 809 comite,
2052 737 2127 794 et
2178 748 2288 817 se-

139 827 419 898 cundas
463 824 792 897 fortunas
835 829 1168 899 amittere
1213 842 1505 900 coactus
1555 844 1697 917 est,
1742 845 1816 901 et
1858 832 1933 901 in
1969 832 2283 904 adversis

137 940 298 1009 sine
341 937 506 1008 ullo
541 938 864 1009 remedio
907 954 1126 1036 atque
1177 937 1654 1011 allevamento
1691 964 2139 1039 permanere.

231 1051 497 1120 XXIV.
537 1050 670 1119 Hic
704 1062 788 1119 tu
827 1048 1201 1146 epistolam
1239 1073 1474 1120 meam
1515 1074 1705 1149 saepe
1740 1054 2033 1141 recitaS,
2068 1076 2289 1150 quam

137 1182 274 1257 ego
311 1158 408 1230 ad
449 1162 580 1228 Cn.
633 1160 1058 1256 Pompeium
1085 1170 1106 1203 ¹
1157 1158 1249 1230 de
1302 1162 1483 1231 meis
1528 1160 1753 1232 rebus
1802 1165 2019 1259 gestis
2066 1178 2141 1234 et
2192 1162 2284 1234 de

134 1294 426 1341 summa
463 1266 916 1369 reipublicae²
963 1271 1161 1357 misi3
1200 1285 1273 1341 et
1310 1294 1398 1342 ex
1434 1294 1519 1342 ea
1555 1274 1831 1345 crimen
1876 1272 2169 1370 aliquod
2212 1275 2290 1344 in

132 1386 212 1452 P.
245 1380 531 1452 Sullam
571 1382 866 1478 quaeris;
907 1395 982 1453 et
1001 1436 1021 1471 ,
1060 1382 1122 1452 si
1155 1378 1481 1453 furorem
1508 1382 2007 1455 incredibilem
2026 1438 2045 1472 ,
2087 1382 2291 1454 bien-

133 1492 262 1561 nio
277 1505 458 1561 ante
480 1506 916 1589 conceptum
934 1544 954 1579 ,
973 1492 1294 1589 erupisse
1315 1494 1390 1561 in
1418 1516 1581 1563 meo
1609 1492 1991 1565 consulatu
2006 1494 2253 1590 scripsi
2270 1548 2289 1580 ‚

131 1624 252 1671 me
285 1600 442 1672 hoc
464 1599 1000 1673 demonstrasse
1027 1601 1240 1691 dicis,
1275 1601 1544 1673 Sullam
1567 1602 1645 1672 in
1674 1600 1793 1673 illa
1828 1599 2047 1673 fuisse
2076 1624 2287 1701 supe-

131 1712 331 1783 riore
377 1712 904 1806 conjuratione.
953 1712 1232 1783 Scilicet
1285 1714 1345 1783 is
1408 1736 1569 1785 sum
1590 1766 1610 1801 ,
1662 1713 1790 1809 qui
1843 1712 2245 1783 existimem
2264 1766 2285 1800 ,

131 1822 261 1891 Cn.
296 1821 646 1893 Pisonem
668 1874 688 1909 ‚
732 1836 806 1892 et
838 1822 1215 1895 Catilinam
1239 1877 1259 1911 ,
1312 1836 1387 1893 et
1418 1824 1976 1918 Vargunteium,
2021 1836 2094 1894 et
2134 1826 2287 1894 Au-

134 1936 462 2004 tronium
501 1932 684 2005 nihil
719 1934 1095 2023 scelerate,
1135 1934 1317 2005 nihil
1354 1934 1693 2007 audacter
1731 1936 1925 2031 ipsos
1958 1957 2091 2033 per
2129 1958 2287 2006 sese

137 2046 296 2114 sine
342 2048 418 2113 P.
465 2042 660 2113 Sulla
696 2042 931 2115 facere
971 2048 1317 2143 potuisse.
1360 2048 1470 2115 De
1514 2040 1715 2143 quo3
1763 2048 1977 2116 etiam
2017 2048 2075 2117 si
2121 2046 2287 2141 quis

135 2152 550 2224 dubitasset
573 2168 821 2242 antea,
845 2180 1026 2225 num
1046 2210 1067 2244 ,
1104 2152 1181 2225 id
1212 2154 1413 2252 quod
1446 2168 1529 2224 tu
1559 2154 1798 2251 arguis
1818 2208 1838 2241 ,
1874 2155 2286 2250 cogitasset,

135 2261 532 2353 interfecto
581 2278 790 2363 patre
841 2280 973 2337 tuo
1002 2321 1021 2354 ,
1081 2264 1381 2338 consule
1404 2319 1423 2352 ,
1468 2262 1907 2339 descendere
1963 2262 2287 2336 kalendis

132 2377 488 2472 januariis
515 2397 682 2446 cum
717 2375 1095 2449 lictoribus
1118 2403 1137 2466 ;
1168 2375 1518 2448 sustulisti
1551 2375 1739 2446 hanc
1764 2373 2249 2474 suspicionem
2266 2431 2287 2464 ,

137 2505 372 2584 quum
405 2483 687 2575 dixisti,
720 2485 954 2577 hunc,
995 2503 1076 2559 ut
1098 2487 1477 2560 Catilinam
1496 2487 1921 2560 consulem‘*
1940 2485 2281 2575 efficeret,

213 2751 296 2784 ιι.
321 2737 446 2784 Tum
469 2732 671 2783 honor-'s
683 2769 702 2792 ,
735 2745 838 2782 eum
859 2732 1010 2781 etiam
1033 2733 1166 2782 cala-

139 2815 324 2864 mitatis
345 2812 498 2864 socio.
521 2813 651 2876 Quia
675 2812 820 2862 simul
843 2811 1070 2862 eonsules
1085 2811 1168 2860 de-

139 2894 319 2958 signati
343 2902 485 2941 erant
521 2901 572 2939 et
605 2891 748 2940 simul
777 2891 838 2939 de
862 2891 1052 2939 ambitu
1077 2891 1164 2939 da·

140 2975 314 3023 mnati.
364 2971 556 3022 Odium
571 3006 588 3030 ,
645 2973 881 3036 pravitate
932 2969 1168 3020 Autronii

141 3055 408 3104 conflatam
425 3085 443 3112 ,
469 3051 656 3101 Sullam
683 3051 864 3115 tetigit,
890 3049 1028 3114 quod
1062 3051 1169 3111 ein·

143 3137 332 3201 collega
358 3146 508 3183 meet.

208 3218 412 3266 xm.
444 3229 489 3262 ι.
519 3209 790 3278 Epistola».
827 3207 1174 3256 mamad

147 3295 234 3343 au.
255 3293 556 3358 Pompeium.
584 3292 760 3340 Cicero
790 3288 1013 3339 catilina
1049 3303 1169 3335 eon-

139 3373 388 3432 juntione
403 3387 666 3437 oppressa,
683 3369 746 3419 ad
771 3370 862 3420 Cn.
875 3367 1168 3432 Pompeitam

143 3453 199 3499 in
223 3453 337 3501 Asia
363 3451 550 3500 bellum
573 3448 960 3500 Mithridaticum
991 3463 1166 3512 geren-

145 3543 244 3580 tem
268 3533 467 3598 seu-ipsit
491 3531 556 3580 de
585 3541 794 3594 utraque
825 3527 1165 3589 conjuratione

141 3611 384 3660 Catilina.
427 3613 487 3659 L.
511 3611 790 3675 Totqnatus
825 3623 887 3656 ex
911 3607 988 3654 his
1012 3605 1166 3656 literis

142 3693 342 3756 collegit
375 3693 435 3739 P.
463 3691 646 3739 Sullam
671 3689 816 3738 fuisse
839 3703 903 3737 ex
938 3687 1166 3749 conjura-

141 3771 280 3818 tione
295 3809 310 3832 ‚
355 3770 508 3835 idque
545 3769 831 3818 Ciceronem
872 3765 1166 3832 significasse

139 3851 303 3914 arguit
321 3885 336 3909 ‚
364 3850 588 3916 quamvis
616 3847 794 3898 Sullam
817 3848 870 3895 in
889 3863 944 3895 ea
964 3846 1169 3912 epistola

141 3930 321 3979 OEeem
371 3945 479 3980 non
533 3927 872 3978 nominaverit.
919 3925 980 3975 ld
1025 3933 1171 3990 negat

145 4011 336 4060 Cicero.

1330 2749 1375 2784 a.
1398 2731 1595 2781 Lallem.
1610 2729 1753 2794 jubet
1768 2729 1927 2796 legere
1942 2767 1959 2793 ,
1975 2751 2001 2773 a
2016 2731 2079 2780 de
2096 2745 2279 2779 summa

1254 2812 1503 2880 republica
1516 2833 1560 2861 a.

1327 2892 1375 2940 3.
1404 2894 1477 2939 Do
1496 2908 1608 2956 quo.
1636 2893 1692 2939 P.
1720 2889 1873 2939 Sulla.
1897 2915 1969 2926 —-·
1992 2888 2045 2936 Si
2060 2889 2170 2954 quis
2189 2889 2281 2936 διι-

1257 2970 1469 3018 bitasset.
1484 2968 1710 3018 Ostendit
1722 2971 2085 3032 L.Torquatnm
2095 2966 2279 3016 dixisse

1255 3065 1367 3115 qne
1388 3065 1493 3098 non
1519 3049 1827 3097 conveniant.
1852 3047 1979 3098 Nam
2004 3047 2049 3093 si
2070 3047 2125 3094 P.
2145 3046 2278 3095 Sulla·

1255 3129 1531 3190 conjuravit
1576 3131 1632 3176 L.
1676 3129 1917 3192 Torquati
1966 3135 2153 3190 patrem
2198 3141 2279 3172 xxx

1241 3208 1473 3256 kalendis
1492 3207 1729 3266 januariis
1754 3204 2029 3254 interficere
2046 3240 2061 3262 ,
2086 3215 2142 3253 nt
2164 3219 2278 3252 eon-

1253 3289 1463 3337 snlatnm
1488 3285 1678 3348 jndicio
1710 3285 1937 3334 amissum
1962 3301 2053 3349 per
2072 3285 2175 3334 vim
2194 3299 2279 3332 ne-

1254 3377 1534 3432 cuperat-eu
1570 3381 1670 3413 non
1712 3377 1785 3415 est
1828 3365 2091 3416 verisimile
2122 3381 2235 3412 enm
2258 3397 2276 3420 ‚

1253 3457 1515 3512 postquam
1549 3445 1805 3494 damnatus
1842 3455 1917 3494 est
1936 3479 1951 3503 ,
2006 3459 2177 3507 operas
2224 3453 2277 3490 et

1253 3541 1449 3574 manum
1470 3539 1786 3587 comparasse,
1800 3535 1859 3573 nt
1868 3519 2089 3572 Catilinae
2108 3529 2277 3568 watra

1253 3607 1557 3670 Torquatum
1580 3603 1939 3668 suffragaretur.
1976 3627 2048 3638 --
2066 3601 2275 3648 Descen-

1253 3685 1384 3734 dere.
1412 3683 1631 3741 Scilicet,
1658 3681 1713 3730 in
1741 3683 1921 3730 forum.
1948 3679 2031 3728 sio
2052 3679 2181 3729 enim
2200 3679 2278 3728 lo·

1253 3765 1543 3830 qnebautur,
1567 3763 1681 3826 qnia
1700 3761 1967 3809 nobiliores
1992 3763 2043 3810 in
2071 3760 2281 3809 collibus

1254 3843 1561 3892 habitabant.
1576 3869 1645 3878 —-
1664 3841 1780 3890 cnm
1808 3839 2069 3890 lictoribus.
2094 3839 2154 3888 Id
2173 3850 2245 3888 est
2264 3872 2281 3898 ,

1255 3935 1451 3988 arrepto
1478 3919 1751 3970 consulatu.

1332 4013 1385 4059 4.
1410 4001 1477 4049 Ue
1499 3999 1761 4052 &ambiam
1784 3999 2027 4050 consulem
2048 3993 2279 4066 efficeret.

1934 4089 2071 4216 l...
