2594 4537
342 273 486 364 540
989 282 1089 353 M.
1139 282 1218 353 T.
1279 280 1837 358 CICERONIS

347 401 712 474 Plancium
741 401 960 475 fuisse
992 404 1313 476 clamitas
1334 459 1355 495 ,
1390 428 1547 477 eam
1578 401 1853 475 tribum
1886 400 2221 500 profecto
2239 457 2260 491 ‚
2298 427 2493 477 seve-

343 514 794 591 rissimorum
849 508 1242 610 praesertim
1302 514 1689 586 hominum
1736 527 1811 585 et
1860 513 2491 610 gravissimorum,

339 622 560 693 edere
606 620 940 693 debuisti.
990 626 1083 696 At
1125 623 1518 697 Voltiniam
1550 653 1568 695 z
1612 622 1791 695 libet
1826 623 2023 707 enim
2062 620 2197 693 tibi
2246 626 2491 695 nescio

341 732 521 830 quid
561 735 778 804 etiam
819 732 912 805 de
951 732 1074 806 illa
1100 733 1299 807 tribu
1326 734 1689 807 criminari
1722 759 1740 804 ε
1782 731 1972 804 hanc
2000 732 2225 829 igitur
2261 735 2487 832 ipsam

339 868 472 916 cur
504 869 656 916 non
697 844 1028 917 edidisti?
1073 846 1272 937 Quid
1310 847 1598 919 Plancio
1646 870 1813 917 cum
1859 846 2211 916 Lemonia
2232 846 2267 915 Ρ
2310 844 2489 943 quid

340 978 508 1026 cum
560 955 937 1027 Veientina
959 953 1034 1027 ³?
1087 956 1268 1053 quid
1324 980 1491 1028 cum
1544 954 2055 1029 Crustumina?
2110 978 2291 1025 nam
2336 959 2489 1027 Me-

339 1066 513 1136 tiam
535 1063 590 1154 4,
629 1090 780 1137 non
823 1092 983 1164 quae
1010 1064 1402 1163 judicaret,
1439 1066 1567 1141 sed
1600 1090 1762 1164 quae
1794 1066 2219 1163 rejiceretur
2240 1064 2300 1154 ⁵,
2340 1090 2489 1137 esse

338 1176 646 1249 voluisti.
691 1177 1056 1251 Dubitatis
1098 1179 1343 1275 igitur,
1375 1176 1696 1273 judiceS,
1739 1178 1921 1274 quin
1957 1199 2089 1247 vos
2128 1180 2229 1247 M.
2278 1181 2489 1248 Late-

333 1286 566 1357 rensis
617 1310 752 1359 suo
788 1286 1068 1383 judicio
1089 1342 1110 1374 ‚
1159 1314 1313 1359 non
1360 1287 1446 1359 ad
1490 1290 1923 1359 sententiam
1959 1287 2139 1383 legis
2160 1340 2181 1373 ‚
2228 1286 2365 1358 sed
2404 1286 2491 1357 ad

335 1418 540 1466 suam
591 1420 793 1496 spem
843 1398 1158 1496 aliquam
1199 1396 1290 1469 de
1338 1399 1620 1471 civitate
1666 1394 2063 1495 delegerit?
2099 1395 2491 1483 dubitatis,

334 1504 516 1602 quin
555 1530 674 1577 eas
707 1504 942 1578 tribus
965 1562 984 1597 ‚
1015 1509 1091 1578 in
1130 1508 1401 1605 quibus
1434 1531 1729 1605 magnas
1759 1506 2345 1580 necessitudines
2370 1508 2491 1579 ha-

334 1613 461 1688 bet
489 1617 819 1689 Plancius
837 1672 856 1707 ‚
884 1643 1116 1717 quum
1150 1619 1272 1690 ille
1302 1644 1453 1691 non
1486 1617 1833 1705 ediderit,
1860 1617 2204 1713 judicarit
2232 1618 2491 1691 officiis

332 1724 426 1798 ab
463 1726 606 1798 hoc
641 1726 1056 1817 observatas
1078 1782 1097 1816 ,
1141 1754 1295 1801 non
1332 1730 1713 1827 largitione
1757 1725 2241 1827 corruptas⁶?
2296 1728 2491 1819 Quid

335 1840 532 1907 enim
582 1852 823 1936 potest
875 1838 1154 1930 dicere,
1207 1866 1345 1912 cur
1393 1843 1528 1913 ista
1584 1840 1807 1912 editio
1829 1849 1856 1895 ⁷
1920 1864 2073 1911 non
2128 1864 2489 1911 summam

334 1944 602 2020 habeat
637 1948 1139 2039 acerbitatem,
1174 1966 1457 2023 remota
1496 1952 1777 2049 ratione
1812 1948 1968 2039 illa,
2002 1974 2229 2047 quam
2268 1952 2347 2021 in
2382 1945 2491 2021 de·

335 2057 704 2129 cernendo
737 2060 1030 2161 sequuti
1059 2062 1359 2133 sumus?
1400 2065 1509 2132 Tu
1542 2060 1811 2158 deligas
1848 2084 1937 2131 ex
1966 2060 2171 2131 omni
2204 2061 2485 2160 populo

331 2182 459 2239 aut
513 2171 780 2243 amicos
839 2184 1052 2259 tuos,
1115 2186 1241 2245 aut
1301 2171 1633 2243 inimicos
1693 2194 1933 2261 meos,
1984 2183 2111 2241 aut
2166 2170 2486 2270 denique

332 2303 498 2368 eos,
545 2306 730 2379 quos
773 2282 1301 2372 inexorabileS,
1343 2307 1535 2382 quos
1571 2281 2052 2370 inhumatum,
2088 2305 2284 2378 quos
2326 2306 2486 2353 cru·

331 2387 532 2461 deles
556 2393 971 2464 existimes?
999 2407 1078 2464 tu
1096 2447 1117 2483 ,
1145 2417 1262 2464 me
1290 2394 1544 2490 ignaro
1560 2447 1579 2484 ‚
1604 2415 1741 2464 nec
1766 2393 2117 2491 opinante
2133 2445 2155 2478 ‚
2184 2392 2420 2464 inscio
2432 2385 2484 2476 ⁸,

334 2515 548 2572 notes
605 2516 679 2574 et
729 2518 935 2590 tuOS,
988 2518 1061 2576 et
1110 2520 1411 2576 tuor-um
1469 2504 1952 2593 necessarios,
1994 2501 2162 2573 vel9
2202 2504 2485 2600 iniquos

333 2635 575 2698 meos,
637 2613 754 2684 vel
809 2615 1024 2687 etiam
1091 2613 1561 2698 defensorum
1624 2615 2011 2686 meorum?
2078 2611 2485 2712 eodemque

328 2719 677 2818 adjungas
699 2777 718 2812 ‚
753 2748 938 2821 quos
979 2740 1235 2797 natura
1272 2741 1485 2824 putes
1518 2748 1851 2825 asperos,
1880 2738 2104 2822 atque
2138 2723 2487 2796 omnibus

331 2830 668 2928 iniquos?
711 2832 975 2907 deinde
1008 2834 1345 2909 effundas
1376 2851 1715 2937 repente,
1752 2851 1833 2906 ut
1864 2849 2031 2906 ante
2066 2859 2487 2906 consessum

333 3005 436 3064 qui·
470 3006 877 3071 competitoribus
891 3044 907 3070 ,
952 3009 1117 3075 pretio
1160 3019 1364 3075 accepto
1524 3013 1575 3060 6.
1598 3012 1711 3060 Non
1729 3009 1995 3076 turgidam
2011 3021 2288 3073 corruptas.
2304 3010 2485 3058 Vocem

335 3089 652 3136 concessisse.
1453 3102 1706 3156 corruptas
1720 3128 1735 3154 ‚
1773 3106 1917 3154 quam
1964 3105 2025 3138 ex
2069 3089 2261 3138 Erfurt.
2298 3087 2487 3137 addidit

409 3167 459 3216 3.
483 3165 763 3215 Veieneina.
785 3167 881 3214 Hic
907 3167 1112 3216 vai-iem
1133 3177 1367 3233 corrupta
1456 3171 1678 3218 Gravius
1696 3203 1710 3226 ,
1740 3167 1887 3217 habet
1922 3169 2068 3216 etiam
2102 3169 2387 3217 Banu-icus.
2420 3170 2483 3216 Ea

340 3256 392 3295 et
415 3243 640 3309 ambigua
667 3247 810 3296 MSS.
839 3247 1139 3296 Erfurtensis
1176 3247 1366 3296 codicis
1456 3249 1593 3298 nullo
1624 3247 1721 3296 alio
1748 3248 1800 3294 in
1829 3247 2001 3295 codice
2032 3257 2227 3312 reperta
2254 3257 2345 3294 est.

339 3325 602 3375 aneton-itu
625 3325 792 3374 multis
813 3327 1115 3390 preferenda
1137 3326 1364 3386 videtum
1530 3343 1581 3388 7.
1606 3327 1701 3376 cas·
1724 3325 1815 3374 ista
1828 3325 1977 3374 edicio
1992 3341 2091 3374 non
2108 3341 2379 3381 summam,
2393 3337 2483 3374 ete.

336 3403 488 3454 habet
533 3399 832 3468 Ufentinam.
869 3405 965 3453 Sed
1016 3405 1277 3454 Veieneina
1319 3415 1369 3454 et
1454 3409 1531 3458 Ex
1558 3407 1665 3471 lege
1692 3406 1905 3470 Licinias

343 3481 576 3547 Ufentina
605 3493 742 3531 erant
777 3483 890 3532 duae
917 3484 1105 3544 tribus3
1146 3495 1254 3533 ntra
1280 3501 1370 3534 ve·
1533 3486 1581 3534 8.
1616 3483 1793 3534 Inscio.
1834 3482 2027 3532 Inscius
2073 3483 2135 3532 ab
2181 3483 2357 3548 ignaro
2394 3501 2489 3532 uon

339 3563 444 3611 rior
459 3561 542 3609 hic
558 3597 574 3621 ,
601 3560 796 3610 decerni
821 3575 959 3612 certo
984 3578 1086 3611 non
1112 3573 1296 3628 potest.
1464 3562 1657 3623 differt3
1680 3563 1794 3612 ideo
1815 3564 1901 3612 alii
1918 3563 2197 3624 conjiciunt
2212 3562 2265 3611 in
2284 3577 2485 3622 secreto,

421 3649 470 3698 4.
498 3640 720 3692 notiam.
739 3641 867 3700 Alii,
900 3642 1149 3694 Heu-eiam.
1468 3643 1532 3692 al.
1561 3641 1740 3701 invito,
1772 3643 1840 3692 al.
1875 3641 1927 3691 in
1958 3642 2095 3696 sinn.
2125 3641 2211 3690 cni
2234 3643 2487 3708 respondet

422 3723 473 3772 5.
519 3723 640 3785 Quae
674 3719 967 3786 rejiceretur.
1000 3719 1270 3771 Confirmat
1295 3721 1378 3769 hio
1468 3741 1493 3763 ιι
1507 3718 1729 3769 effundas
1754 3729 1955 3786 repente
1976 3739 2019 3770 n.
2059 3721 2141 3768 Sic
2166 3721 2316 3768 Vei-r.
2344 3723 2399 3780 1,
2432 3737 2487 3768 xo

345 3801 488 3852 locus
513 3811 733 3849 uenatum
750 3833 766 3860 ,
800 3800 1070 3849 secundum
1104 3801 1259 3865 legem
1300 3802 1376 3850 Li·
1468 3798 1649 3847 dicitur
1674 3821 1700 3841 ιι
1716 3799 2087 3848 calumniatores
2114 3815 2142 3848 ο
2170 3799 2287 3848 sinu
2304 3815 2487 3864 monp-

345 3880 551 3942 einim,
575 3889 787 3945 quatuor
815 3879 896 3928 edi
937 3880 1094 3929 tribus
1130 3879 1193 3930 ab
1229 3895 1374 3929 accu-
1461 3893 1711 3943 ponent.

344 3971 504 4010 autore
521 3960 732 4008 voluisse
747 3993 762 4020 ,
788 3975 851 4009 ex
873 3959 1054 4024 quibua
1078 3975 1226 4012 unam
1251 3960 1375 4010 lice·
1534 3973 1585 4022 9.
1638 3958 1732 4006 Vel
1776 3955 1983 4022 iniquos.
2036 3955 2153 4022 Alii,
2182 3955 2369 4007 habent
2410 3953 2487 4004 vel

345 4049 420 4091 ret
445 4055 532 4089 reo
559 4039 847 4106 repudiare,
865 4050 962 4090 etc.
1464 4034 1703 4087 inimicos.
