2594 4537
2580 0 2583 153 ¹

323 225 468 309 408
949 228 1050 297 Μ.
1101 229 1178 297 Τ.
1231 228 1811 299 CICERONIS

325 346 494 419 dere
543 346 781 419 malui.
835 350 1159 445 Speravi,
1208 348 1285 420 id
1335 348 1534 446 quod
1584 347 1877 437 accidit,
1930 372 2046 420 me
2086 350 2471 445 jacentem

325 481 535 553 posse
577 482 618 527 a
655 460 828 527 vivis
857 459 1022 528 viris
1059 456 1369 529 fortibus
1404 458 1730 543 excitari,
1768 460 1827 527 si
1858 482 2007 529 una
2032 483 2205 529 cum
2230 458 2467 533 bonis

323 568 776 653 interiissem,
815 567 1016 639 nullo
1051 568 1272 640 modo
1306 591 1516 667 posse
1556 568 1882 638 recreari.
1928 570 2225 665 Accepi,
2266 593 2467 667 pon-

323 676 589 765 tifices,
631 701 971 775 magnum
1031 693 1246 776 atque
1297 676 1793 751 incredibilem
1846 676 2181 749 dolorem
2223 705 2240 750 ε
2292 704 2457 751 non

325 811 551 882 neg03
593 812 832 885 neque
885 791 1092 859 istam
1139 788 1319 859 mihi
1365 787 1679 859 adscisco
1718 791 2143 884 sapientiam
2164 842 2185 877 ,
2226 814 2455 885 quam

324 897 660 968 nonnulli
715 902 792 968 in
847 924 962 969 me
1020 896 1525 995 requirebant,
1575 899 1701 994 qui
1754 920 1870 997 me
1934 902 2177 969 animo
2237 901 2455 969 nimis

323 1002 552 1077 fracto
593 1028 746 1079 esse
787 1022 1005 1105 atque
1039 1006 1307 1079 afflicto
1350 1006 1863 1105 loquebantur.
1906 1012 2016 1078 An
2060 1033 2196 1106 ego
2238 1022 2453 1106 pote-

322 1140 476 1186 ram
497 1171 516 1203 ,
559 1141 788 1213 quum
834 1144 874 1189 a
918 1133 1028 1190 tot
1071 1144 1313 1190 rerum
1362 1132 1555 1189 tanta
1592 1120 1986 1189 varietate4
2037 1117 2455 1205 divellerer,

325 1250 503 1323 quas
549 1226 815 1299 idcirco
864 1244 1208 1328 praetereo
1231 1284 1251 1317 ‚
1302 1228 1505 1325 quod
1561 1252 1655 1297 ne
1704 1252 1902 1297 nunc
1951 1226 2249 1324 quidem
2290 1232 2455 1298 sine

323 1332 498 1406 fletu
540 1361 1102 1409 commemorare
1149 1361 1447 1436 possum
1468 1393 1487 1427 ,
1527 1334 1817 1408 infitiari
1862 1360 1979 1407 me
2024 1362 2178 1409 esse
2214 1338 2455 1409 homi-

326 1470 492 1517 nem
515 1501 534 1532 ,
568 1461 642 1517 et
670 1472 1130 1519 communem
1169 1464 1439 1519 naturae
1474 1472 1765 1520 sensum
1792 1447 2223 1546 repudiare?
2264 1454 2445 1519 Tum

323 1579 495 1627 vero
533 1580 776 1652 neque
815 1556 994 1628 illud
1038 1582 1280 1629 meum
1320 1557 1587 1629 sactum
1624 1555 2022 1647 laudabile,
2058 1583 2192 1629 nec
2232 1556 2451 1630 bene·

323 1662 568 1736 ficium
615 1665 847 1737 ullum
894 1692 932 1736 a
974 1691 1091 1739 me
1127 1670 1206 1737 in
1241 1666 1766 1766 rempublicam
1809 1666 2217 1766 profectum
2262 1667 2445 1740 dice-

325 1798 480 1845 rem
501 1830 520 1862 ,
555 1777 613 1847 si
642 1778 937 1873 quidem
971 1802 1051 1849 ea
1082 1776 1497 1876 reipublicae
1528 1802 1739 1849 causa
1764 1777 2250 1874 reliquissem,
2282 1783 2447 1875 qui-

325 1883 463 1956 bus
501 1911 710 1983 aequo
747 1890 991 1963 animo
1026 1912 1386 1974 carerem3
1422 1912 1727 1985 eamque
1770 1890 1987 1958 animi
2012 1884 2043 1930 ⁵
2080 1888 2443 1975 duritiam,

323 1995 506 2066 sicut
543 1998 897 2094 corporiS,
943 1996 1142 2093 quod
1165 2052 1182 2086 ,
1235 2019 1463 2093 quum
1502 2000 1761 2085 uritur,
1805 2023 1957 2068 non
1994 2000 2253 2089 sentit,
2294 2015 2445 2072 stu·

323 2128 580 2203 porem
614 2109 894 2204 potiuS,
937 2131 1155 2203 quam
1189 2110 1530 2176 virtutem
1560 2120 1912 2201 putarem.

417 2222 769 2289 XXXVII.
806 2220 1179 2317 Suscipere
1217 2228 1453 2288 tantos
1486 2217 1707 2287 animi
1741 2215 2064 2305 doloreS,
2095 2232 2317 2316 atque
2344 2244 2443 2302 ea,

321 2353 516 2425 quae,
551 2342 758 2424 capta
797 2327 1018 2416 urbe,
1051 2326 1389 2398 accidunt
1426 2327 1669 2410 victis,
1705 2342 1938 2398 stante
1968 2327 2185 2416 urbe,
2216 2353 2439 2411 unum

321 2440 638 2538 perpeti,
677 2452 750 2507 et
775 2440 918 2531 jam
949 2463 1026 2509 se
1050 2437 1294 2510 videre
1324 2437 1619 2508 distrahi
1644 2461 1687 2508 a
1712 2438 2097 2536 complexu
2122 2461 2442 2522 suorum,

324 2545 710 2618 disturbari
737 2561 956 2638 tecta,
986 2546 1198 2646 diripi
1233 2546 1561 2619 fortunas
1578 2601 1597 2635 ,
1624 2549 1869 2646 patriae
1896 2547 2215 2645 denique
2240 2573 2443 2622 causa

323 2660 626 2756 patriam
672 2659 898 2754 ipsam
951 2660 1276 2730 amittere
1301 2713 1320 2744 ,
1371 2657 1660 2756 spoliari
1708 2657 1962 2756 populi
2004 2661 2289 2730 romani
2330 2659 2445 2731 be·

321 2765 594 2839 neficiis
645 2767 1129 2866 amplissimiS,
1191 2769 1621 2864 praecipitari
1678 2792 1765 2838 ex
1823 2767 2171 2840 altissimo
2220 2767 2442 2867 digni-

319 2881 483 2949 tatis
535 2877 762 2976 gradu
792 2934 811 2965 ,
869 2877 1112 2950 videre
1169 2893 1627 2974 praetextatos
1664 2880 1992 2950 inimicos
2017 2890 2067 2967 ¹,
2116 2879 2441 2950 nondum

321 3005 552 3062 morte
603 2989 1051 3088 complorata
1071 3044 1091 3079 ,
1143 2986 1437 3061 arbitria
1488 3005 1819 3088 petentes
1877 2989 2243 3080 funeris²;
2296 2991 2444 3063 haec

389 3255 439 3303 4.
464 3247 620 3308 Quum
635 3259 670 3290 a
690 3253 763 3290 coe
771 3255 928 3288 rernm
937 3249 1080 3286 tanta
1087 3238 1332 3288 varietate
1418 3257 1591 3305 magna
1606 3241 1827 3290 mercede
1850 3241 2119 3306 contingit,
2136 3242 2443 3291 immanitatis

315 3323 582 3372 divellerer.
603 3321 715 3368 Hoc
739 3327 836 3374 est,
862 3333 891 3364 a
909 3327 983 3363 tot
1002 3315 1143 3364 rebus
1163 3318 1325 3366 variis.
1416 3319 1470 3367 in
1496 3321 1676 3378 anime,
1704 3319 1919 3386 stuporis
1942 3321 1999 3367 in
2024 3335 2232 3385 corpore
2246 3342 2290 3368 n.

315 3405 500 3451 Rarum
521 3396 784 3446 multitudo
807 3406 855 3442 et
883 3396 1084 3444 varietas
1111 3396 1162 3444 in
1201 3396 1327 3445 infra
1484 3401 1753 3447 xxxva.
1784 3415 1829 3448 ι.
1854 3401 2184 3447 Proeeextaeos
2201 3397 2437 3463 ξιιὺηἰεος.

309 3480 468 3546 posita
494 3477 852 3527 enumeratione
877 3476 1184 3540 perspicitur.
1414 3477 1563 3539 Quod
1586 3479 1949 3542 magistratuum
1978 3489 2052 3527 eet
2076 3479 2288 3542 insigne.
2518 3471 2527 3482 ”

384 3565 434 3612 5.
475 3557 644 3608 Animi
683 3555 931 3603 duritiam.
969 3555 1215 3605 Sententia
1253 3565 1326 3604 eet
1488 3575 1537 3607 2.
1588 3558 1806 3607 Arbitria
1834 3557 2037 3622 funeris
2080 3557 2315 3606 consules
2360 3558 2437 3605 hic

309 3639 556 3691 Crantoris
583 3653 645 3684 ex
678 3636 852 3700 Diapp.
887 3635 1083 3684 Tuscul-
1115 3637 1222 3698 111,
1248 3637 1281 3684 6
1311 3649 1324 3682 :
1412 3639 1613 3702 petisse,
1639 3638 1691 3684 iu
1719 3638 1884 3686 Pison.
1918 3651 1982 3699 9,
2018 3637 2289 3701 accepisse.
2324 3637 2439 3686 clo-

308 3742 331 3764 «
363 3719 567 3768 Minime
605 3715 840 3764 assentior
865 3714 940 3774 iis,
965 3717 1047 3778 qni
1073 3715 1212 3762 istam
1234 3731 1323 3762 ne·
1412 3719 1549 3766 dium
1574 3729 1736 3766 antem
1763 3716 1963 3764 solvisse
1994 3733 2049 3781 p.
2090 3733 2131 3764 r.
2158 3716 2211 3764 in
2238 3719 2353 3765 Sen.
2382 3733 2435 3777 7,

303 3803 406 3848 ecio
453 3813 598 3862 quam
659 3792 975 3842 indolentiam
1027 3809 1320 3858 magnopere
1408 3797 1529 3845 dicit
1554 3806 1733 3844 orator.
1772 3797 1883 3843 Hoc
1907 3795 2049 3843 multi
2074 3795 2319 3858 explicare
2344 3809 2425 3842 eo·

301 3879 502 3928 laudant
517 3894 530 3935 3
548 3891 656 3940 quae
682 3891 772 3924 nec
792 3886 952 3939 potest
975 3873 1072 3922 ulla
1092 3891 1210 3933 ense,
1229 3890 1321 3922 nec
1406 3875 1510 3924 nati
1528 3887 1656 3932 sunt,
1682 3874 1887 3924 Mattius
1909 3873 2061 3938 Opin.
2089 3873 2165 3922 111
2180 3908 2197 3933 ‚
2218 3875 2276 3930 ὃς
2302 3875 2425 3920 Tur·

305 3959 466 4007 tlebet.
507 3955 643 4004 Istud
686 3954 808 4003 nihil
853 3954 1019 4002 dolere
1067 3969 1167 4001 nou
1216 3954 1319 4000 sine
1409 3953 1581 4015 nebus,
1606 3953 1814 4003 Adven.
1838 3953 2087 4016 xxvm,
2118 3965 2187 4012 ας
2216 3952 2432 4012 anncius
