<?xml version="1.0" encoding="UTF-8"?>
<!DOCTYPE html PUBLIC "-//W3C//DTD XHTML 1.0 Transitional//EN"
    "http://www.w3.org/TR/xhtml1/DTD/xhtml1-transitional.dtd">
<html xmlns="http://www.w3.org/1999/xhtml" xml:lang="en" lang="en">
 <head>
  <title>
</title>
<meta http-equiv="Content-Type" content="text/html;charset=utf-8" />
  <meta name='ocr-system' content='tesseract 3.04.00' />
  <meta name='ocr-capabilities' content='ocr_page ocr_carea ocr_par ocr_line ocrx_word'/>
</head>
<body>
  <div class='ocr_page' id='page_1' title='image "./mtciceronisquae05lemagoog_0011.png"; bbox 0 0 2594 4537; ppageno 0'>
   <div class='ocr_carea' id='block_1_1' title="bbox 722 157 740 248">
    <p class='ocr_par' dir='ltr' id='par_1_1' title="bbox 722 157 740 248">
     <span class='ocr_line' id='line_1_1' title="bbox 722 157 740 248; baseline 0 0"><span class='ocrx_word' id='word_1_1' title='bbox 722 157 740 248; x_wconf 68' lang='grc' dir='ltr'><strong>ι’</strong></span> 
     </span>
    </p>
   </div>
   <div class='ocr_carea' id='block_1_2' title="bbox 953 307 2249 330">
    <p class='ocr_par' dir='ltr' id='par_1_2' title="bbox 953 307 2249 330">
     <span class='ocr_line' id='line_1_2' title="bbox 953 307 2249 330; baseline -0.002 -2"><span class='ocrx_word' id='word_1_2' title='bbox 953 309 1045 328; x_wconf 60' lang='lat' dir='ltr'><strong>m</strong></span> <span class='ocrx_word' id='word_1_3' title='bbox 1049 307 1957 330; x_wconf 54' lang='lat' dir='ltr'><strong>mmm-mmmm</strong></span> <span class='ocrx_word' id='word_1_4' title='bbox 1970 307 2155 330; x_wconf 57' lang='lat' dir='ltr'><strong>mm</strong></span> <span class='ocrx_word' id='word_1_5' title='bbox 2158 307 2249 326; x_wconf 64' lang='grc' dir='ltr'><em>Μ</em></span> 
     </span>
    </p>
   </div>
   <div class='ocr_carea' id='block_1_3' title="bbox 247 391 2101 574">
    <p class='ocr_par' dir='ltr' id='par_1_3' title="bbox 247 391 2101 574">
     <span class='ocr_line' id='line_1_3' title="bbox 247 391 2101 574; baseline -0.001 -24"><span class='ocrx_word' id='word_1_6' title='bbox 247 459 926 551; x_wconf 81' lang='lat' dir='ltr'><strong>PRAEFATIO</strong></span> <span class='ocrx_word' id='word_1_7' title='bbox 991 391 1341 574; x_wconf 71' lang='lat' dir='ltr'><strong>Now</strong></span> <span class='ocrx_word' id='word_1_8' title='bbox 1406 455 2101 560; x_wconf 82' lang='lat' dir='ltr'><strong>EDITORIS,</strong></span> 
     </span>
    </p>
   </div>
   <div class='ocr_carea' id='block_1_4' title="bbox 775 647 1569 690">
    <p class='ocr_par' dir='ltr' id='par_1_4' title="bbox 775 647 1569 690">
     <span class='ocr_line' id='line_1_4' title="bbox 775 647 1569 690; baseline -0.004 -9"><span class='ocrx_word' id='word_1_9' title='bbox 775 647 1569 690; x_wconf 44' lang='grc' dir='ltr'><strong>Μοᾷ--η</strong></span> 
     </span>
    </p>
   </div>
   <div class='ocr_carea' id='block_1_5' title="bbox 42 729 2256 4113">
    <p class='ocr_par' dir='ltr' id='par_1_5' title="bbox 42 729 2256 4113">
     <span class='ocr_line' id='line_1_5' title="bbox 115 729 2252 884; baseline -0.002 -26"><span class='ocrx_word' id='word_1_10' title='bbox 115 729 418 884; x_wconf 66' lang='lat' dir='ltr'><strong>Quint</strong></span> <span class='ocrx_word' id='word_1_11' title='bbox 495 795 748 856; x_wconf 84' lang='lat' dir='ltr'><strong>nostra</strong></span> <span class='ocrx_word' id='word_1_12' title='bbox 803 781 958 855; x_wconf 78' lang='lat' dir='ltr'><strong>haec</strong></span> <span class='ocrx_word' id='word_1_13' title='bbox 1005 779 1495 855; x_wconf 88' lang='lat' dir='ltr'><strong>Tullianarum</strong></span> <span class='ocrx_word' id='word_1_14' title='bbox 1552 779 1970 854; x_wconf 87' lang='lat' dir='ltr'><strong>orationum</strong></span> <span class='ocrx_word' id='word_1_15' title='bbox 2026 779 2252 854; x_wconf 89' lang='lat' dir='ltr'><strong>editio</strong></span> 
     </span>
     <span class='ocr_line' id='line_1_6' title="bbox 111 877 2251 978; baseline -0.002 -24"><span class='ocrx_word' id='word_1_16' title='bbox 111 883 260 976; x_wconf 87' lang='lat' dir='ltr'><strong>plus</strong></span> <span class='ocrx_word' id='word_1_17' title='bbox 306 905 536 978; x_wconf 80' lang='lat' dir='ltr'><strong>quam</strong></span> <span class='ocrx_word' id='word_1_18' title='bbox 605 879 936 954; x_wconf 87' lang='lat' dir='ltr'><strong>medium</strong></span> <span class='ocrx_word' id='word_1_19' title='bbox 1008 903 1307 953; x_wconf 82' lang='lat' dir='ltr'><strong>cursum</strong></span> <span class='ocrx_word' id='word_1_20' title='bbox 1380 877 1850 976; x_wconf 84' lang='lat' dir='ltr'><strong>transegerit,</strong></span> <span class='ocrx_word' id='word_1_21' title='bbox 1910 893 1985 953; x_wconf 90' lang='lat' dir='ltr'><strong>et</strong></span> <span class='ocrx_word' id='word_1_22' title='bbox 2045 877 2251 954; x_wconf 88' lang='lat' dir='ltr'><strong>brevi</strong></span> 
     </span>
     <span class='ocr_line' id='line_1_7' title="bbox 109 975 2253 1079; baseline 0.002 -31"><span class='ocrx_word' id='word_1_23' title='bbox 109 979 175 1056; x_wconf 79' lang='lat' dir='ltr'><strong>in</strong></span> <span class='ocrx_word' id='word_1_24' title='bbox 215 984 375 1079; x_wconf 87' lang='lat' dir='ltr'><strong>ipso</strong></span> <span class='ocrx_word' id='word_1_25' title='bbox 427 977 580 1053; x_wconf 89' lang='lat' dir='ltr'><strong>fine</strong></span> <span class='ocrx_word' id='word_1_26' title='bbox 629 980 724 1050; x_wconf 91' lang='lat' dir='ltr'><strong>sit</strong></span> <span class='ocrx_word' id='word_1_27' title='bbox 772 978 1232 1076; x_wconf 73' lang='lat' dir='ltr'>acquietum,</span> <span class='ocrx_word' id='word_1_28' title='bbox 1269 998 1511 1074; x_wconf 84' lang='lat' dir='ltr'><strong>operae</strong></span> <span class='ocrx_word' id='word_1_29' title='bbox 1560 976 1881 1076; x_wconf 79' lang='lat' dir='ltr'><strong>pretium</strong></span> <span class='ocrx_word' id='word_1_30' title='bbox 1930 975 2253 1052; x_wconf 86' lang='lat' dir='ltr'><strong>facturos</strong></span> 
     </span>
     <span class='ocr_line' id='line_1_8' title="bbox 110 1071 2251 1175; baseline 0.002 -31"><span class='ocrx_word' id='word_1_31' title='bbox 110 1075 502 1175; x_wconf 84' lang='lat' dir='ltr'><strong>legentibus</strong></span> <span class='ocrx_word' id='word_1_32' title='bbox 525 1093 665 1150; x_wconf 78' lang='lat' dir='ltr'><strong>nos</strong></span> <span class='ocrx_word' id='word_1_33' title='bbox 691 1075 1154 1164; x_wconf 84' lang='lat' dir='ltr'><strong>arbitramur,</strong></span> <span class='ocrx_word' id='word_1_34' title='bbox 1183 1078 1244 1148; x_wconf 89' lang='lat' dir='ltr'><strong>si</strong></span> <span class='ocrx_word' id='word_1_35' title='bbox 1275 1071 1671 1174; x_wconf 82' lang='lat' dir='ltr'>paullisper</span> <span class='ocrx_word' id='word_1_36' title='bbox 1701 1071 1846 1162; x_wconf 85' lang='lat' dir='ltr'><strong>hic,</strong></span> <span class='ocrx_word' id='word_1_37' title='bbox 1870 1099 2251 1152; x_wconf 87' lang='lat' dir='ltr'><strong>emensum</strong></span> 
     </span>
     <span class='ocr_line' id='line_1_9' title="bbox 111 1169 2253 1271; baseline 0.002 -27"><span class='ocrx_word' id='word_1_38' title='bbox 111 1174 538 1250; x_wconf 86' lang='lat' dir='ltr'><strong>curriculum</strong></span> <span class='ocrx_word' id='word_1_39' title='bbox 575 1173 980 1271; x_wconf 84' lang='lat' dir='ltr'><strong>relegamus</strong></span> <span class='ocrx_word' id='word_1_40' title='bbox 1005 1228 1025 1264; x_wconf 89' lang='lat'><strong>,</strong></span> <span class='ocrx_word' id='word_1_41' title='bbox 1075 1186 1151 1246; x_wconf 86' lang='lat' dir='ltr'><strong>et</strong></span> <span class='ocrx_word' id='word_1_42' title='bbox 1199 1175 1277 1244; x_wconf 89' lang='lat' dir='ltr'><strong>in</strong></span> <span class='ocrx_word' id='word_1_43' title='bbox 1317 1170 1575 1270; x_wconf 87' lang='lat' dir='ltr'><strong>primis</strong></span> <span class='ocrx_word' id='word_1_44' title='bbox 1620 1169 1804 1270; x_wconf 91' lang='lat' dir='ltr'><strong>quid</strong></span> <span class='ocrx_word' id='word_1_45' title='bbox 1846 1169 1991 1246; x_wconf 83' lang='lat' dir='ltr'><strong>hoc</strong></span> <span class='ocrx_word' id='word_1_46' title='bbox 2048 1187 2253 1248; x_wconf 90' lang='lat' dir='ltr'><strong>tomo</strong></span> 
     </span>
     <span class='ocr_line' id='line_1_10' title="bbox 153 1269 2253 1372; baseline -0.001 -26"><span class='ocrx_word' id='word_1_47' title='bbox 153 1287 354 1346; x_wconf 86' lang='lat' dir='ltr'><strong>uarto</strong></span> <span class='ocrx_word' id='word_1_48' title='bbox 405 1277 507 1348; x_wconf 90' lang='lat' dir='ltr'><strong>sit</strong></span> <span class='ocrx_word' id='word_1_49' title='bbox 554 1269 966 1372; x_wconf 85' lang='lat' dir='ltr'><strong>profectum</strong></span> <span class='ocrx_word' id='word_1_50' title='bbox 1011 1272 1511 1370; x_wconf 83' lang='lat' dir='ltr'><strong>respiciamus.</strong></span> <span class='ocrx_word' id='word_1_51' title='bbox 1552 1273 2022 1368; x_wconf 80' lang='lat' dir='ltr'><strong>Quamquam</strong></span> <span class='ocrx_word' id='word_1_52' title='bbox 2060 1273 2253 1344; x_wconf 90' lang='lat' dir='ltr'><strong>enim</strong></span> 
     </span>
     <span class='ocr_line' id='line_1_11' title="bbox 107 1295 2256 1468; baseline 0.001 -28"><span class='ocrx_word' id='word_1_53' title='bbox 107 1295 278 1442; x_wconf 51' lang='lat' dir='ltr'><strong>{lici</strong></span> <span class='ocrx_word' id='word_1_54' title='bbox 311 1369 466 1447; x_wconf 89' lang='lat' dir='ltr'><strong>fato</strong></span> <span class='ocrx_word' id='word_1_55' title='bbox 529 1368 744 1446; x_wconf 86' lang='lat' dir='ltr'><strong>nobis</strong></span> <span class='ocrx_word' id='word_1_56' title='bbox 797 1370 1106 1466; x_wconf 88' lang='lat' dir='ltr'><strong>contigit</strong></span> <span class='ocrx_word' id='word_1_57' title='bbox 1135 1423 1156 1458; x_wconf 91' lang='lat'><strong>,</strong></span> <span class='ocrx_word' id='word_1_58' title='bbox 1193 1381 1318 1458; x_wconf 82' lang='lat' dir='ltr'><strong>ut,</strong></span> <span class='ocrx_word' id='word_1_59' title='bbox 1360 1364 1723 1468; x_wconf 87' lang='lat' dir='ltr'><strong>quidquid</strong></span> <span class='ocrx_word' id='word_1_60' title='bbox 1788 1367 2256 1446; x_wconf 83' lang='lat' dir='ltr'><strong>studentibus</strong></span> 
     </span>
     <span class='ocr_line' id='line_1_12' title="bbox 106 1463 2248 1571; baseline 0 -33"><span class='ocrx_word' id='word_1_61' title='bbox 106 1467 514 1564; x_wconf 84' lang='lat' dir='ltr'><strong>adjumento</strong></span> <span class='ocrx_word' id='word_1_62' title='bbox 557 1463 786 1555; x_wconf 57' lang='lat' dir='ltr'><strong>esset,</strong></span> <span class='ocrx_word' id='word_1_63' title='bbox 837 1471 917 1542; x_wconf 89' lang='lat' dir='ltr'><strong>in</strong></span> <span class='ocrx_word' id='word_1_64' title='bbox 969 1489 1207 1539; x_wconf 89' lang='lat' dir='ltr'><strong>unum</strong></span> <span class='ocrx_word' id='word_1_65' title='bbox 1253 1480 1687 1562; x_wconf 85' lang='lat' dir='ltr'><strong>congestum</strong></span> <span class='ocrx_word' id='word_1_66' title='bbox 1732 1467 1839 1562; x_wconf 82' lang='lat' dir='ltr'><strong>eis</strong></span> <span class='ocrx_word' id='word_1_67' title='bbox 1893 1467 2248 1571; x_wconf 89' lang='lat' dir='ltr'><strong>suppedi-</strong></span> 
     </span>
     <span class='ocr_line' id='line_1_13' title="bbox 107 1563 2251 1666; baseline 0.001 -28"><span class='ocrx_word' id='word_1_68' title='bbox 107 1578 276 1655; x_wconf 81' lang='lat' dir='ltr'><strong>tare,</strong></span> <span class='ocrx_word' id='word_1_69' title='bbox 307 1581 380 1640; x_wconf 90' lang='lat' dir='ltr'><strong>et</strong></span> <span class='ocrx_word' id='word_1_70' title='bbox 412 1580 661 1640; x_wconf 88' lang='lat' dir='ltr'><strong>erutas</strong></span> <span class='ocrx_word' id='word_1_71' title='bbox 681 1591 721 1638; x_wconf 89' lang='lat' dir='ltr'><strong>e</strong></span> <span class='ocrx_word' id='word_1_72' title='bbox 745 1565 1199 1641; x_wconf 86' lang='lat' dir='ltr'><strong>Germanicis</strong></span> <span class='ocrx_word' id='word_1_73' title='bbox 1219 1563 1625 1661; x_wconf 82' lang='lat' dir='ltr'><strong>Anglicisve</strong></span> <span class='ocrx_word' id='word_1_74' title='bbox 1657 1563 1891 1664; x_wconf 87' lang='lat' dir='ltr'>capsis</span> <span class='ocrx_word' id='word_1_75' title='bbox 1930 1589 2108 1666; x_wconf 88' lang='lat' dir='ltr'><strong>opes</strong></span> <span class='ocrx_word' id='word_1_76' title='bbox 2140 1565 2251 1641; x_wconf 91' lang='lat' dir='ltr'><strong>of-</strong></span> 
     </span>
     <span class='ocr_line' id='line_1_14' title="bbox 42 1658 2252 1760; baseline 0 -21"><span class='ocrx_word' id='word_1_77' title='bbox 42 1703 44 1712; x_wconf 96' lang='lat'><em>·</em></span> <span class='ocrx_word' id='word_1_78' title='bbox 107 1658 278 1739; x_wconf 82' lang='lat' dir='ltr'><strong>ferre</strong></span> <span class='ocrx_word' id='word_1_79' title='bbox 313 1665 648 1753; x_wconf 83' lang='lat' dir='ltr'><strong>licuerit3</strong></span> <span class='ocrx_word' id='word_1_80' title='bbox 695 1666 943 1738; x_wconf 85' lang='lat' dir='ltr'><strong>nescio</strong></span> <span class='ocrx_word' id='word_1_81' title='bbox 980 1677 1228 1736; x_wconf 84' lang='lat' dir='ltr'><strong>tamen</strong></span> <span class='ocrx_word' id='word_1_82' title='bbox 1267 1686 1361 1734; x_wconf 89' lang='lat' dir='ltr'><strong>an</strong></span> <span class='ocrx_word' id='word_1_83' title='bbox 1408 1660 1619 1760; x_wconf 88' lang='lat' dir='ltr'><strong>plura</strong></span> <span class='ocrx_word' id='word_1_84' title='bbox 1657 1685 2011 1760; x_wconf 89' lang='lat' dir='ltr'><strong>umquam</strong></span> <span class='ocrx_word' id='word_1_85' title='bbox 2050 1667 2252 1740; x_wconf 83' lang='lat' dir='ltr'><strong>auxi·-</strong></span> 
     </span>
     <span class='ocr_line' id='line_1_15' title="bbox 109 1759 2251 1861; baseline 0.002 -31"><span class='ocrx_word' id='word_1_86' title='bbox 109 1759 220 1848; x_wconf 87' lang='lat' dir='ltr'><strong>lia,</strong></span> <span class='ocrx_word' id='word_1_87' title='bbox 275 1763 492 1861; x_wconf 83' lang='lat' dir='ltr'><strong>plura</strong></span> <span class='ocrx_word' id='word_1_88' title='bbox 549 1786 716 1860; x_wconf 76' lang='lat' dir='ltr'><strong>quae</strong></span> <span class='ocrx_word' id='word_1_89' title='bbox 773 1759 1115 1860; x_wconf 82' lang='lat' dir='ltr'><strong>gravibus</strong></span> <span class='ocrx_word' id='word_1_90' title='bbox 1176 1773 1251 1834; x_wconf 82' lang='lat' dir='ltr'><strong>et</strong></span> <span class='ocrx_word' id='word_1_91' title='bbox 1310 1759 1685 1837; x_wconf 88' lang='lat' dir='ltr'><strong>literarum</strong></span> <span class='ocrx_word' id='word_1_92' title='bbox 1748 1763 2251 1846; x_wconf 74' lang='lat' dir='ltr'><strong>amantissimis</strong></span> 
     </span>
     <span class='ocr_line' id='line_1_16' title="bbox 107 1855 2251 1960; baseline 0.002 -26"><span class='ocrx_word' id='word_1_93' title='bbox 107 1859 258 1934; x_wconf 80' lang='lat' dir='ltr'><strong>viris</strong></span> <span class='ocrx_word' id='word_1_94' title='bbox 301 1859 530 1960; x_wconf 82' lang='lat' dir='ltr'><strong>digna</strong></span> <span class='ocrx_word' id='word_1_95' title='bbox 583 1873 867 1948; x_wconf 85' lang='lat' dir='ltr'><strong>essent,</strong></span> <span class='ocrx_word' id='word_1_96' title='bbox 913 1882 1198 1930; x_wconf 88' lang='lat' dir='ltr'><strong>eorum·</strong></span> <span class='ocrx_word' id='word_1_97' title='bbox 1229 1855 1464 1934; x_wconf 89' lang='lat' dir='ltr'><strong>oculis</strong></span> <span class='ocrx_word' id='word_1_98' title='bbox 1509 1855 1781 1930; x_wconf 84' lang='lat' dir='ltr'><strong>fuerint</strong></span> <span class='ocrx_word' id='word_1_99' title='bbox 1830 1859 2251 1959; x_wconf 84' lang='lat' dir='ltr'><strong>proposita,</strong></span> 
     </span>
     <span class='ocr_line' id='line_1_17' title="bbox 109 1956 2251 2056; baseline 0 -26"><span class='ocrx_word' id='word_1_100' title='bbox 109 1979 312 2052; x_wconf 87' lang='lat' dir='ltr'><strong>quam</strong></span> <span class='ocrx_word' id='word_1_101' title='bbox 339 1983 506 2056; x_wconf 83' lang='lat' dir='ltr'><strong>quae</strong></span> <span class='ocrx_word' id='word_1_102' title='bbox 537 1956 684 2035; x_wconf 83' lang='lat' dir='ltr'><strong>hoc</strong></span> <span class='ocrx_word' id='word_1_103' title='bbox 718 1958 796 2031; x_wconf 85' lang='lat' dir='ltr'><strong>in</strong></span> <span class='ocrx_word' id='word_1_104' title='bbox 825 1956 1200 2028; x_wconf 86' lang='lat' dir='ltr'><strong>volumine</strong></span> <span class='ocrx_word' id='word_1_105' title='bbox 1217 1956 1726 2033; x_wconf 73' lang='lat' dir='ltr'><strong>continentur.</strong></span> <span class='ocrx_word' id='word_1_106' title='bbox 1756 1959 2027 2032; x_wconf 82' lang='lat' dir='ltr'><strong>Praeter</strong></span> <span class='ocrx_word' id='word_1_107' title='bbox 2080 1983 2251 2033; x_wconf 88' lang='lat' dir='ltr'><strong>uam</strong></span> 
     </span>
     <span class='ocr_line' id='line_1_18' title="bbox 110 2051 2252 2153; baseline 0.004 -31"><span class='ocrx_word' id='word_1_108' title='bbox 110 2058 283 2128; x_wconf 85' lang='lat' dir='ltr'><strong>enim</strong></span> <span class='ocrx_word' id='word_1_109' title='bbox 336 2053 552 2153; x_wconf 88' lang='lat' dir='ltr'><strong>quod</strong></span> <span class='ocrx_word' id='word_1_110' title='bbox 605 2055 1020 2142; x_wconf 82' lang='lat' dir='ltr'><strong>Garatonii,</strong></span> <span class='ocrx_word' id='word_1_111' title='bbox 1073 2051 1397 2126; x_wconf 81' lang='lat' dir='ltr'><strong>Sohiitzii</strong></span> <span class='ocrx_word' id='word_1_112' title='bbox 1418 2108 1439 2148; x_wconf 86' lang='lat'><strong>,</strong></span> <span class='ocrx_word' id='word_1_113' title='bbox 1478 2051 1717 2132; x_wconf 84' lang='lat' dir='ltr'><strong>Beckii</strong></span> <span class='ocrx_word' id='word_1_114' title='bbox 1770 2051 2043 2128; x_wconf 89' lang='lat' dir='ltr'><strong>edition</strong></span> <span class='ocrx_word' id='word_1_115' title='bbox 2126 2083 2211 2130; x_wconf 88' lang='lat' dir='ltr'><strong>us</strong></span> <span class='ocrx_word' id='word_1_116' title='bbox 2230 2109 2252 2146; x_wconf 88' lang='lat'>‚</span> 
     </span>
     <span class='ocr_line' id='line_1_19' title="bbox 110 2150 2251 2244; baseline 0.004 -24"><span class='ocrx_word' id='word_1_117' title='bbox 110 2165 182 2222; x_wconf 88' lang='lat' dir='ltr'><strong>ut</strong></span> <span class='ocrx_word' id='word_1_118' title='bbox 211 2153 282 2223; x_wconf 89' lang='lat' dir='ltr'><strong>in</strong></span> <span class='ocrx_word' id='word_1_119' title='bbox 309 2153 580 2229; x_wconf 81' lang='lat' dir='ltr'><strong>ceteris</strong></span> <span class='ocrx_word' id='word_1_120' title='bbox 613 2150 1154 2239; x_wconf 80' lang='lat' dir='ltr'><strong>voluminibus,</strong></span> <span class='ocrx_word' id='word_1_121' title='bbox 1191 2151 1303 2238; x_wconf 81' lang='lat' dir='ltr'><strong>uti</strong></span> <span class='ocrx_word' id='word_1_122' title='bbox 1338 2150 1577 2238; x_wconf 89' lang='lat' dir='ltr'><strong>licuit,</strong></span> <span class='ocrx_word' id='word_1_123' title='bbox 1599 2174 1964 2236; x_wconf 77' lang='lat' dir='ltr'><strong>accessere</strong></span> <span class='ocrx_word' id='word_1_124' title='bbox 1996 2155 2213 2228; x_wconf 87' lang='lat' dir='ltr'><strong>etiam</strong></span> <span class='ocrx_word' id='word_1_125' title='bbox 2231 2210 2251 2244; x_wconf 90' lang='lat'><strong>,</strong></span> 
     </span>
     <span class='ocr_line' id='line_1_20' title="bbox 153 2247 2250 2351; baseline 0.003 -30"><span class='ocrx_word' id='word_1_126' title='bbox 153 2248 288 2323; x_wconf 88' lang='lat' dir='ltr'><strong>uod</strong></span> <span class='ocrx_word' id='word_1_127' title='bbox 320 2250 414 2326; x_wconf 89' lang='lat' dir='ltr'><strong>ad</strong></span> <span class='ocrx_word' id='word_1_128' title='bbox 443 2251 903 2335; x_wconf 85' lang='lat' dir='ltr'><strong>Plancianam</strong></span> <span class='ocrx_word' id='word_1_129' title='bbox 939 2253 1236 2336; x_wconf 80' lang='lat' dir='ltr'><strong>attinet,</strong></span> <span class='ocrx_word' id='word_1_130' title='bbox 1271 2247 1608 2323; x_wconf 71' lang='lat' dir='ltr'><strong>secundas</strong></span> <span class='ocrx_word' id='word_1_131' title='bbox 1645 2252 2019 2326; x_wconf 87' lang='lat' dir='ltr'><strong>Garatonii</strong></span> <span class='ocrx_word' id='word_1_132' title='bbox 2056 2252 2250 2351; x_wconf 85' lang='lat' dir='ltr'><strong>ejus-</strong></span> 
     </span>
     <span class='ocr_line' id='line_1_21' title="bbox 108 2272 2249 2447; baseline 0.005 -30"><span class='ocrx_word' id='word_1_133' title='bbox 108 2272 257 2421; x_wconf 64' lang='lat' dir='ltr'><strong>dem</strong></span> <span class='ocrx_word' id='word_1_134' title='bbox 291 2348 702 2425; x_wconf 79' lang='lat' dir='ltr'><strong>doctissimi</strong></span> <span class='ocrx_word' id='word_1_135' title='bbox 725 2352 863 2423; x_wconf 82' lang='lat' dir='ltr'><strong>viri</strong></span> <span class='ocrx_word' id='word_1_136' title='bbox 895 2372 1117 2437; x_wconf 80' lang='lat' dir='ltr'><strong>curae,</strong></span> <span class='ocrx_word' id='word_1_137' title='bbox 1145 2372 1311 2445; x_wconf 85' lang='lat' dir='ltr'><strong>quae</strong></span> <span class='ocrx_word' id='word_1_138' title='bbox 1328 2402 1348 2437; x_wconf 86' lang='lat'><strong>,</strong></span> <span class='ocrx_word' id='word_1_139' title='bbox 1374 2371 1609 2447; x_wconf 79' lang='lat' dir='ltr'><strong>quum</strong></span> <span class='ocrx_word' id='word_1_140' title='bbox 1634 2348 1817 2419; x_wconf 85' lang='lat' dir='ltr'><strong>mira</strong></span> <span class='ocrx_word' id='word_1_141' title='bbox 1840 2364 1995 2423; x_wconf 82' lang='lat' dir='ltr'><strong>arte</strong></span> <span class='ocrx_word' id='word_1_142' title='bbox 2024 2366 2249 2428; x_wconf 84' lang='lat' dir='ltr'><strong>auctae</strong></span> 
     </span>
     <span class='ocr_line' id='line_1_22' title="bbox 105 2446 2247 2544; baseline 0.003 -28"><span class='ocrx_word' id='word_1_143' title='bbox 105 2456 168 2517; x_wconf 82' lang='lat' dir='ltr'><strong>&#39;et</strong></span> <span class='ocrx_word' id='word_1_144' title='bbox 197 2459 514 2521; x_wconf 62' lang='lat' dir='ltr'><strong>wactatae</strong></span> <span class='ocrx_word' id='word_1_145' title='bbox 531 2502 554 2539; x_wconf 94' lang='lat'><strong>,</strong></span> <span class='ocrx_word' id='word_1_146' title='bbox 589 2462 749 2525; x_wconf 85' lang='lat' dir='ltr'><strong>tum</strong></span> <span class='ocrx_word' id='word_1_147' title='bbox 795 2472 888 2523; x_wconf 90' lang='lat' dir='ltr'><strong>eo</strong></span> <span class='ocrx_word' id='word_1_148' title='bbox 939 2447 1341 2544; x_wconf 64' lang='lat' dir='ltr'><strong>praesertim</strong></span> <span class='ocrx_word' id='word_1_149' title='bbox 1390 2446 1689 2519; x_wconf 89' lang='lat' dir='ltr'><strong>nomine</strong></span> <span class='ocrx_word' id='word_1_150' title='bbox 1726 2446 2247 2525; x_wconf 82' lang='lat' dir='ltr'><strong>commendan-</strong></span> 
     </span>
     <span class='ocr_line' id='line_1_23' title="bbox 103 2542 2246 2644; baseline 0.006 -33"><span class='ocrx_word' id='word_1_151' title='bbox 103 2554 233 2631; x_wconf 86' lang='lat' dir='ltr'><strong>tur,</strong></span> <span class='ocrx_word' id='word_1_152' title='bbox 266 2546 478 2644; x_wconf 80' lang='lat' dir='ltr'><strong>,quod</strong></span> <span class='ocrx_word' id='word_1_153' title='bbox 517 2545 1087 2644; x_wconf 80' lang='lat' dir='ltr'><strong>praestan-tissimi</strong></span> <span class='ocrx_word' id='word_1_154' title='bbox 1121 2545 1258 2619; x_wconf 84' lang='lat' dir='ltr'><strong>viri</strong></span> <span class='ocrx_word' id='word_1_155' title='bbox 1297 2548 1518 2643; x_wconf 88' lang='lat' dir='ltr'><strong>Gasp.</strong></span> <span class='ocrx_word' id='word_1_156' title='bbox 1554 2542 1808 2617; x_wconf 87' lang='lat' dir='ltr'><strong>Orellii</strong></span> <span class='ocrx_word' id='word_1_157' title='bbox 1833 2547 2246 2623; x_wconf 83' lang='lat' dir='ltr'><strong>Turicensis</strong></span> 
     </span>
     <span class='ocr_line' id='line_1_24' title="bbox 106 2639 2248 2735; baseline 0.001 -20"><span class='ocrx_word' id='word_1_158' title='bbox 106 2639 522 2735; x_wconf 78' lang='lat' dir='ltr'><strong>professoris</strong></span> <span class='ocrx_word' id='word_1_159' title='bbox 563 2642 1070 2720; x_wconf 85' lang='lat' dir='ltr'><strong>adnotationes</strong></span> <span class='ocrx_word' id='word_1_160' title='bbox 1119 2640 1458 2716; x_wconf 88' lang='lat' dir='ltr'><strong>habeant.</strong></span> <span class='ocrx_word' id='word_1_161' title='bbox 1513 2642 1755 2733; x_wconf 86' lang='lat' dir='ltr'><strong>Quem</strong></span> <span class='ocrx_word' id='word_1_162' title='bbox 1794 2642 2067 2717; x_wconf 88' lang='lat' dir='ltr'><strong>librum</strong></span> <span class='ocrx_word' id='word_1_163' title='bbox 2088 2700 2109 2735; x_wconf 91' lang='lat'><strong><em>‚</em></strong></span> <span class='ocrx_word' id='word_1_164' title='bbox 2164 2662 2248 2722; x_wconf 88' lang='lat' dir='ltr'><strong>ut</strong></span> 
     </span>
     <span class='ocr_line' id='line_1_25' title="bbox 103 2738 2249 2836; baseline 0.001 -24"><span class='ocrx_word' id='word_1_165' title='bbox 103 2740 364 2836; x_wconf 83' lang='lat' dir='ltr'><strong>ingenti</strong></span> <span class='ocrx_word' id='word_1_166' title='bbox 403 2742 752 2819; x_wconf 74' lang='lat' dir='ltr'><strong>doctrinae</strong></span> <span class='ocrx_word' id='word_1_167' title='bbox 796 2744 1143 2815; x_wconf 86' lang='lat' dir='ltr'><strong>varietate</strong></span> <span class='ocrx_word' id='word_1_168' title='bbox 1180 2738 1569 2828; x_wconf 85' lang='lat' dir='ltr'><strong>refertum,</strong></span> <span class='ocrx_word' id='word_1_169' title='bbox 1598 2764 1737 2817; x_wconf 84' lang='lat' dir='ltr'><strong>nec</strong></span> <span class='ocrx_word' id='word_1_170' title='bbox 1768 2744 2076 2820; x_wconf 87' lang='lat' dir='ltr'><strong>omnino</strong></span> <span class='ocrx_word' id='word_1_171' title='bbox 2113 2770 2249 2833; x_wconf 80' lang='lat' dir='ltr'><strong>no-</strong></span> 
     </span>
     <span class='ocr_line' id='line_1_26' title="bbox 101 2840 2247 2943; baseline 0.003 -34"><span class='ocrx_word' id='word_1_172' title='bbox 101 2848 279 2926; x_wconf 89' lang='lat' dir='ltr'><strong>tum,</strong></span> <span class='ocrx_word' id='word_1_173' title='bbox 321 2854 410 2913; x_wconf 89' lang='lat' dir='ltr'><strong>ut</strong></span> <span class='ocrx_word' id='word_1_174' title='bbox 445 2842 578 2938; x_wconf 90' lang='lat' dir='ltr'><strong>qui</strong></span> <span class='ocrx_word' id='word_1_175' title='bbox 623 2842 714 2914; x_wconf 91' lang='lat' dir='ltr'><strong>sit</strong></span> <span class='ocrx_word' id='word_1_176' title='bbox 747 2840 1151 2927; x_wconf 86' lang='lat' dir='ltr'><strong>recentior,</strong></span> <span class='ocrx_word' id='word_1_177' title='bbox 1191 2862 1457 2935; x_wconf 86' lang='lat' dir='ltr'><strong>magna</strong></span> <span class='ocrx_word' id='word_1_178' title='bbox 1501 2862 1591 2908; x_wconf 85' lang='lat' dir='ltr'><strong>ex</strong></span> <span class='ocrx_word' id='word_1_179' title='bbox 1626 2852 1831 2937; x_wconf 89' lang='lat' dir='ltr'><strong>parte</strong></span> <span class='ocrx_word' id='word_1_180' title='bbox 1868 2843 2247 2943; x_wconf 83' lang='lat' dir='ltr'><strong>exscripsi-</strong></span> 
     </span>
     <span class='ocr_line' id='line_1_27' title="bbox 101 2934 2241 3037; baseline 0.004 -32"><span class='ocrx_word' id='word_1_181' title='bbox 101 2956 282 3027; x_wconf 82' lang='lat' dir='ltr'><strong>mus,</strong></span> <span class='ocrx_word' id='word_1_182' title='bbox 309 2952 386 3010; x_wconf 87' lang='lat' dir='ltr'><strong>et</strong></span> <span class='ocrx_word' id='word_1_183' title='bbox 415 2961 637 3035; x_wconf 87' lang='lat' dir='ltr'><strong>quam</strong></span> <span class='ocrx_word' id='word_1_184' title='bbox 673 2937 991 3037; x_wconf 83' lang='lat' dir='ltr'><strong>plurima</strong></span> <span class='ocrx_word' id='word_1_185' title='bbox 1023 2960 1190 3033; x_wconf 82' lang='lat' dir='ltr'><strong>quae</strong></span> <span class='ocrx_word' id='word_1_186' title='bbox 1216 2934 1311 3009; x_wconf 90' lang='lat' dir='ltr'><strong>ad</strong></span> <span class='ocrx_word' id='word_1_187' title='bbox 1344 2959 1757 3010; x_wconf 89' lang='lat' dir='ltr'><strong>sermonem</strong></span> <span class='ocrx_word' id='word_1_188' title='bbox 1776 2990 1797 3027; x_wconf 89' lang='lat'>‚</span> <span class='ocrx_word' id='word_1_189' title='bbox 1826 2936 2203 3013; x_wconf 83' lang='lat' dir='ltr'><strong>historiam</strong></span> <span class='ocrx_word' id='word_1_190' title='bbox 2220 2994 2241 3033; x_wconf 87' lang='lat'><strong>,</strong></span> 
     </span>
     <span class='ocr_line' id='line_1_28' title="bbox 100 3031 2242 3132; baseline 0.004 -29"><span class='ocrx_word' id='word_1_191' title='bbox 100 3034 633 3131; x_wconf 83' lang='lat' dir='ltr'><strong>antiquitatem,</strong></span> <span class='ocrx_word' id='word_1_192' title='bbox 671 3050 802 3109; x_wconf 90' lang='lat' dir='ltr'><strong>aut</strong></span> <span class='ocrx_word' id='word_1_193' title='bbox 854 3032 1194 3119; x_wconf 87' lang='lat' dir='ltr'><strong>codicum</strong></span> <span class='ocrx_word' id='word_1_194' title='bbox 1234 3032 1458 3105; x_wconf 88' lang='lat' dir='ltr'><strong>fidem</strong></span> <span class='ocrx_word' id='word_1_195' title='bbox 1508 3031 2018 3132; x_wconf 84' lang='lat' dir='ltr'><strong>pertinebant,</strong></span> <span class='ocrx_word' id='word_1_196' title='bbox 2068 3036 2242 3112; x_wconf 89' lang='lat' dir='ltr'><strong>inde</strong></span> 
     </span>
     <span class='ocr_line' id='line_1_29' title="bbox 99 3124 2240 3233; baseline 0.004 -32"><span class='ocrx_word' id='word_1_197' title='bbox 99 3124 460 3209; x_wconf 83' lang='lat' dir='ltr'><strong>hausimus</strong></span> <span class='ocrx_word' id='word_1_198' title='bbox 489 3147 566 3206; x_wconf 88' lang='lat' dir='ltr'><strong>et</strong></span> <span class='ocrx_word' id='word_1_199' title='bbox 592 3136 1099 3233; x_wconf 81' lang='lat' dir='ltr'><strong>expressimus.</strong></span> <span class='ocrx_word' id='word_1_200' title='bbox 1127 3133 1303 3224; x_wconf 83' lang='lat' dir='ltr'><strong>Quae</strong></span> <span class='ocrx_word' id='word_1_201' title='bbox 1331 3155 1469 3205; x_wconf 90' lang='lat' dir='ltr'><strong>nos</strong></span> <span class='ocrx_word' id='word_1_202' title='bbox 1491 3155 1580 3203; x_wconf 92' lang='lat' dir='ltr'><strong>eo</strong></span> <span class='ocrx_word' id='word_1_203' title='bbox 1606 3132 1835 3231; x_wconf 79' lang='lat' dir='ltr'><strong>magis</strong></span> <span class='ocrx_word' id='word_1_204' title='bbox 1859 3131 2204 3232; x_wconf 85' lang='lat' dir='ltr'><strong>adjuvere</strong></span> <span class='ocrx_word' id='word_1_205' title='bbox 2220 3193 2240 3225; x_wconf 92' lang='lat'>‚</span> 
     </span>
     <span class='ocr_line' id='line_1_30' title="bbox 99 3228 2243 3331; baseline 0.003 -30"><span class='ocrx_word' id='word_1_206' title='bbox 99 3230 281 3320; x_wconf 88' lang='lat' dir='ltr'><strong>quod</strong></span> <span class='ocrx_word' id='word_1_207' title='bbox 345 3235 427 3307; x_wconf 85' lang='lat' dir='ltr'><strong>in</strong></span> <span class='ocrx_word' id='word_1_208' title='bbox 477 3230 880 3323; x_wconf 75' lang='lat' dir='ltr'><strong>1Planciana</strong></span> <span class='ocrx_word' id='word_1_209' title='bbox 939 3230 1306 3331; x_wconf 89' lang='lat' dir='ltr'><strong>permulta</strong></span> <span class='ocrx_word' id='word_1_210' title='bbox 1356 3228 1602 3313; x_wconf 80' lang='lat' dir='ltr'><strong>adhuc</strong></span> <span class='ocrx_word' id='word_1_211' title='bbox 1654 3228 2243 3331; x_wconf 76' lang='lat' dir='ltr'><strong>depravatissima</strong></span> 
     </span>
     <span class='ocr_line' id='line_1_31' title="bbox 101 3326 2235 3431; baseline 0.005 -36"><span class='ocrx_word' id='word_1_212' title='bbox 101 3326 372 3403; x_wconf 75' lang='lat' dir='ltr'><strong>codices</strong></span> <span class='ocrx_word' id='word_1_213' title='bbox 398 3328 800 3418; x_wconf 81' lang='lat' dir='ltr'><strong>tradidere,</strong></span> <span class='ocrx_word' id='word_1_214' title='bbox 837 3328 1345 3427; x_wconf 82' lang='lat' dir='ltr'><strong>nonnullaque</strong></span> <span class='ocrx_word' id='word_1_215' title='bbox 1391 3330 1609 3399; x_wconf 88' lang='lat' dir='ltr'><strong>etiam</strong></span> <span class='ocrx_word' id='word_1_216' title='bbox 1654 3326 2011 3421; x_wconf 87' lang='lat' dir='ltr'><strong>resident,</strong></span> <span class='ocrx_word' id='word_1_217' title='bbox 2038 3332 2235 3431; x_wconf 82' lang='lat' dir='ltr'><strong>quae,</strong></span> 
     </span>
     <span class='ocr_line' id='line_1_32' title="bbox 101 3425 2237 3620; baseline 0.001 -121"><span class='ocrx_word' id='word_1_218' title='bbox 101 3425 529 3620; x_wconf 52' lang='lat' dir='ltr'><strong>effigicmris</strong></span> <span class='ocrx_word' id='word_1_219' title='bbox 585 3429 837 3510; x_wconf 85' lang='lat' dir='ltr'><strong>innixa</strong></span> <span class='ocrx_word' id='word_1_220' title='bbox 888 3425 1262 3502; x_wconf 85' lang='lat' dir='ltr'><strong>fallacibus</strong></span> <span class='ocrx_word' id='word_1_221' title='bbox 1280 3482 1301 3517; x_wconf 84' lang='lat'><strong><em>‚</em></strong></span> <span class='ocrx_word' id='word_1_222' title='bbox 1352 3426 1741 3500; x_wconf 83' lang='lat' dir='ltr'><strong>certiorem</strong></span> <span class='ocrx_word' id='word_1_223' title='bbox 1798 3425 2237 3505; x_wconf 85' lang='lat' dir='ltr'><strong>medicinam</strong></span> 
     </span>
     <span class='ocr_line' id='line_1_33' title="bbox 98 3538 504 3598; baseline -0.005 -1"><span class='ocrx_word' id='word_1_224' title='bbox 98 3538 134 3587; x_wconf 73' lang='grc' dir='ltr'>θ</span> <span class='ocrx_word' id='word_1_225' title='bbox 317 3538 504 3598; x_wconf 75' lang='lat' dir='ltr'><strong>tent.</strong></span> 
     </span>
     <span class='ocr_line' id='line_1_34' title="bbox 106 3619 2237 3723; baseline 0 -30"><span class='ocrx_word' id='word_1_226' title='bbox 106 3710 118 3723; x_wconf 33' lang='grc' dir='ltr'>ι</span> <span class='ocrx_word' id='word_1_227' title='bbox 181 3621 344 3699; x_wconf 88' lang='lat' dir='ltr'><strong>Fuit</strong></span> <span class='ocrx_word' id='word_1_228' title='bbox 389 3623 606 3697; x_wconf 88' lang='lat' dir='ltr'><strong>etiam</strong></span> <span class='ocrx_word' id='word_1_229' title='bbox 641 3622 785 3701; x_wconf 87' lang='lat' dir='ltr'><strong>alio</strong></span> <span class='ocrx_word' id='word_1_230' title='bbox 819 3638 894 3697; x_wconf 88' lang='lat' dir='ltr'><strong>et</strong></span> <span class='ocrx_word' id='word_1_231' title='bbox 929 3624 1203 3720; x_wconf 86' lang='lat' dir='ltr'><strong>majore</strong></span> <span class='ocrx_word' id='word_1_232' title='bbox 1239 3621 1511 3705; x_wconf 70' lang='lat' dir='ltr'><strong>auxilio</strong></span> <span class='ocrx_word' id='word_1_233' title='bbox 1554 3619 1644 3692; x_wconf 88' lang='lat' dir='ltr'><strong>ad</strong></span> <span class='ocrx_word' id='word_1_234' title='bbox 1684 3621 2067 3723; x_wconf 80' lang='lat' dir='ltr'><strong>plerasque</strong></span> <span class='ocrx_word' id='word_1_235' title='bbox 2096 3624 2237 3702; x_wconf 88' lang='lat' dir='ltr'><strong>hu-</strong></span> 
     </span>
     <span class='ocr_line' id='line_1_35' title="bbox 95 3718 2240 3823; baseline 0.003 -32"><span class='ocrx_word' id='word_1_236' title='bbox 95 3734 280 3804; x_wconf 73' lang='lat' dir='ltr'><strong>jusce</strong></span> <span class='ocrx_word' id='word_1_237' title='bbox 313 3718 712 3798; x_wconf 73' lang='lat' dir='ltr'><strong>voluminis</strong></span> <span class='ocrx_word' id='word_1_238' title='bbox 747 3726 1111 3809; x_wconf 84' lang='lat' dir='ltr'><strong>orationes</strong></span> <span class='ocrx_word' id='word_1_239' title='bbox 1135 3723 1277 3807; x_wconf 86' lang='lat' dir='ltr'><strong>uti,</strong></span> <span class='ocrx_word' id='word_1_240' title='bbox 1312 3720 1613 3805; x_wconf 80' lang='lat' dir='ltr'><strong>invento</strong></span> <span class='ocrx_word' id='word_1_241' title='bbox 1658 3742 1924 3823; x_wconf 88' lang='lat' dir='ltr'><strong>nempe</strong></span> <span class='ocrx_word' id='word_1_242' title='bbox 1960 3721 2240 3797; x_wconf 89' lang='lat' dir='ltr'><strong>Medio-</strong></span> 
     </span>
     <span class='ocr_line' id='line_1_36' title="bbox 105 3808 2238 3917; baseline 0.007 -38"><span class='ocrx_word' id='word_1_243' title='bbox 105 3808 230 3884; x_wconf 85' lang='lat' dir='ltr'><strong>lani</strong></span> <span class='ocrx_word' id='word_1_244' title='bbox 261 3832 512 3891; x_wconf 82' lang='lat' dir='ltr'><strong>vetere</strong></span> <span class='ocrx_word' id='word_1_245' title='bbox 552 3817 975 3907; x_wconf 87' lang='lat' dir='ltr'><strong>scholiaste,</strong></span> <span class='ocrx_word' id='word_1_246' title='bbox 1015 3842 1237 3916; x_wconf 89' lang='lat' dir='ltr'><strong>quem</strong></span> <span class='ocrx_word' id='word_1_247' title='bbox 1274 3818 1605 3917; x_wconf 86' lang='lat' dir='ltr'><strong>quamvis</strong></span> <span class='ocrx_word' id='word_1_248' title='bbox 1650 3820 2045 3892; x_wconf 88' lang='lat' dir='ltr'><strong>Asconium</strong></span> <span class='ocrx_word' id='word_1_249' title='bbox 2082 3845 2238 3894; x_wconf 90' lang='lat' dir='ltr'><strong>esse</strong></span> 
     </span>
     <span class='ocr_line' id='line_1_37' title="bbox 106 3906 2238 4013; baseline 0.003 -29"><span class='ocrx_word' id='word_1_250' title='bbox 106 3906 550 3988; x_wconf 83' lang='lat' dir='ltr'><strong>doctissimus</strong></span> <span class='ocrx_word' id='word_1_251' title='bbox 588 3918 698 3987; x_wconf 82' lang='lat' dir='ltr'><strong>vir</strong></span> <span class='ocrx_word' id='word_1_252' title='bbox 742 3916 1188 3991; x_wconf 83' lang='lat' dir='ltr'><strong>Niebiihrius</strong></span> <span class='ocrx_word' id='word_1_253' title='bbox 1235 3920 1499 3989; x_wconf 84' lang='lat' dir='ltr'><strong>merito</strong></span> <span class='ocrx_word' id='word_1_254' title='bbox 1554 3918 1959 4013; x_wconf 55' lang='lat' dir='ltr'><strong>negaverit,</strong></span> <span class='ocrx_word' id='word_1_255' title='bbox 2015 3942 2238 3991; x_wconf 84' lang='lat' dir='ltr'><strong>nemo</strong></span> 
     </span>
     <span class='ocr_line' id='line_1_38' title="bbox 109 4011 2231 4113; baseline 0.002 -32"><span class='ocrx_word' id='word_1_256' title='bbox 109 4018 328 4083; x_wconf 76' lang='lat' dir='ltr'><strong>tamen</strong></span> <span class='ocrx_word' id='word_1_257' title='bbox 355 4011 816 4107; x_wconf 82' lang='lat' dir='ltr'><strong>diffitebitur,</strong></span> <span class='ocrx_word' id='word_1_258' title='bbox 845 4015 1339 4093; x_wconf 76' lang='lat' dir='ltr'><strong>vetustissimae</strong></span> <span class='ocrx_word' id='word_1_259' title='bbox 1368 4036 1539 4093; x_wconf 84' lang='lat' dir='ltr'><strong>eum</strong></span> <span class='ocrx_word' id='word_1_260' title='bbox 1569 4036 1723 4086; x_wconf 86' lang='lat' dir='ltr'><strong>esse</strong></span> <span class='ocrx_word' id='word_1_261' title='bbox 1764 4017 2231 4113; x_wconf 84' lang='lat' dir='ltr'><strong>antiquitatis.</strong></span> 
     </span>
    </p>
   </div>
   <div class='ocr_carea' id='block_1_6' title="bbox 281 4126 2013 4206">
    <p class='ocr_par' dir='ltr' id='par_1_6' title="bbox 281 4126 2013 4206">
     <span class='ocr_line' id='line_1_39' title="bbox 281 4126 2013 4206; baseline -0.001 -12"><span class='ocrx_word' id='word_1_262' title='bbox 281 4126 404 4195; x_wconf 80' lang='lat' dir='ltr'><strong>IV.</strong></span> <span class='ocrx_word' id='word_1_263' title='bbox 460 4142 560 4190; x_wconf 75' lang='lat' dir='ltr'><strong>Cie-</strong></span> <span class='ocrx_word' id='word_1_264' title='bbox 580 4160 690 4206; x_wconf 63' lang='grc' dir='ltr'><strong>μιν</strong></span> <span class='ocrx_word' id='word_1_265' title='bbox 717 4145 934 4193; x_wconf 72' lang='lat' dir='ltr'><strong>secanda.</strong></span> <span class='ocrx_word' id='word_1_266' title='bbox 993 4144 998 4155; x_wconf 87' lang='lat'><em>&#39;</em></span> <span class='ocrx_word' id='word_1_267' title='bbox 1941 4154 2013 4193; x_wconf 77' lang='lat' dir='ltr'><strong>a·</strong></span> 
     </span>
    </p>
   </div>
  </div>
 </body>
</html>
