2594 4537
316 323 457 420 276
952 325 1048 390 M.
1100 323 1178 390 T.
1234 319 1796 391 elcERole

312 451 641 537 Quorum
678 442 859 513 alter
882 445 945 493 ²⁴
991 455 1233 513 tamen
1266 465 1510 538 neque
1542 465 1690 529 me,
1731 463 1974 537 neque
1999 463 2464 536 quemquam

314 554 591 628 fefellit.

408 670 489 737 V.
543 664 723 753 Quis
770 663 961 732 enim
1024 661 1245 732 ullam
1292 661 1514 732 ullius
1559 659 1738 732 boni
1783 685 1984 759 spem
2029 658 2340 732 haberet
2379 663 2464 731 in

313 802 444 863 en,
502 773 708 869 cujus
762 774 1078 870 primum
1142 787 1431 870 tempus
1481 772 1703 842 aetatis
1761 773 1993 869 palam
2051 769 2302 842 fuisset
2353 770 2462 840 ad

312 884 640 956 omnium
686 880 1019 953 libidines
1062 879 1554 978 divulgatum?
1602 884 1730 979 qui
1779 907 1871 952 ne
1911 905 1954 952 a
2001 883 2464 952 sanctissima

310 993 608 1091 quidem
666 1007 867 1091 parte
928 993 1255 1090 corporis
1280 1003 1303 1034 ¹
1369 994 1722 1089 potuisset
1769 991 2153 1062 hominum
2194 992 2462 1088 impu-

308 1130 460 1176 ram
530 1104 1155 1202 intemperantiam
1215 1102 1696 1200 propulsare?
1758 1106 1888 1199 qui
1947 1126 2175 1198 quum
2213 1125 2456 1171 -suam

307 1225 512 1286 rem²
578 1238 727 1284 non
792 1213 1033 1284 minus
1090 1225 1429 1300 strenue,
1486 1237 1706 1309 quam
1767 1227 2018 1309 postea
2074 1209 2456 1309 publicam

308 1323 734 1397 confecisset
755 1379 774 1412 ‚
824 1336 1212 1420 egestatem
1260 1337 1334 1393 et
1381 1321 1732 1392 luxuriam
1790 1320 2186 1394 domestico
2230 1320 2452 1392 leno—

304 1436 499 1506 cinio
540 1429 1057 1504 sustentavit-³?
1092 1435 1221 1530 qui
1254 1433 1392 1502 nisi
1426 1433 1502 1502 in
1531 1455 1726 1502 aram
1763 1427 2233 1502 tribunatus⁴‘
2261 1455 2450 1503 con-

303 1542 630 1640 fugisset,
663 1565 904 1638 neque
939 1543 1085 1611 vim
1119 1543 1443 1639 praetoris
1463 1538 1518 1631 ⁵,
1551 1565 1688 1614 nec
1719 1540 2260 1613 multitudinem
2287 1565 2452 1614 cre·

304 1654 622 1724 ditorum
660 1707 680 1740 ‚
747 1675 883 1723 nec
951 1649 1316 1723 bonorum
1389 1653 1995 1750 proscriptionem
2017 1649 2052 1696 ⁶
2119 1649 2446 1751 effugere

300 1762 709 1861 potuisset?
764 1766 932 1852 Quo
995 1766 1071 1832 in
1140 1764 1596 1859 magistratu⁷
1645 1763 1784 1832 nisi
1837 1763 2290 1860 rogationem
2349 1763 2448 1834 de

304 1874 607 1971 piratico
643 1871 839 1944 bello
882 1872 1198 1960 tulisset,
1251 1869 1582 1970 profecto
1621 1885 1934 1970 egestate
1969 1888 2045 1944 et
2083 1871 2444 1971 improbi-

300 2083 437 2147 μαι-ἰ
471 2098 500 2130 a
542 2081 739 2130 tribuno
776 2080 936 2147 plebis
966 2081 1219 2131 videbant.
1258 2085 1318 2130 In
1404 2081 1540 2130 diurn
1563 2091 1724 2142 notat,
1751 2097 1854 2146 quo
1877 2081 1964 2146 qui
1985 2081 2310 2146 confugiunt,
2333 2098 2449 2130 aer—

301 2163 562 2212 Pisonem:
591 2163 799 2225 «Quum
839 2161 968 2209 enim
1006 2172 1131 2210 esset
1160 2159 1320 2209 omnis

300 2258 441 2291 causa
458 2241 540 2290 illa
554 2257 659 2289 mea
678 2239 942 2289 consularis
956 2274 971 2298 ‚
988 2250 1036 2289 et
1054 2240 1319 2298 senatorum

298 2322 481 2370 auxilio
508 2320 628 2369 mihi
652 2336 781 2383 opus
804 2319 985 2381 Fuerat,
1006 2330 1056 2367 et
1078 2320 1320 2377 consulis,

299 2413 347 2448 et
368 2412 565 2451 senatus
582 2422 624 2447 ιο.

370 2488 459 2536 ²4-
488 2478 648 2526 Alter.
673 2480 737 2525 A.
767 2474 1022 2523 Gabinius.
1048 2502 1119 2512 —
1146 2478 1322 2540 Neque

300 2574 403 2606 me.
423 2592 436 2604 .
460 2591 473 2604 .
496 2555 696 2621 fefellit.
729 2555 841 2601 Hoc
868 2564 971 2616 est,
1002 2569 1102 2601 non
1133 2554 1245 2601 fecit
1268 2554 1324 2601 id

306 2645 483 2701 praeter
502 2634 787 2698 opinionem
808 2642 1022 2679 nostram
1040 2646 1053 2679 :
1072 2632 1172 2691 jam
1200 2648 1324 2695 prae·

296 2713 599 2772 videramus,
629 2726 741 2759 eum
768 2719 863 2757 tam
897 2724 1044 2774 prave
1073 2726 1123 2757 se
1147 2722 1316 2775 gestu·

300 2808 407 2841 rum
432 2806 551 2839 esse.

368 2872 434 2918 V.
482 2885 525 2917 ι.
561 2865 870 2915 Samnis-sima
904 2878 1053 2932 parte
1086 2869 1316 2932 corporis.

298 2951 511 2998 Notatur
534 2944 731 2994 infamia
756 2945 883 3005 oris,
910 2944 972 2992 de
998 2962 1095 3009 qua
1120 2948 1319 2995 Laetam

296 3032 417 3086 tius,
446 3026 599 3075 nostri
620 3026 821 3073 fortasse
846 3023 945 3071 loci
970 3040 1172 3084 memor,
1192 3026 1316 3073 scri-

296 3108 369 3155 bit
400 3108 464 3164 V,
510 3122 542 3169 9
558 3140 572 3165 ,
617 3118 675 3165 ¹7
720 3116 733 3151 :
779 3123 803 3146 ι
839 3104 924 3166 qni
968 3104 1318 3152 unctisaimam

294 3202 493 3250 quoque
513 3186 733 3249 eorporis
752 3183 827 3231 aui
850 3194 1035 3247 partem
1056 3196 1227 3232 contra
1245 3186 1318 3232 fua

296 3280 439 3313 omne
465 3262 717 3327 polluant,
744 3272 793 3309 et
818 3263 1077 3326 profluent
1096 3284 1137 3313 -.
1164 3263 1318 3311 Pleri-

296 3360 391 3408 que
408 3342 505 3389 hoc
526 3342 579 3388 in
594 3341 709 3388 loco
734 3353 895 3388 errant
922 3340 1230 3404 interpretes.

372 3438 418 3469 a.
462 3422 609 3466 Suam
641 3434 761 3467 rem.
808 3420 909 3481 Qui
943 3434 1095 3482 quum
1131 3420 1318 3484 privata

296 3502 427 3549 bom
457 3510 555 3546 tam
594 3498 699 3545 cito
736 3498 1111 3562 consumpsisset
1128 3534 1144 3559 ,
1172 3514 1319 3561 quam

293 3590 465 3645 postea
484 3576 735 3641 publicum
759 3578 980 3623 erarium
1000 3577 1238 3624 exhausit.

365 3659 418 3705 3.
446 3653 753 3703 Susteneaevit.
782 3655 1010 3718 Egressus
1036 3665 1175 3704 aetate
1191 3672 1318 3719 pue-

294 3732 404 3794 rili,
429 3750 581 3796 quum
604 3748 655 3780 ae
674 3733 779 3798 jam
800 3731 867 3779 ad
886 3732 1065 3781 aliems
1074 3734 1318 3782 ‚libidines

292 3811 543 3873 divulgare
568 3827 671 3861 non
688 3820 881 3875 posset,
904 3809 1039 3859 domi
1056 3828 1156 3861 suae
1171 3812 1314 3861 leno-

294 3888 477 3937 cinium
493 3890 725 3937 exercuit.

366 3975 415 4021 4.
463 3969 619 4013 Aram
656 3966 944 4015 tribunatus.
994 3970 1103 4015 Ara
1146 3968 1316 4017 salutis

295 4042 514 4107 aayiunu
542 4042 659 4091 hine
691 4044 913 4093 absolute
944 4046 1113 4095 salutis
1148 4049 1315 4111 [ιι-κοί-

1407 2172 1602 2211 vantur.
1638 2164 1778 2210 Verr.
1807 2161 1896 2211 lib.
1925 2165 1991 2222 V,
2017 2177 2132 2227 cap.
2163 2163 2228 2221 48
2251 2176 2267 2211 :
2295 2184 2321 2204 α
2346 2164 2450 2210 uic

1407 2250 1605 2306 portus,
1629 2240 1734 2289 haec
1761 2255 1873 2303 arx,
1897 2241 2004 2289 haee
2027 2256 2110 2289 ara
2132 2242 2388 2290 sociorum
2401 2265 2448 2302 υ,

1407 2335 1478 2367 sc.
1535 2319 1617 2367 lex
1669 2320 1731 2368 de
1783 2321 2081 2385 repetundis.
2147 2322 2450 2371 Tribunus-us

1407 2408 1569 2445 autem
1611 2402 1918 2463 magistratus
1961 2410 2032 2448 est
2079 2412 2446 2454 sacmsanetus.

1411 2477 1584 2539 Itaque
1607 2476 1818 2526 tribunis
1843 2478 2074 2527 molestus
2107 2496 2210 2528 ease
2233 2480 2447 2545 private

1411 2556 1480 2602 rei
1498 2571 1639 2605 eausa
1659 2572 1802 2605 nemo
1821 2568 2029 2623 poterat.

1483 2635 1535 2682 5.
1574 2636 1822 2685 Proeton's.
1869 2637 2084 2695 Urbani,
2129 2638 2218 2701 qni
2252 2639 2338 2700 jus
2381 2638 2446 2687 de

1407 2713 1628 2775 pecuniis
1647 2714 1847 2763 creditis
1867 2714 2117 2765 reddebat.

1479 2789 1530 2841 6.
1584 2792 1687 2839 Noc
1733 2792 1966 2841 bonorum
2009 2792 2446 2859 proscriptionem.

1407 2868 1597 2916 Pretor
1617 2868 1832 2919 urbanus
1861 2888 1924 2919 ex
1949 2871 2112 2919 edicto
2137 2873 2366 2922 mittebat
2389 2875 2446 2923 in

1405 2945 1648 2994 bonorum
1667 2950 2023 3011 possessionem
2049 2967 2221 2999 eorum
2245 2952 2446 3001 debito-

1405 3040 1542 3086 rum,
1569 3027 1654 3089 qui
1677 3026 1898 3075 absentes
1910 3028 2104 3089 iudicio
2129 3030 2318 3079 defensi
2335 3049 2446 3081 non

1405 3104 1614 3153 fuerant.
1655 3108 1822 3168 Quum
1857 3106 1962 3155 dies
1991 3109 2188 3174 triginta
2217 3126 2444 3176 possessa

1407 3193 1565 3231 essent
1580 3219 1595 3244 ‚
1622 3185 2071 3248 proscribebantur,
2109 3190 2145 3237 i.
2181 3206 2226 3237 e.
2259 3190 2445 3239 libellis

1405 3262 1565 3327 palam
1607 3262 1719 3311 fixis
1759 3264 2163 3328 denuntiabatur,
2205 3286 2262 3317 ea
2308 3269 2442 3318 bona

1407 3343 1632 3390 auctione
1657 3344 1920 3404 constituta
1949 3347 2205 3395 venditum
2237 3348 2318 3398 iri.
2347 3350 2444 3398 Ca·

1407 3420 1479 3468 til.
1499 3424 1546 3469 11
1559 3456 1574 3477 ,
1594 3437 1702 3487 cap.
1728 3438 1806 3471 ιο.

1481 3516 1532 3560 7.
1564 3502 1623 3547 In
1652 3501 1962 3566 magistratu.
1989 3505 2287 3556 Tribunatu.
2313 3508 2440 3556 Nam

1405 3594 1558 3642 quum
1572 3594 1632 3627 eo
1651 3596 1781 3627 anno
1796 3582 1965 3645 pirate
1977 3599 2079 3631 nou
2095 3584 2256 3632 solum
2272 3587 2442 3639 maria.

1405 3672 1576 3704 verum
1595 3660 1738 3705 etiam
1756 3674 1868 3707 oras
1885 3661 2152 3710 maritimas
2167 3665 2268 3711 suis
2287 3664 2442 3712 latro·

1406 3734 1548 3783 ciniis
1577 3736 1773 3785 infestas
1811 3736 2101 3798 redderent,
2131 3740 2292 3804 legem
2327 3744 2443 3791 tulit

1405 3814 1644 3863 Gabinius
1663 3849 1678 3875 ,
1705 3826 1762 3864 ut
1786 3816 1971 3865 bellum
1997 3818 2238 3869 adversus
2259 3823 2444 3885 piratas

1405 3892 1499 3942 cn.
1531 3894 1764 3959 Pompeio
1781 3897 2110 3948 mandaretur.
2131 3902 2286 3962 Cuius
2309 3902 2444 3966 lega·

1403 3982 1483 4017 tus
1509 3988 1660 4035 quum
1685 3984 1809 4021 esset
1839 3976 2020 4033 sactus,
2057 3978 2292 4027 subvenit
2317 3996 2444 4045 ege-

1403 4050 1516 4097 stati
1531 4066 1648 4098 suoe.
1673 4052 1768 4100 Pro
1787 4052 1893 4117 lege
1909 4056 2084 4107 Manil.
2105 4074 2215 4123 cap.
2243 4074 2326 4122 19.
