2594 4537
349 284 488 357 288
989 284 1088 352 Μ.
1139 285 1216 352 Τ.
1270 284 1829 355 CICERONIS

341 409 548 480 initio
599 406 690 477 de
743 404 974 477 salute
1026 426 1188 475 mea
1241 404 1748 502 promulgavit.
1794 406 1882 495 Q.
1921 403 2289 477 Fabricius
2310 461 2330 494 ‚
2376 410 2441 477 si
2462 460 2483 487 ‚

341 546 504 619 quae
539 517 632 590 de
667 541 786 587 me
825 540 1039 613 agere
1081 528 1387 586 conatus
1428 529 1577 602 est,
1618 538 1703 585 ea
1738 528 1993 585 contra
2033 517 2179 585 vim
2212 530 2286 586 et
2326 515 2482 588 fer·

339 653 505 701 rum
559 624 902 725 perficere
947 628 1301 723 potuisset
1324 630 1411 714 ¹4,
1470 648 1721 697 mense
1766 626 2099 721 januario
2142 641 2479 697 nostrum

343 753 607 811 statum
645 759 1314 833 recuperassemus:
1350 759 1573 832 quem
1609 734 1697 806 ad
1736 735 2041 806 salutem
2081 760 2315 807 meam
2348 760 2483 805 vo-

341 849 582 920 luntas
613 845 936 945 impulit,
966 847 1072 918 vis
1103 844 1529 934 retardavit,
1572 846 1961 918 auctoritas
1992 860 2230 917 vestra
2265 870 2481 918 revo-

341 958 550 1031 eavit.

436 1070 556 1138 IX.
601 1070 754 1137 Jam
791 1089 962 1137 vero
997 1078 1345 1165 praetores
1364 1074 1383 1108 ¹
1429 1088 1579 1161 quo
1617 1066 1863 1135 animo
1896 1067 1974 1135 in
2013 1088 2129 1136 me
2164 1060 2479 1151 fuerint,

341 1198 470 1247 vos
503 1175 908 1247 existimare
951 1174 1288 1271 potuistis
1308 1226 1329 1260 ,
1364 1198 1595 1269 quum
1644 1177 1723 1243 L.
1775 1173 2098 1247 Caecilius
2143 1176 2481 1273 privatim

342 1308 459 1356 me
495 1286 642 1357 suis
672 1282 1016 1356 omnibus
1045 1284 1270 1381 copiis
1308 1280 1668 1354 studuerit
1702 1298 2142 1374 sustentare;
2180 1283 2481 1383 publice

339 1395 812 1495 promulgarit
853 1394 945 1465 de
983 1416 1146 1465 mea
1181 1392 1414 1465 salute
1457 1410 1627 1464 cum
1664 1393 1958 1491 collegis
1999 1418 2205 1492 paene
2242 1397 2481 1467 omni-

338 1504 567 1592 bus23
619 1501 1126 1603 direptoribus
1162 1517 1407 1574 autem
1453 1526 1787 1573 meorum
1831 1501 2199 1575 bonorum
2248 1504 2477 1599 injus

339 1612 700 1689 adeundi³
746 1627 1172 1714 potestatem
1207 1638 1359 1684 non
1394 1610 1667 1684 fecerit.
1702 1618 1801 1685 Μ.
1847 1627 2089 1685 autem
2120 1613 2472 1697 Calidius,

339 1726 578 1797 statim
611 1723 1055 1820 designatus,
1089 1723 1449 1794 sententia
1482 1746 1651 1809 sua,
1682 1747 1906 1819 quam
1934 1739 2121 1795 esset
2150 1748 2313 1795 cara
2338 1724 2472 1797 sibi

339 1858 501 1907 mea
565 1833 754 1905 salus
780 1887 800 1922 ,
864 1831 1266 1905 declaravit.
1335 1834 1599 1904 Omnia
1660 1830 1911 1904 officia'
1966 1837 2045 1905 C.
2108 1836 2473 1932 Septimii,

339 1949 425 2036 Q.
473 1942 780 2033 Valerii,
845 1946 918 2013 P.
987 1943 1255 2031 Crassi,
1322 1947 1508 2015 Sext.
1570 1942 1952 2034 Quintilii,
1996 1947 2077 2013 C.
2124 1947 2434 2017 Cornuti
2452 2000 2473 2029 ‚

340 2077 620 2127 summa
663 2068 734 2125 et
768 2056 846 2123 in
889 2076 1005 2125 me
1027 2106 1047 2141 ,
1084 2067 1156 2124 et
1195 2055 1273 2123 in
1316 2051 1837 2151 rempublicam
1875 2057 2375 2127 constiterunt.

436 2168 614 2257 Quae
649 2188 882 2262 quum
916 2162 1229 2235 libenter
1258 2186 1790 2251 commemor0‚
1828 2177 1986 2234 tum
2020 2188 2173 2235 non
2205 2166 2477 2237 invitus

336 2274 856 2348 nonnullorum
899 2276 978 2345 in
1011 2297 1130 2346 me
1168 2271 1437 2346 nefarie
1482 2275 1860 2346 commissa
1896 2289 2273 2372 praetereo..
2306 2281 2471 2349 Non

336 2401 444 2458 est
473 2388 613 2458 mei
639 2385 986 2482 temporis
1013 2385 1309 2480 injurias
1334 2386 1784 2456 meminisse:
1826 2409 2005 2482 quas
2032 2410 2169 2483 ego
2196 2390 2471 2458 etiamsi

333 2497 578 2569 ulcisci
619 2519 906 2592 possem
927 2548 946 2581 ,
999 2509 1239 2566 tamen
1294 2494 1621 2566 oblivisci
1675 2496 1982 2568 mallem.
2038 2495 2198 2568 Alio
2236 2513 2469 2569 trans·

413 2680 491 2728 ¹4·
517 2669 754 2738 perficere
765 2670 1013 2735 potuisset.
1039 2675 1138 2722 Pro
1159 2675 1356 2733 Sextio,

336 2765 444 2814 esp.
473 2750 542 2798 35
565 2765 578 2798 :
611 2771 636 2792 ιι
661 2751 826 2812 Quum
849 2749 1037 2808 forum,
1069 2752 1353 2812 comitium,

335 2829 549 2887 curiam,
575 2827 725 2877 mults
753 2827 814 2876 de
839 2841 987 2878 noete
1001 2863 1018 2886 ,
1046 2831 1242 2880 armetis
1263 2831 1356 2879 ho·-

333 2903 548 2954 minibus
571 2921 630 2953 sc
659 2908 808 2954 servis
836 2907 1084 2972 plerisque
1114 2923 1353 2972 occup-s-

333 2994 466 3046 sent,
491 2984 725 3049 impetum
752 2984 938 3034 faciunt
968 2988 1018 3033 in
1051 2986 1318 3035 FabrIeium
1330 3023 1349 3046 ,

331 3081 500 3113 manus
529 3065 766 3121 afferunt,
793 3063 1028 3113 occidunt
1055 3065 1349 3125 nonnullos,

330 3143 588 3191 vulnerant
623 3141 802 3190 multos
823 3163 865 3191 n.
903 3145 1071 3191 Mense
1077 3143 1320 3209 januario
1334 3162 1354 3192 .-

331 3231 508 3279 octavo
526 3219 754 3270 kalendas
773 3220 896 3269 febr.

401 3302 493 3348 lx.
545 3315 592 3348 1.
635 3303 893 3348 Fra-tores.
948 3301 1194 3348 Hactenus
1239 3313 1355 3370 oetq

328 3379 556 3430 tribunos
570 3378 730 3444 plebis
747 3379 1046 3428 enumeravit
1058 3413 1073 3438 ,
1097 3381 1184 3443 qui
1201 3381 1355 3444 ipsius

327 3458 538 3507 reditum
572 3457 894 3519 adjuverunt3
923 3457 1023 3506 duo
1051 3458 1228 3523 reliqui
1251 3475 1353 3508 non

323 3547 678 3588 consenserunt
694 3570 711 3597 ,
736 3537 1002 3586 Numerius
1034 3537 1268 3613 Quintius
1303 3527 1367 3604 e't⁸

325 3619 440 3666 Sex.
465 3615 670 3666 Attilius
697 3617 960 3677 Serranus3
989 3632 1092 3664 non
1115 3615 1355 3666 inter-ces·-

320 3706 490 3744 sernnt
515 3706 708 3752 tamen,
751 3710 903 3757 quum
948 3703 1000 3741 et
1041 3705 1263 3754 senatus,
1302 3691 1352 3744 et

321 3774 540 3822 omnium
564 3774 928 3837 magistratuum
951 3787 1247 3822 consensum
1275 3777 1350 3824 vi-

327 3851 512 3900 derent.

393 3945 463 3996 2..
499 3929 702 3994 collegis
744 3945 887 3994 poene
941 3931 1178 3981 omnibus.
1234 3935 1348 3982 Uno

321 4016 527 4072 excepto
570 4007 740 4070 Appio
787 4007 995 4060 Claudio
1019 4041 1035 4070 ,
1083 4011 1137 4059 P.
1184 4011 1348 4062 clodii

1444 2671 1608 2722 [reue.
1626 2671 1721 2721 Pro
1740 2673 1952 2733 Milone,
1982 2691 2095 2740 esp.
2122 2691 2143 2723 1
2158 2675 2185 2724 5
2205 2691 2219 2726 z
2240 2697 2265 2720 ι
2288 2687 2471 2742 septen

1442 2761 1677 2816 praetores
1690 2785 1706 2810 ,
1727 2762 1843 2801 oeto
1858 2755 2045 2803 tribuni
2060 2755 2133 2819 pl.
2150 2755 2287 2806 illius
2303 2757 2473 2806 sdver-

1442 2837 1555 2886 narii
1568 2872 1585 2896 ,
1626 2837 1904 2888 defensores
1938 2843 2033 2890 mei
2052 2863 2097 2890 a.
2140 2844 2238 2890 Hie
2274 2860 2471 2908 quoqne

1442 2928 1629 2979 septem
1659 2929 1889 2982 pretores
1913 2921 2244 2970 nominantur.
2274 2924 2469 2986 Quibus

1440 2994 1565 3042 locis
1584 2994 1645 3044 de
1664 3007 1773 3046 toto
1790 3009 2056 3061 pratorum
2072 3016 2281 3050 numero
2300 3003 2469 3052 admo-

1446 3089 1632 3122 nemur.

1515 3153 1565 3200 3.
1604 3154 1661 3200 In
1684 3157 1770 3223 jm
1805 3156 2036 3205 adeundi.
2074 3160 2275 3209 Judicio
2312 3161 2469 3212 disoe-

1441 3231 1633 3295 pandi.
1662 3233 1788 3284 Nam
1808 3237 2035 3300 praetoris
2060 3237 2233 3286 urbani
2249 3251 2469 3304 potestas

1444 3321 1573 3367 erat,
1599 3310 1841 3373 judicium
1866 3313 2016 3362 dandi
2034 3349 2049 3375 ,
2074 3315 2153 3364 vel
2176 3317 2470 3384 denegandi.

1442 3389 1627 3436 Praetor
1652 3405 1768 3454 ergo
1786 3392 1841 3440 id
1856 3408 1960 3441 non
1982 3393 2123 3443 dedit
2139 3395 2469 3461 direptoribus

1440 3466 1687 3516 bonorum
1714 3470 1964 3518 Ciceronis
1979 3506 1994 3532 ,
2024 3483 2083 3520 ut
2108 3475 2331 3538 ipsorum
2356 3493 2469 3541 pos·

1441 3545 1704 3595 sessionem
1724 3547 2034 3601 confirmaret
2044 3556 2334 3605 auctoritate
2346 3573 2471 3622 pm-

1440 3624 1581 3672 torin.
1606 3653 1676 3664 ·-
1696 3629 1801 3676 Ius.
1828 3630 2011 3688 Locus,
2043 3631 2133 3680 ubi
2156 3635 2241 3694 jus
2270 3636 2467 3686 dieitur.

1439 3702 1665 3753 Ceterum
1692 3705 1753 3754 de
1780 3707 2002 3758 formulis
2018 3710 2117 3758 illis
2134 3726 2149 3760 ε
2166 3734 2193 3754 α
2212 3713 2265 3762 in
2288 3715 2369 3776 jus
2392 3733 2469 3764 ea-

1440 3797 1613 3841 mus»,
1646 3785 1749 3844 vel,
1774 3785 1873 3833 «cin
1898 3789 1983 3849 jus
2010 3791 2149 3850 veni,
2178 3809 2379 3857 sequere
2404 3796 2467 3843 sd

1438 3859 1653 3910 tribunal
1672 3885 1723 3919 ι,
1742 3862 1821 3912 vel
1838 3886 1864 3906 α
1885 3867 1939 3913 in
1951 3868 2033 3929 jus
2056 3869 2251 3918 ambul·
2266 3893 2292 3912 u·
2304 3907 2323 3928 ,
2349 3888 2468 3921 cou-

1436 3938 1627 3988 sulatur
1653 3940 1947 4005 Brissonius,
1970 3946 2056 3996 lib.
2078 3949 2127 3995 V
2146 3947 2209 3996 de
2228 3935 2453 4000 formulis
