2594 4537
530 298 915 369 ORATIO
964 299 1162 367 PRo
1210 299 1291 366 L.
1347 297 1782 370 FLACCO,
2086 303 2222 402 189

98 422 227 494 sint
254 419 665 506 observari,
698 421 890 492 scitis
919 443 1194 492 omnes.
1224 423 1439 491 Nunc
1471 419 1936 493 accusamur⁸
1968 423 2060 496 ab
2099 427 2222 515 iis,

101 535 215 627 qui
256 531 335 602 in
368 529 673 602 consilio
706 529 917 601 nobis
950 527 1265 601 fuerunt.
1310 533 1641 602 Decrevit
1675 532 1984 606 Flaccus,
2029 539 2222 610 Num

102 641 279 712 aliud
300 696 321 730 ,
347 656 571 738 atque
595 640 969 737 oportuit?
990 643 1079 710 In
1104 638 1370 711 liberos
1387 652 1442 709 9.
1475 645 1664 713 Num
1689 641 1923 734 aliter,
1953 671 2036 719 ac
2061 673 2224 721 cen·

104 753 233 822 suit
292 750 645 824 senatus?
687 754 774 820 In
823 749 1197 822 absentem
1260 748 1591 823 decrevit.
1645 755 1890 845 Quum
1954 755 2221 830 ibidem

106 886 285 936 esses
305 917 325 951 ,
352 887 585 960 quum
620 861 914 961 prodire
942 860 1189 934 nolles.
1220 863 1388 932 Non
1425 875 1530 932 est
1560 861 1703 934 hoc
1737 866 1814 934 in
1849 864 2224 940 absentem

104 998 319 1045 reum.
354 978 1141 1058 Smarusconsumum,
1181 986 1255 1041 et
1290 994 1670 1042 Decumum
1688 975 1972 1049 chcl.
1992 978 2223 1070 Quid,

106 1085 161 1154 si
190 1107 341 1156 nou
379 1083 847 1166 decrevisset,
884 1080 1009 1154 sed
1048 1081 1389 1153 edixisset
1409 1082 1512 1152 ¹⁰?
1562 1084 1726 1179 quis
1770 1102 2014 1183 posset
2053 1113 2226 1162 vere

107 1191 671 1291 reprehendere?
692 1196 889 1264 Num
917 1191 1133 1263 etiam
1150 1189 1388 1263 fratris
1411 1193 1552 1262 mei
1571 1202 1630 1237 ¹¹
1663 1193 1938 1286 literas,
1965 1198 2229 1296 plenis-

108 1303 305 1377 simas
318 1303 785 1376 humanitatis
804 1315 876 1372 et
893 1303 1244 1399 aequitatis
1266 1357 1285 1390 ,
1315 1301 1892 1400 reprehensurus
1910 1308 2030 1379 es?
2046 1333 2227 1406 quas

110 1415 458 1487 easdem¹²
499 1413 785 1485 mulieri
821 1437 862 1484 a
897 1437 1015 1484 me
1049 1409 1283 1500 datas,
1326 1412 1518 1510 apud
1561 1417 1948 1486 Pataranos
1981 1421 2228 1517 requi-

112 1526 281 1596 sivit.
318 1527 569 1597 Recita
594 1523 835 1594 literas
862 1524 947 1614 Q.
978 1523 1364 1595 Ciceronis.
1390 1528 1670 1596 Limum
1701 1528 1788 1615 Q.
1819 1531 2226 1603 Clennoms.

114 1635 340 1723 Quid?
364 1635 519 1707 haec
550 1633 1152 1733 Apollonidenses
1169 1687 1189 1722 ,
1227 1635 1598 1706 occasione
1639 1633 1824 1708 facta
1841 1691 1861 1726 ,
1904 1637 1994 1710 ad
2027 1640 2229 1714 Flac-

116 1768 267 1814 cum
314 1744 784 1816 detulerunt?
814 1742 1028 1842 Apud
1067 1741 1455 1814 Orbium¹³
1495 1759 1656 1816 acta
1693 1771 1846 1818 non
1885 1752 2105 1822 sunt?
2139 1751 2226 1824 ad

118 1853 495 1926 Globulum
532 1854 765 1925 delata
794 1879 947 1925 non
970 1855 1179 1924 sunt?
1200 1855 1314 1926 Ad
1341 1869 1668 1928 senatum
1705 1873 2034 1930 nostrum
2052 1918 2073 1950 ,
2113 1887 2231 1935 me

118 1965 429 2054 consule,
466 1989 717 2037 nonne
744 1963 959 2061 legati
979 1962 1578 2061 Apollonidenses
1602 1967 1844 2036 omnia
1873 1970 2231 2064 postulata

118 2071 199 2144 de
230 2075 507 2170 injuriis
532 2076 749 2146 unius
769 2074 1067 2146 Deciani
1100 2071 1562 2144 detulerunt?

202 2189 290 2258 At
362 2186 515 2258 hoec
547 2188 613 2236 ¹4
676 2183 942 2284 praedia
994 2183 1208 2254 etiam
1279 2183 1357 2253 in
1426 2208 1650 2256 censu
1675 2180 1742 2229 ¹⁵
1796 2183 2229 2264 dedicavisti.

122 2300 345 2386 Mitto,
383 2296 589 2397 quod
624 2296 895 2381 aliena3
940 2295 1189 2381 mitto,
1232 2294 1436 2391 quod
1495 2319 1820 2393 possessa
1865 2322 1997 2396 per
2046 2302 2232 2393 vim3

124 2408 345 2497 mitto,
382 2406 587 2505 quod
639 2408 964 2479 convicta
1027 2404 1117 2477 ab
1186 2404 1919 2503 Apollonidensibus3
1977 2413 2191 2484 mitto
2209 2467 2231 2501 ,

124 2516 305 2613 quod
336 2542 378 2589 a
401 2518 853 2615 Pergamenis
886 2512 1381 2613 repudiata¹⁶;
1423 2518 1632 2589 mitto
1659 2522 1872 2591 etiam
1899 2574 1919 2609 ,
1963 2522 2164 2619 quod
2193 2548 2235 2595 a

125 2628 365 2697 nostris
414 2623 941 2723 magistratibus
998 2626 1073 2696 in
1130 2630 1496 2723 integrum
1547 2632 1920 2721 restituta;
1966 2636 2180 2708 mitto
2214 2689 2233 2724 ,

124 2736 303 2832 quod
344 2737 549 2810 nullo
580 2738 744 2834 jure
760 2791 793 2824 ‚.
832 2760 1072 2835 neque
1117 2737 1192 2807 in
1232 2760 1350 2827 re,
1393 2764 1634 2837 neque
1670 2740 1746 2811 in
1787 2746 2237 2839 possessione

184 2934 229 2983 8.
248 2935 377 2984 Male
395 2935 513 2983 olim
526 2969 541 2992 ‚
565 2946 875 2983 accusantur.
899 2934 1011 2983 LV.
1032 2934 1087 2980 L.

184 3026 229 3076 9.
244 3017 300 3062 1ae
326 3015 521 3063 liberos.
546 3016 607 3062 In
630 3014 853 3062 homiues
868 3012 1049 3061 libero·
1066 3028 1123 3061 nc

130 3090 252 3139 etim
274 3094 403 3143 eive·
429 3109 674 3142 romanoe.

192 3188 262 3222 xo.
280 3176 395 3225 Aut.
410 3176 672 3240 Angustia.
686 3171 895 3221 uniebat
905 3168 1127 3220 additis-

130 3262 202 3299 set.
222 3254 346 3303 LV.
364 3258 421 3303 1..

192 3346 264 3380 n.
297 3333 481 3383 Ima-is
507 3330 617 3380 mei.
652 3330 753 3394 Qui
794 3328 971 3378 Flacco
1010 3344 1122 3379 oue·

130 3410 267 3458 een-it.

194 3506 267 3541 η.
287 3490 577 3540 Euieudntio
606 3488 923 3554 Pantagathi,
958 3488 1129 3551 «quein

132 3570 297 3619 eudem
318 3572 549 3620 mulieres
574 3568 853 3618 amandam
875 3566 1009 3634 apud
1036 3572 1131 3617 Ρι-

134 3658 299 3699 urano·
320 3649 574 3716 requisivit
591 3670 637 3697 a.
664 3648 803 3698 Nihil
829 3660 991 3697 tamen
1022 3664 1131 3697 mu-

134 3738 269 3779 ninus
306 3732 359 3780 in
404 3732 527 3780 loeo
566 3727 752 3789 dnbi03
802 3744 895 3777 neo
926 3728 1127 3779 Lnllem.

134 3810 326 3860 mutavit.
356 3838 429 3850 --
458 3812 693 3875 Amynta
730 3818 893 3857 autem
929 3824 1133 3858 uxorem

132 3902 179 3935 ae
194 3886 331 3939 filim
340 3894 543 3940 Pam-as
562 3905 591 3937 a
616 3887 837 3937 Deciano
854 3888 1133 3937 amandatae

132 3966 186 4029 Q.
198 3970 359 4020 OEoero
376 3970 537 4020 literis
554 3966 841 4035 repetierat?

196 4050 269 4099 13.
290 4051 505 4101 Orbium.
520 4049 624 4114 Qui
640 4064 773 4098 anuo
793 4049 897 4111 690
918 4060 1134 4111 propra-

1212 2940 1293 2980 tor
1322 2934 1454 2982 Asin
1488 2935 1644 2985 factu·
1660 2972 1675 2997 ,
1701 2938 1756 2987 P.
1777 2938 1984 2990 servilio
2019 2942 2238 2993 Globulo

1211 3015 1464 3063 suecessit.

1288 3100 1374 3152 14.
1405 3094 1484 3141 Sic
1522 3094 1638 3142 Bru.
1663 3094 1861 3143 Lnllem.
1881 3096 1942 3145 al.
1972 3113 2064 3162 pm
2097 3100 2238 3165 vulg.

1214 3192 1242 3214 α
1261 3172 1342 3220 Ad
1365 3171 1472 3220 hoee
1489 3194 1533 3222 a.
1561 3174 1622 3221 Bt
1641 3172 1744 3233 jam
1763 3175 1834 3223 eie
1851 3176 2019 3225 lamb.
2039 3180 2236 3227 Graevio

1214 3250 1458 3315 probante
1475 3286 1492 3315 ,
1533 3250 1792 3316 legendum
1817 3268 1920 3303 esse
1947 3257 2237 3319 coniecerat.

1208 3329 1259 3379 J.
1273 3330 1344 3377 V.
1371 3330 1428 3377 1..

1293 3408 1374 3457 15.
1403 3410 1462 3455 In
1485 3424 1649 3457 censu.
1683 3410 1822 3458 Boua
1854 3410 2072 3461 mulieris
2095 3412 2242 3475 huju·

1218 3488 1357 3552 quasi
1389 3498 1471 3535 tun
1499 3487 1550 3535 iu
1574 3504 1774 3538 censum
1799 3491 2024 3541 retulisti.
2053 3518 2124 3528 —
2149 3494 2242 3540 Do-

1219 3565 1455 3615 dicarint.
1482 3566 1703 3615 Verbum
1735 3570 1832 3618 hoe
1857 3571 1988 3619 idem
2013 3581 2155 3619 sonat
2184 3586 2242 3620 ιο

1217 3645 1510 3705 «indica-ti,
1543 3646 1823 3711 protulisti,
1852 3650 2100 3712 professus
2129 3666 2180 3698 ω
2197 3672 2240 3701 ¹».

1218 3730 1413 3775 Frustra
1436 3725 1520 3773 elii
1547 3740 1804 3775 correxere
1830 3749 1855 3770 ιι
1878 3727 2052 3777 dicanti
2070 3750 2093 3772 ι
2107 3764 2124 3793 ,
2160 3730 2244 3779 elii

1220 3804 1598 3866 «judicavistis--

1300 3886 1381 3933 16.
1425 3884 1718 3949 Repude‘aea.
1767 3885 1918 3949 Quod
1965 3889 2246 3954 Pergameni

1220 3964 1273 4012 iu
1300 3962 1489 4013 tabula
1515 3963 1735 4029 publiea:
1769 3964 2013 4016 bonorum
2037 3972 2252 4033 proscri-

1222 4044 1442 4109 ptionem
1467 4044 1644 4094 referre
1667 4057 1947 4096 renuerunt.
