2594 4537
273 277 409 384 55².
907 281 1004 347 M.
1057 280 1134 346 T.
1186 279 1767 349 CICERONIS

268 404 548 473 animos
569 400 896 496 judicum
917 394 948 440 ⁵
981 399 1129 468 suis
1155 399 1583 469 testimoniis
1602 419 1633 485 ,·
1654 413 1783 470 aut
1806 413 2089 496 gratum
2122 401 2411 498 populo

267 535 574 583 romano
607 511 736 600 sit,
787 523 912 580 aut
949 507 1042 578 ab
1091 531 1182 578 eo
1231 505 1507 580 facilius
1540 506 1643 580 ob
1680 533 1840 580 eam
1886 534 2177 582 causam
2196 507 2257 599 ὅ,
2296 509 2409 582 di·-

265 625 612 718 gnitatem
632 675 653 712 ,
703 643 926 718 quam
972 619 1230 690 volunt
1249 673 1268 706 ‚
1318 635 1885 716 consequantur.
1941 620 2409 712 Quibuscum

269 756 384 804 me
405 787 426 820 ,
465 732 780 828 judices,
820 744 1262 829 pugnantem
1297 753 1466 800 meo
1506 753 1710 801 more
1754 731 2064 828 pristino
2102 727 2265 804 non
2309 733 2411 802 vi·

264 841 572 914 debitis:
624 865 776 913 non
824 864 973 937 quo
1018 838 1196 910 mihi
1232 835 1339 910 fas
1390 839 1483 910 sit
1504 838 1925 938 quidquam
1942 853 1969 898 ⁷
2012 838 2407 938 defugere,

264 952 466 1049 quod
501 953 692 1024 salus
729 951 998 1023 Plancii
1036 949 1395 1049 postulet3
1448 948 1577 1020 sed
1616 955 1789 1047 quia
1831 975 2073 1048 neque
2106 975 2409 1022 necesse

263 1076 372 1133 est
389 1116 408 1149 ‚
447 1087 564 1134 me
596 1061 672 1134 id
709 1061 1050 1160 persequi
1084 1083 1263 1130 voce
1281 1113 1301 1146 ‚
1342 1059 1546 1156 quod
1589 1083 1719 1132 vos
1772 1075 2018 1132 mente
2060 1060 2405 1148 videatis;

262 1187 338 1244 et
367 1172 569 1270 quod
599 1175 700 1244 ita
723 1172 814 1244 de
847 1195 966 1242 me
991 1171 1232 1242 meriti
1255 1183 1427 1241 sunt
1458 1170 1561 1240 illi
1584 1171 1763 1267 ipsi,
1797 1196 1985 1270 quos
2016 1195 2155 1270 ego
2180 1187 2407 1246 testes

259 1281 472 1356 video
509 1298 796 1384 paratos
813 1337 834 1371 ,
887 1297 972 1354 ut
1007 1303 1262 1353 eorum
1300 1279 1941 1384 reprehensionem
1977 1306 2107 1354 vos
2146 1296 2407 1356 vestrae

259 1392 662 1489 prudentiae
729 1415 1092 1466 assumere
1117 1445 1138 1476 ‚
1199 1413 1377 1460 meae
1432 1389 1803 1462 modestiae
1853 1393 2224 1464 remittere
2274 1392 2403 1464 de-

258 1499 509 1574 beatis.
539 1501 728 1574 Illud
758 1525 994 1574 unum
1019 1523 1150 1572 vos
1181 1523 1629 1598 magnopere
1661 1525 1794 1572 oro
1824 1515 2043 1599 atque
2070 1500 2405 1590 obsecro,

251 1610 569 1708 judiceS‚
613 1637 842 1710 quum
871 1611 1092 1707 hujus
1113 1663 1134 1698 ,
1159 1633 1379 1708 quem
1410 1608 1764 1698 defende,
1798 1625 1971 1690 tum,
1990 1615 2405 1690 communis

258 1722 563 1819 periculi
601 1747 812 1796 causa
835 1777 854 1812 ,
887 1746 982 1793 ne
1016 1719 1205 1792 fictis
1243 1718 1773 1808 auditionibus,
1806 1747 1917 1800 ue.
1938 1722 2403 1797 disseminato

262 1831 736 1931 dispersoque
771 1833 1092 1906 sermoni
1120 1830 1452 1903 fortunas
1478 1833 1977 1905 innocentium
2002 1831 2399 1929 subjicien-

260 1941 387 2014 das
432 1946 718 2043 putetis.
759 1944 973 2016 Multi
1007 1944 1218 2016 amici
1263 1944 1739 2032 accusatoris,
1796 1945 2137 2016 nonnulli
2182 1947 2401 2018 etiam

256 2052 488 2122 nostri
521 2053 754 2150 iniqui
775 2049 832 2141 ⁸,
874 2051 1086 2124 multi
1123 2075 1549 2124 communes
1584 2052 2109 2128 obtrectatores
2124 2111 2145 2144 ,
2177 2071 2401 2154 atque

257 2162 587 2234 omnium
623 2162 848 2234 invidi
887 2163 1112 2234 multa
1159 2160 1549 2234 finxerunt.
1598 2163 1790 2235 Nihil
1828 2180 1939 2237 est
1970 2181 2219 2238 autem
2252 2181 2401 2239 tam

259 2274 552 2347 volucre
573 2330 594 2363 ,
644 2299 865 2372 quam
915 2272 1425 2362 maledictum3
1473 2274 1654 2345 nihil
1694 2274 1971 2349 facilius
2020 2280 2399 2367 emittitur,

255 2384 433 2455 nihil
494 2386 702 2457 citius
763 2388 1141 2483 excipi-tur,
1190 2382 1374 2455 nihil
1418 2384 1629 2455 latius
1684 2385 2091 2487 dissipatur.
2138 2392 2399 2487 Neque

257 2520 391 2593 ego
419 2550 438 2585 ,
477 2498 540 2566 si
574 2495 852 2567 fontem
882 2493 1242 2567 maledicti
1280 2496 1653 2593 reperietis
1672 2550 1692 2585 ,
1719 2513 1803 2570 ut
1836 2513 1963 2569 aut
1984 2498 2396 2597 neglig-affl,

255 2620 380 2677 aut
406 2604 864 2677 dissimuletis
881 2660 901 2691 ‚
929 2628 1276 2701 umquam
1306 2603 1716 2703 postulabo,
1754 2607 1926 2697 Sed,
1952 2606 2219 2706 siquid
2242 2614 2395 2681 sine

255 2718 490 2812 capite
543 2711 905 2803 manabit,
959 2728 1085 2785 aut
1135 2716 1194 2785 si
1253 2712 1433 2810 quid
1486 2716 1623 2786 erit
1670 2716 2065 2811 ejusmodi,
2109 2734 2197 2790 ut
2242 2744 2390 2791 non

257 2840 486 2901 exstet
535 2839 810 2913 auctor,
860 2824 990 2921 qui
1039 2821 1388 2910 audierit;
1436 2836 1563 2893 aut
1614 2827 1715 2896 ita
1768 2826 2143 2925 negligens
2188 2827 2395 2899 vobis

257 2959 410 3009 esse
450 2934 840 3025 videbitur,
878 2950 991 3025 ut,
1035 2932 1232 3005 unde
1275 2930 1617 3023 audierit,
1660 2934 1932 3008 oblitus
1962 2939 2091 3027 sit3
2133 2952 2263 3009 aut
2296 2940 2395 3009 ita

255 3047 487 3120 levem
545 3044 844 3119 habebit
897 3061 1266 3117 auctorem
1288 3095 1309 3130 ,
1366 3057 1451 3114 ut
1495 3051 1843 3118 memoria
1890 3046 2195 3145 dignum
2240 3073 2391 3121 non

255 3293 324 3341 eis
365 3292 588 3361 confidis.
627 3292 886 3341 navat-icus
924 3290 1076 3339 hahet
1126 3310 1148 3334 ι
1168 3289 1274 3339 hec
1364 3304 1655 3359 proponunt
1686 3304 1808 3343 «aut
1845 3309 1907 3342 eo
1949 3292 2141 3343 facilins
2178 3292 2391 3358 digniu-

254 3371 404 3419 habes
421 3394 464 3426 n.
495 3372 636 3420 Unus
659 3372 878 3421 Britann.
916 3384 1111 3436 «neque
1131 3380 1188 3419 tu
1206 3371 1276 3418 eis
1364 3382 1462 3421 tem
1480 3408 1494 3433 ,
1532 3389 1679 3438 quam
1712 3373 1913 3435 volunt,
1960 3384 2327 3439 consequantur
2346 3396 2387 3423 ι.

251 3448 460 3501 confidi·
477 3472 524 3501 n.
1269 3476 1276 3483 ·
1360 3452 1457 3503 Sed
1482 3454 1588 3501 sine
1606 3451 2013 3521 MSSanffragio.

323 3532 377 3580 5.
413 3532 646 3581 Boream
686 3530 874 3581 animos
903 3530 1133 3596 judicum
1177 3530 1275 3581 suis
1438 3550 1485 3595 ¹7.
1514 3532 1797 3599 Qm'dquam
1822 3531 2071 3599 defigere.
2109 3532 2192 3581 Sic
2216 3550 2245 3581 e
2274 3532 2391 3581 duo-

251 3610 550 3660 testimoniis.
560 3612 612 3659 ,Ὗ
613 3626 750 3659 ocem
764 3609 993 3675 judicum
1012 3626 1076 3658 ex
1104 3611 1274 3659 Erfur-
1363 3611 1454 3660 bus
1479 3611 1701 3661 Lambini
1726 3612 1878 3675 MSS,
1910 3622 1962 3661 et
1987 3611 2148 3661 tribus
2168 3612 2387 3661 Britann-

250 3692 376 3739 tonsi
390 3690 608 3741 additam
629 3700 788 3739 servat
805 3690 996 3756 egregio
1009 3690 1272 3740 anaricus
1362 3690 1461 3739 Alii
1480 3726 1496 3751 ‚
1526 3689 1759 3757 effingas.
1812 3709 1820 3718 ’
2068 3714 2075 3719 ·

253 3778 302 3815 et
323 3768 424 3817 dno
448 3770 730 3820 Britannici.
1434 3772 1485 3819 8.
1514 3769 1684 3819 Nostri
1718 3764 1893 3836 iniquiss
1926 3770 2039 3819 Jnm
2079 3786 2137 3818 en
2182 3770 2387 3818 formula

323 3848 376 3895 6.
411 3847 489 3895 Ab
518 3864 576 3897 eo
589 3846 798 3912 facilius
833 3848 895 3897 ob
919 3865 1031 3897 eam
1050 3865 1270 3897 causam.
1361 3865 1471 3914 cap.
1500 3850 1562 3897 ιδ
1592 3865 1709 3897 usus
1734 3860 1809 3898 est
1832 3848 2025 3900 Cicero.
2042 3848 2220 3913 Iniqui
2242 3848 2387 3912 longe

251 3924 441 3971 Primus
458 3928 648 3975 Franeii
671 3944 764 3975 «eo
789 3928 980 3977 facium
995 3952 1022 3973 n
1039 3966 1056 3993 ,
1094 3928 1150 3977 id
1171 3940 1272 3992 est,
1361 3928 1595 3977 urbanius
1620 3940 1671 3977 et
1692 3928 1886 3987 mitius,
1921 3928 2181 3992 minusque
2200 3928 2385 3977 videtur

255 4010 394 4048 tanto
424 4002 626 4053 [aenium
655 4006 947 4056 Garatonins
986 4018 1036 4056 et
1061 4008 1272 4058 Orellins
1362 4008 1648 4057 offensionis
1664 4006 1873 4067 habere,
1892 4022 2041 4072 quam
2062 4004 2266 4058 inimi-i.
