2594 4537
278 226 412 308 104
910 223 1006 290 M.
1060 223 1137 290 T.
1192 221 1750 292 CICERONIS

263 347 527 418 civium
551 363 1020 414 romanorum
1038 395 1058 430 ‚
1086 353 1159 412 et
1192 342 1268 411 in
1303 338 1752 412 beneficiis1⁴
1785 338 1878 410 ad
1907 341 2238 411 aerarium
2277 340 2404 412 de·

264 456 450 526 latus
488 467 597 525 est
630 475 671 522 a
707 454 787 521 L.
826 448 1133 521 Lucullo
1172 465 1479 548 praetore
1513 465 1588 522 et
1625 449 1940 522 consule.
1986 452 2250 541 Quaere
2279 461 2399 522 ai·-

263 579 643 664 gumenta,
699 564 761 634 si
803 587 945 661 qua
1000 576 1207 661 potes
1254 589 1271 630 z
1317 585 1716 660 numquam
1755 561 1948 632 enim
1992 559 2113 632 hic
2157 585 2400 660 neque

260 699 393 746 suo
412 670 474 724 1⁵
494 725 513 758 ‚
554 696 795 770 neque
836 672 1224 743 amicorum
1258 670 1535 768 judicio
1570 673 2003 743 revincetur.

356 787 478 854 VI.
515 785 806 874 Quaeres
842 806 885 853 a
919 780 1167 870 nobis»,
1198 783 1439 869 Grati,
1487 807 1618 853 cur
1659 795 2040 879 tantopere
2080 780 2226 852 hoc
2258 779 2398 852 ho·

260 893 961 966 mine-delectemur.
1004 895 1193 985 Quia
1230 893 1647 992 suppeditat
1681 890 1931 980 nobiS,
1970 889 2098 962 ubi
2139 906 2213 962 et
2237 890 2402 962 ani-

256 1030 419 1076 mus
459 1029 549 1076 ex
585 1002 725 1076 hoc
771 1002 1042 1075 forensi
1078 1006 1384 1102 strepitu
1426 1001 1812 1091 reficiatur,
1850 1015 1924 1073 et
1968 1025 2177 1073 aures
2219 1025 2398 1072 con-

256 1116 442 1186 vicio
475 1125 497 1156 ¹
568 1111 859 1184 defessae
926 1114 1468 1210 conquiescant.
1536 1116 1648 1184 An
1710 1129 1791 1185 tu
1856 1113 2218 1184 existimas
2273 1125 2402 1182 aut
2507 1141 2514 1144 ·

256 1239 645 1321 suppetere
691 1222 907 1294 nobis
947 1246 1195 1321 posse,
1243 1222 1448 1321 quod
1489 1223 1865 1322 quotidie²
1912 1221 2277 1308 dicamus,
2318 1223 2398 1292 in

256 1349 455 1405 tanta
501 1334 841 1406 varietate
892 1357 1139 1406 rerum
1164 1389 1183 1422 ,
1228 1336 1366 1406 nisi
1410 1338 1688 1405 animos
1733 1347 2019 1404 nostros
2067 1330 2400 1404 doctrina

258 1443 711 1533 excolamus;
744 1460 869 1517 aut
902 1443 1090 1517 ferre
1120 1447 1403 1517 animos
1435 1460 1706 1518 tantam
1744 1469 1955 1543 posse
1981 1447 2397 1517 contentio-

254 1577 422 1625 nem
441 1610 462 1644 ,
500 1557 637 1625 nisi
674 1578 801 1626 eos
840 1553 1169 1626 doctrina
1216 1557 1467 1628 eadem
1501 1555 1909 1627 relaxemus
1930 1551 1958 1598 ³
1982 1557 2012 1626 ?
2039 1561 2190 1652 Ego
2223 1580 2398 1628 vero

256 1661 510 1750 fateor,
558 1689 672 1735 me
716 1664 830 1735 his
874 1664 1127 1737 studiis
1178 1691 1334 1738 esse
1366 1664 1719 1738 deditum.
1761 1669 2057 1736 Ceteros
2090 1665 2399 1763 pudeat,
2461 1707 2478 1722 ·

258 1775 321 1844 si
366 1775 497 1869 qui
548 1774 649 1844 ita
704 1799 779 1845 se
824 1775 1047 1846 literis
1090 1774 1529 1847 abdiderunt
1554 1830 1573 1864 ,
1616 1790 1702 1847 ut
1750 1775 1933 1846 nihil
1983 1779 2266 1873 possint
2307 1799 2402 1846 ex

255 1883 375 1954 his
404 1906 645 1979 neque
686 1883 775 1954 ad
810 1909 1271 1957 communem
1313 1885 1573 1958 afferre
1613 1886 1932 1958 fructum
1952 1890 2008 1975 ⁴,
2048 1911 2290 1984 neque
2318 1887 2402 1956 in

258 1992 681 2090 adspectum
726 1993 1109 2094 lucemque
1159 1995 1507 2094 proferre.
1557 2001 1679 2068 Me
1736 2012 1980 2069 autem
2041 1996 2220 2095 quid
2265 2022 2406 2095 pu.-

257 2102 463 2191 deat‚
510 2105 639 2201 qui
682 2119 793 2176 tot
848 2129 1077 2177 annos
1120 2108 1218 2177 ita
1264 2107 1471 2193 vivo,
1507 2106 1827 2203 judices,
1867 2121 1951 2179 ut
1993 2105 2085 2178 ab
2127 2106 2404 2178 nullius

258 2371 406 2418 sectio
430 2370 610 2419 civium
628 2385 751 2418 rom.
772 2370 969 2435 propria
991 2381 1080 2419 est.
1112 2372 1283 2435 Itaque

258 2466 417 2513 neque
438 2459 777 2497 testamentum
805 2450 1061 2513 quiequam
1090 2450 1245 2499 faeere
1269 2485 1286 2512 ,

261 2544 421 2593 neque
446 2540 734 2579 testamento
759 2547 929 2595 cepere
952 2542 1171 2596 poterat,
1188 2531 1285 2579 nisi

260 2610 349 2674 qui
384 2608 507 2657 civis
542 2623 773 2657 romanus
804 2621 955 2669 essen
1002 2612 1284 2676 peregrinus

258 2703 362 2736 non
388 2696 597 2751 poterat.

335 2774 415 2821 ιζ.
462 2767 525 2813 In
574 2765 836 2834 beneficiis.
877 2768 1079 2817 Delatus
1118 2780 1192 2817 est
1230 2770 1284 2817 in

257 2844 445 2893 tabulas
465 2844 842 2911 publicas,quae
862 2849 913 2895 in
942 2850 1113 2899 aerario
1130 2864 1283 2897 amer-

256 2923 521 2984 vabantur,
556 2934 613 2973 nt
644 2926 731 2989 qui
757 2938 1021 2976 mereretur
1044 2925 1281 2976 beneficia

256 3003 429 3067 populi
464 3021 588 3055 rom.
623 3022 798 3071 nempe
831 3007 1045 3055 honores
1082 3018 1130 3055 et
1163 3008 1279 3056 vite

258 3096 563 3133 ornamenta.
602 3087 717 3135 Erat
752 3088 917 3151 inque
956 3102 1059 3134 non
1092 3086 1279 3135 emolu-

255 3173 473 3212 mentum
491 3198 507 3223 ,
542 3164 630 3213 sed
664 3182 827 3214 merus
858 3166 1021 3215 honor
1056 3176 1107 3213 et
1138 3180 1278 3213 com-

250 3241 505 3290 mendatio
530 3244 749 3291 virorum
772 3244 995 3303 illorum,
1024 3242 1156 3308 apud
1180 3259 1278 3309 po-

256 3320 453 3385 pulum,
484 3321 583 3369 illie
614 3323 870 3388 profatum
898 3323 977 3369 vel
1006 3322 1071 3369 nd
1096 3324 1280 3383 majore

260 3411 541 3449 ornamenta
578 3417 607 3449 a
645 3416 751 3466 rep.
788 3400 1129 3465 consequenda
1146 3434 1161 3461 ,
1199 3402 1281 3450 vel

254 3479 319 3527 ed
344 3480 557 3544 pericula
572 3514 588 3540 ,
610 3482 652 3528 ei
677 3496 787 3544 quoe
813 3481 1130 3542 exstitissent,
1160 3481 1278 3529 sub-

258 3556 480 3608 levanda.
502 3560 651 3611 Cous.
669 3560 975 3610 Gronovinm
988 3594 1002 3621 ,
1020 3559 1082 3609 de
1098 3552 1278 3609 Peeun.

256 3647 355 3685 vet.
373 3640 448 3685 111
464 3672 479 3697 ‚
508 3656 555 3700 7.

328 3719 408 3765 15.
436 3719 547 3766 Suo.
588 3720 717 3781 Quin
739 3719 835 3783 legi
862 3718 1126 3776 satisfecit,
1150 3728 1199 3767 et
1229 3734 1279 3767 se

253 3811 444 3859 temper
460 3796 615 3843 civem
633 3812 759 3845 rom.
775 3807 825 3844 et
841 3796 1091 3861 professus
1108 3808 1181 3845 eet
1194 3832 1209 3858 ,
1230 3810 1280 3847 et

251 3872 841 3939 egit—Amicorquui
848 3876 945 3923 hoc
956 3876 1086 3924 idem
1102 3887 1279 3926 testan-

220 3952 225 3957 ’
248 3966 331 4002 tm·
354 3967 403 4004 et
430 3971 541 4005 eum
570 3965 817 4019 nmquam
844 3956 997 4004 civem
1024 3956 1259 4005 habuere.

1442 2372 1534 2418 vl.
1569 2383 1616 2416 1.
1647 2365 1885 2416 Convicio.
1913 2364 2285 2416 causidicorum
2303 2367 2406 2419 ch-

1371 2450 1609 2499 moribus.

1445 2547 1496 2580 2.
1524 2528 1674 2595 Quod
1703 2525 1921 2593 quotidie
1955 2525 2191 2575 dieamus.
2218 2526 2405 2575 Nullus

1373 2610 1505 2659 enim
1534 2610 1635 2657 fem
1679 2607 1784 2656 dies
1809 2606 1930 2664 fuit,
1959 2620 2060 2669 quo
2086 2621 2192 2654 non
2217 2604 2408 2655 dixu-it

1369 2705 1466 2755 pro
1490 2704 1596 2737 reo.

1444 2771 1499 2819 3.
1543 2768 1850 2816 Belaaeemm.
1894 2764 2232 2814 amittamus.
2273 2765 2406 2813 Res-

1369 2848 1560 2914 pondet
1591 2848 1688 2894 hoc
1718 2844 1921 2892 verbum
1957 2844 2072 2892 voci
2109 2844 2358 2897 concentu>
2375 2864 2401 2903 ,-

1368 2940 1630 2993 utrumque
1657 2936 1818 2974 autem
1837 2924 1898 2971 ab
1921 2938 2038 2971 arcu
2055 2934 2293 2972 contento
2311 2936 2405 2973 ant

1367 3010 1566 3057 remisso
1591 3005 1654 3053 nd
1681 3004 1896 3053 animum
1913 3038 1930 3065 ‚
1961 3002 2041 3051 vel
2068 3018 2236 3051 omnes
2267 3004 2406 3052 vires

1367 3086 1698 3135 intendentem
1712 3116 1728 3141 ‚
1745 3081 1825 3131 vel
1845 3098 1897 3130 ee
1919 3092 2214 3130 recreantem
2236 3092 2406 3131 mne-

1365 3166 1520 3213 latum
1541 3174 1630 3214 eet.
1657 3165 1886 3216 Ceterum
1907 3180 2017 3229 quae
2036 3164 2118 3212 hic
2140 3166 2207 3214 ait
2229 3176 2404 3215 orator

1369 3244 1431 3292 de
1454 3243 1608 3291 literis
1633 3255 1750 3309 poet
1786 3244 1909 3293 elios
1938 3244 2130 3292 labores
2156 3254 2206 3293 et
2234 3244 2405 3292 dulei—

1367 3323 1461 3371 bus
1475 3332 1526 3370 et
1540 3322 1773 3383 jucundis
1789 3338 1842 3371 ea
1861 3322 1999 3371 hisee
2020 3322 2182 3371 verbis
2199 3338 2404 3388 expret-

1368 3403 1432 3451 eit
1464 3411 1638 3465 poete,
1661 3402 1772 3453 Ecl.
1803 3404 1874 3463 V,
1917 3403 1987 3459 45
2005 3418 2019 3450 :
2057 3401 2220 3451 «Tele
2255 3414 2404 3453 tunm

1371 3495 1564 3528 carmen
1597 3481 1745 3529 nobis
1759 3516 1774 3541 ‚
1814 3482 1982 3531 divine
2023 3494 2168 3547 poeta
2185 3518 2200 3541 ‚
2239 3485 2404 3547 Quale

1367 3575 1520 3623 sopor
1559 3560 1696 3608 sessis
1733 3560 1789 3609 in
1831 3560 2045 3624 gramine
2060 3594 2075 3621 ,
2120 3561 2264 3626 quale
2307 3580 2403 3629 per

1371 3649 1543 3687 testum
1568 3638 1740 3688 Dulcia
1769 3654 1908 3705 nquae
1929 3638 2132 3689 saliente
2158 3641 2289 3689 sitim
2317 3658 2403 3691 re·

1369 3720 1610 3781 stinguere
1635 3718 1744 3766 rivo
1765 3706 1816 3767 n.

1440 3804 1490 3852 4.
1519 3797 1606 3845 Ad
1625 3813 1926 3845 communem
1951 3796 2138 3863 affine
2147 3796 2399 3864 fructum.

1349 3878 1427 3923 'In
1449 3875 1606 3925 lucem
1628 3877 1850 3942 proferre
1872 3876 1940 3925 ed
1959 3892 2269 3927 communem
2293 3881 2402 3929 uti-

1369 3954 1551 4005 litatem
1567 3992 1582 4015 ,
1613 3959 1698 4021 qui
1719 3956 1966 4005 literarum
1991 3967 2064 4006 eet
2083 3956 2217 4009 finis.
