2594 4537
355 282 502 381 476
977 283 1074 351 M.
1117 283 1197 351 T.
1265 281 1852 351 CICERONIS

351 402 690 478 sacellum
715 456 736 490 ,
779 415 864 472 ut
887 401 1072 474 alius
1103 400 1393 490 fecerit,
1429 400 1563 472 tibi
1590 399 2095 472 tantummodo
2128 401 2227 472 sit
2250 399 2497 472 demo·

350 515 674 586 liendum
711 539 728 582 :
777 525 935 582 tum
969 509 1274 600 videbo,
1318 536 1495 583 num
1538 509 1715 581 mihi
1756 533 2047 581 necesse
2080 510 2176 580 sit
2206 509 2309 582 de
2346 510 2499 580 aliis

352 627 568 702 etiam
616 619 888 718 aliquid
945 619 1204 692 dicere.
1264 627 1532 693 Putant
1582 622 1781 692 enim
1835 620 2170 692 nonnulli
2218 620 2319 692 ad
2386 647 2499 692 me

351 731 716 830 pertinere
735 783 756 816 ‚
789 733 1424 802 armamentarium
1450 730 1789 802 Telluris²
1816 732 2115 828 aperire.
2152 731 2501 830 Nuperid

351 843 667 939 patuisse
699 840 980 929 dicunt,
1018 857 1092 912 et
1125 865 1262 936 ego
1292 841 1661 913 recordor.
1712 845 1925 914 Nunc
1970 841 2499 912 sanctissimam

351 964 632 1048 partem
689 975 772 1022 ac
819 950 1066 1024 sedem
1119 955 1443 1023 maximae
1492 951 1859 1049 religionis
1903 952 2186 1048 privato
2238 950 2499 1023 dicunt

355 1057 712 1132 vestibulo
765 1063 1144 1134 contineri.
1197 1062 1433 1133 Multa
1470 1084 1591 1134 me
1640 1076 1940 1138 movent
1980 1089 1999 1141 τ,
2050 1061 2265 1157 quod
2314 1061 2497 1132 aedes

352 1169 656 1242 Telluris
685 1185 798 1242 est
828 1173 1218 1243 curationis
1253 1196 1465 1261 meae3
1508 1169 1714 1269 quod
1752 1174 1847 1258 is,
1884 1171 2012 1267 qui
2045 1169 2229 1240 illud
2272 1195 2495 1241 arma—

354 1283 787 1356 mentarium
823 1279 1201 1368 sustulit³‚
1245 1307 1482 1353 meam
1513 1280 1821 1362 domum
1848 1277 2283 1379 pontificum
2311 1279 2491 1377 judi·

353 1394 466 1463 cio
517 1390 922 1480 liberatam,
951 1465 956 1474 ,
983 1390 1382 1464 secundum
1434 1389 1727 1472 fi'atrem
1751 1393 1783 1442 ⁴
1840 1414 2053 1462 suum
2094 1388 2489 1484 judicatam

353 1525 506 1574 esse
540 1501 846 1574 dicebat.
880 1507 1128 1575 Movet
1153 1527 1270 1574 me
1304 1504 1517 1574 etiam
1555 1505 1631 1572 in
1667 1499 1802 1572 hac
1830 1501 2121 1572 caritate
2149 1523 2489 1585 annonae,

353 1611 729 1684 sterilitate
779 1637 1157 1710 agrorum,
1197 1614 1447 1710 inopia
1484 1611 1818 1710 frngum,
1866 1610 2119 1707 religio
2144 1609 2487 1694 TelluriS,

354 1738 430 1792 et
481 1745 570 1792 eo
609 1725 868 1818 magi5‚
908 1721 1111 1820 quod
1151 1721 1412 1795 eodem
1464 1736 1755 1794 ostento
1798 1721 2063 1792 Telluri
2100 1721 2489 1818 postulatio

356 1829 604 1904 deberi
644 1831 928 1902 dicitur.
965 1835 1226 1904 Vetera
1257 1829 1555 1902 fortasse
1588 1829 2005 1926 loquimur:
2046 1850 2489 1925 quamquam

355 1940 498 2012 hoc
511 1942 574 2012 si
589 1943 830 2013 minus
846 1942 1036 2013 civili
1049 1944 1214 2038 jure
1238 1945 1724 2040 perscriptum
1758 1953 1889 2027 est,
1902 1937 2059 2034 lege
2090 1951 2339 2010 tamen
2376 1961 2489 2007 na-

355 2065 534 2130 turae
559 2105 582 2138 ‚
615 2053 984 2124 communi
1013 2053 1178 2147 jure
1218 2053 1545 2148 gentium
1588 2050 1942 2120 sancitum
1996 2060 2141 2132 est,
2196 2061 2287 2117 ut
2316 2046 2487 2118 nihil

349 2162 691 2234 mortales
732 2187 776 2233 a
806 2163 942 2234 diis
972 2160 1505 2233 immortalibus
1540 2185 1677 2232 usu
1724 2182 1980 2256 capere
2014 2159 2320 2255 possint.

448 2276 606 2346 XV.
650 2278 1168 2349 Verumtamen
1207 2273 1502 2368 antiqua
1540 2267 1967 2367 negligimus
2004 2295 2020 2338 :
2060 2270 2383 2339 etiamne
2414 2290 2486 2343 ea

351 2382 832 2479 negligemus»,
873 2407 1036 2479 quae
1061 2380 1252 2453 fiunt
1277 2365 1509 2479 quum
1532 2381 1897 2451 maxime?
1927 2403 2099 2476 quae-
2114 2378 2487 2449 videmus?

349 2496 428 2562 L,
473 2492 844 2579 Pisonem,
880 2493 1046 2588 quis
1075 2495 1337 2581 nescit,
1369 2492 1482 2563 his
1517 2492 1686 2589 ipsis
1720 2488 2211 2587 temporihuS,
2260 2489 2485 2559 maxi-

349 2624 550 2677 mum
589 2614 662 2671 et
699 2602 1222 2673 sanctissimum
1258 2604 1507 2673 Dianae
1556 2600 1899 2672 sacellum
1948 2602 2025 2671 in
2049 2608 2073 2643 ¹
2132 2596 2485 2672 Coeliculo

353 2710 765 2783 sustulisse?
803 2709 1068 2782 adsunt
1103 2714 1321 2783 vicini
1358 2712 1515 2807 ejus
1573 2710 1754 2801 loci3
1798 2708 2011 2793 multi
2062 2723 2240 2781 sunt
2274 2711 2484 2781 etiam

347 2984 418 3032 mi
445 2984 596 3048 (anno
623 2982 874 3046 superiore
913 2998 1069 3051 quum
1103 2991 1260 3031 ensem
1285 2980 1373 3029 de·

346 3063 544 3127 signati)
573 3062 634 3111 de
665 3063 758 3113 hac
793 3062 946 3113 domo
977 3062 1262 3111 senteutiam
1291 3060 1371 3107 di-

347 3143 521 3201 xistis,
549 3153 600 3191 et
643 3158 750 3191 eam
797 3143 1034 3207 religione
1073 3142 1210 3190 omui
1243 3138 1373 3187 libe·

347 3223 508 3271 rastis.

415 3316 466 3349 a.
494 3299 796 3350 Annamem.
832 3300 1049 3349 Telluris.
1074 3298 1233 3347 Multa
1259 3295 1367 3345 fue·

347 3390 464 3433 mut
489 3381 853 3429 armamentaria
878 3382 1070 3428 Rome.
1094 3376 1367 3428 Herodian.

272 3472 285 3481 “
344 3459 439 3509 lib.
459 3460 559 3507 ‘VII
579 3474 593 3508 :
615 3457 717 3522 Τάς
747 3479 802 3513 τι
830 3456 927 3531 γὰρ
959 3453 1209 3528 δημοσίας
1238 3457 1371 3509 ἀπο-

342 3538 494 3599 θήκας
531 3545 628 3590 τῶν
657 3536 820 3591 ὅπλων
838 3577 855 3604 ,
886 3538 1056 3599 εἴπαις
1083 3532 1211 3592 ἦσαν
1249 3538 1369 3605 πρὸς

339 3616 546 3690 πομπὴν
566 3620 778 3686 μᾶλλον,
803 3618 836 3675 ἢ
869 3616 1033 3689 μάχην
1062 3610 1368 3682 lunt-&uoq

342 3697 729 3771 ἀναῤῥήξαντοὺς
757 3698 925 3765 ὄχλους
947 3696 1191 3754 latuimu-
1208 3697 1370 3745 Vertit

341 3778 642 3828 Politianus:
690 3798 714 3821 α
740 3778 940 3842 Quippe
981 3777 1128 3839 jussis
1170 3776 1369 3841 effringi

341 3856 554 3920 publicis
606 3856 986 3903 armamentariis
1012 3890 1026 3913 ,
1083 3856 1137 3902 in
1189 3855 1367 3919 quibus

346 3948 538 3996 pompe
562 3935 714 3997 magis
729 3934 1062 3995 instrumenta,
1079 3950 1226 3998 quam
1250 3934 1367 3983 belli

345 4010 772 4069 asservabantur-»3
807 4012 903 4060 hoc
945 4023 1017 4061 cst
1039 4049 1055 4074 ‚
1099 4012 1150 4061 in
1189 4013 1367 4077 quibus

1458 2996 1589 3029 arma
1616 2992 1753 3029 erant
1772 3014 1787 3040 ,
1812 2994 1924 3044 qun
1958 2978 2115 3042 mgis
2150 2978 2483 3027 inserviebant

1458 3059 1758 3109 solemnibus
1788 3057 1984 3123 pompis
1998 3094 2015 3120 ,
2047 3058 2101 3104 in
2140 3056 2329 3121 quibus
2362 3059 2483 3104 dve-

1458 3140 1629 3189 armati
1654 3136 1910 3205 pyrrichas
1934 3132 2193 3197 saltabant,
2219 3152 2371 3200 quam
2394 3135 2483 3183 hel-

1456 3220 1533 3269 lis.
1553 3218 1673 3267 Tale
1708 3218 1852 3267 etium
1879 3216 2025 3264 fuisse
2060 3216 2477 3264 manenter-iun

1456 3297 1520 3346 ad
1537 3296 1745 3346 Telluris
1776 3296 1931 3345 edem
1948 3330 1965 3355 ‚
2000 3296 2055 3342 iu
2080 3294 2189 3343 solo
2220 3295 2269 3342 ei
2294 3306 2475 3343 nmio

1458 3375 1617 3425 dnm.
1650 3380 1760 3427 Hoc
1784 3374 2211 3424 armamentarium
2234 3373 2335 3423 fuit
2362 3388 2469 3421 eou-

1457 3473 1649 3505 versum
1669 3459 1719 3504 iu
1739 3455 2031 3504 vestibulum
2058 3452 2235 3501 domus
2260 3452 2472 3517 private.

1531 3538 1579 3584 3.
1605 3535 1756 3601 Quod
1784 3533 1855 3592 is,
1890 3532 1981 3598 qm‘
2004 3530 2133 3581 illud
2150 3542 2473 3579 armenta·

1458 3614 1583 3663 rium
1598 3612 1811 3662 sustulit.
1822 3614 1922 3681 Ap.
1936 3610 2195 3669 Claudium
2216 3610 2473 3665 Pulchr-mn

1457 3697 1513 3743 P.
1537 3692 1699 3744 clodii
1721 3693 1918 3755 fratrem
1950 3704 2233 3755 germanum
2262 3688 2472 3751 intelligo

1454 3790 1517 3823 ex
1539 3790 1617 3839 ep.
1645 3788 1673 3821 a
1694 3806 1710 3832 ,
1746 3771 1835 3820 lib.
1862 3774 1954 3829 lv,
1976 3770 2039 3817 ad
2057 3771 2163 3821 Att.

1528 3862 1577 3909 4.
1616 3851 1887 3900 Secundum
1912 3847 2150 3917 [mtrem.
2200 3848 2352 3895 Fratri
2392 3862 2471 3894 suo

1455 3932 1797 3993 adjudicatam.

1525 4013 1639 4059 XV.
1668 4025 1711 4057 1.
1739 4011 1798 4057 In
1816 4005 2059 4059 Coeliczdo.
2083 4006 2287 4055 Rectius
2308 4004 2469 4055 scribi·
