<?xml version="1.0" encoding="UTF-8"?>
<!DOCTYPE html PUBLIC "-//W3C//DTD XHTML 1.0 Transitional//EN"
    "http://www.w3.org/TR/xhtml1/DTD/xhtml1-transitional.dtd">
<html xmlns="http://www.w3.org/1999/xhtml" xml:lang="en" lang="en">
 <head>
  <title>
</title>
<meta http-equiv="Content-Type" content="text/html;charset=utf-8" />
  <meta name='ocr-system' content='tesseract 3.04.00' />
  <meta name='ocr-capabilities' content='ocr_page ocr_carea ocr_par ocr_line ocrx_word'/>
</head>
<body>
  <div class='ocr_page' id='page_1' title='image "./mtciceronisquae05lemagoog_0391.png"; bbox 0 0 2594 4537; ppageno 0'>
   <div class='ocr_carea' id='block_1_1' title="bbox 597 304 2301 417">
    <p class='ocr_par' dir='ltr' id='par_1_1' title="bbox 597 304 2301 417">
     <span class='ocr_line' id='line_1_1' title="bbox 597 304 2301 417; baseline 0.004 -33"><span class='ocrx_word' id='word_1_1' title='bbox 597 304 981 384; x_wconf 74' lang='grc' dir='ltr'><strong>ῡΒΑΤιο</strong></span> <span class='ocrx_word' id='word_1_2' title='bbox 1032 308 1239 383; x_wconf 75' lang='lat' dir='ltr'>pno</span> <span class='ocrx_word' id='word_1_3' title='bbox 1291 313 1600 384; x_wconf 81' lang='lat' dir='ltr'>DoMo</span> <span class='ocrx_word' id='word_1_4' title='bbox 1650 316 1871 386; x_wconf 78' lang='lat' dir='ltr'>suA.</span> <span class='ocrx_word' id='word_1_5' title='bbox 2162 318 2301 417; x_wconf 81' lang='lat'>387</span> 
     </span>
    </p>
   </div>
   <div class='ocr_carea' id='block_1_2' title="bbox 133 435 2320 2960">
    <p class='ocr_par' dir='ltr' id='par_1_2' title="bbox 133 435 2320 2960">
     <span class='ocr_line' id='line_1_2' title="bbox 133 435 2305 543; baseline 0.002 -32"><span class='ocrx_word' id='word_1_6' title='bbox 133 452 424 541; x_wconf 74' lang='lat' dir='ltr'>posses</span> <span class='ocrx_word' id='word_1_7' title='bbox 459 436 842 509; x_wconf 82' lang='lat' dir='ltr'>extrudere</span> <span class='ocrx_word' id='word_1_8' title='bbox 879 435 969 507; x_wconf 90' lang='lat' dir='ltr'>ad</span> <span class='ocrx_word' id='word_1_9' title='bbox 1014 439 1355 535; x_wconf 80' lang='lat' dir='ltr'>Cypriam</span> <span class='ocrx_word' id='word_1_10' title='bbox 1398 444 1781 535; x_wconf 88' lang='lat' dir='ltr'>pecuniam</span> <span class='ocrx_word' id='word_1_11' title='bbox 1800 450 1854 509; x_wconf 72' lang='lat'>².</span> <span class='ocrx_word' id='word_1_12' title='bbox 1906 440 2145 513; x_wconf 83' lang='lat' dir='ltr'>Praeda</span> <span class='ocrx_word' id='word_1_13' title='bbox 2180 468 2305 543; x_wconf 85' lang='lat' dir='ltr'>pe-</span> 
     </span>
     <span class='ocr_line' id='line_1_3' title="bbox 135 546 2301 637; baseline 0.002 -16"><span class='ocrx_word' id='word_1_14' title='bbox 135 546 469 637; x_wconf 74' lang='lat' dir='ltr'>rierit33</span> <span class='ocrx_word' id='word_1_15' title='bbox 533 547 666 619; x_wconf 87' lang='lat' dir='ltr'>alia</span> <span class='ocrx_word' id='word_1_16' title='bbox 723 572 872 618; x_wconf 91' lang='lat' dir='ltr'>non</span> <span class='ocrx_word' id='word_1_17' title='bbox 933 546 1206 619; x_wconf 87' lang='lat' dir='ltr'>deerit:</span> <span class='ocrx_word' id='word_1_18' title='bbox 1249 547 1450 620; x_wconf 89' lang='lat' dir='ltr'>hunc</span> <span class='ocrx_word' id='word_1_19' title='bbox 1494 549 1715 621; x_wconf 89' lang='lat' dir='ltr'>modo</span> <span class='ocrx_word' id='word_1_20' title='bbox 1772 552 2301 625; x_wconf 80' lang='lat' dir='ltr'>amandandum</span> 
     </span>
     <span class='ocr_line' id='line_1_4' title="bbox 140 660 2307 763; baseline 0 -28"><span class='ocrx_word' id='word_1_21' title='bbox 140 665 397 735; x_wconf 46' lang='lat' dir='ltr'>esse&amp;</span> <span class='ocrx_word' id='word_1_22' title='bbox 439 660 552 732; x_wconf 89' lang='lat' dir='ltr'>Sic</span> <span class='ocrx_word' id='word_1_23' title='bbox 578 664 676 730; x_wconf 89' lang='lat' dir='ltr'>M.</span> <span class='ocrx_word' id='word_1_24' title='bbox 707 664 887 731; x_wconf 87' lang='lat' dir='ltr'>Cato</span> <span class='ocrx_word' id='word_1_25' title='bbox 923 660 1194 730; x_wconf 86' lang='lat' dir='ltr'>invisus</span> <span class='ocrx_word' id='word_1_26' title='bbox 1213 712 1233 747; x_wconf 94' lang='lat'>,</span> <span class='ocrx_word' id='word_1_27' title='bbox 1265 664 1469 755; x_wconf 88' lang='lat' dir='ltr'>quasi</span> <span class='ocrx_word' id='word_1_28' title='bbox 1508 685 1639 758; x_wconf 90' lang='lat' dir='ltr'>per</span> <span class='ocrx_word' id='word_1_29' title='bbox 1663 660 2096 734; x_wconf 85' lang='lat' dir='ltr'>beneficium</span> <span class='ocrx_word' id='word_1_30' title='bbox 2120 720 2141 753; x_wconf 86' lang='lat'>,</span> <span class='ocrx_word' id='word_1_31' title='bbox 2172 668 2307 763; x_wconf 82' lang='lat' dir='ltr'>Cy-</span> 
     </span>
     <span class='ocr_line' id='line_1_5' title="bbox 141 760 2302 871; baseline 0.001 -29"><span class='ocrx_word' id='word_1_32' title='bbox 141 796 392 870; x_wconf 88' lang='lat' dir='ltr'>prum</span> <span class='ocrx_word' id='word_1_33' title='bbox 429 768 790 866; x_wconf 76' lang='lat' dir='ltr'>relegatur</span> <span class='ocrx_word' id='word_1_34' title='bbox 809 766 860 837; x_wconf 85' lang='lat'>⁵.</span> <span class='ocrx_word' id='word_1_35' title='bbox 901 767 1309 863; x_wconf 90' lang='lat' dir='ltr'>Ejiciuntur</span> <span class='ocrx_word' id='word_1_36' title='bbox 1352 768 1498 839; x_wconf 91' lang='lat' dir='ltr'>duo</span> <span class='ocrx_word' id='word_1_37' title='bbox 1518 766 1577 859; x_wconf 76' lang='lat'>⁶,</span> <span class='ocrx_word' id='word_1_38' title='bbox 1622 760 1809 867; x_wconf 82' lang='lat' dir='ltr'>quos</span> <span class='ocrx_word' id='word_1_39' title='bbox 1846 772 2165 871; x_wconf 85' lang='lat' dir='ltr'>improbi</span> <span class='ocrx_word' id='word_1_40' title='bbox 2198 775 2302 845; x_wconf 85' lang='lat' dir='ltr'>vi·</span> 
     </span>
     <span class='ocr_line' id='line_1_6' title="bbox 143 876 2304 980; baseline 0 -26"><span class='ocrx_word' id='word_1_41' title='bbox 143 882 346 954; x_wconf 87' lang='lat' dir='ltr'>dere</span> <span class='ocrx_word' id='word_1_42' title='bbox 385 896 534 951; x_wconf 85' lang='lat' dir='ltr'>non</span> <span class='ocrx_word' id='word_1_43' title='bbox 571 892 950 979; x_wconf 86' lang='lat' dir='ltr'>poterant:</span> <span class='ocrx_word' id='word_1_44' title='bbox 981 876 1162 949; x_wconf 88' lang='lat' dir='ltr'>alter</span> <span class='ocrx_word' id='word_1_45' title='bbox 1195 896 1329 977; x_wconf 88' lang='lat' dir='ltr'>per</span> <span class='ocrx_word' id='word_1_46' title='bbox 1366 877 1727 951; x_wconf 87' lang='lat' dir='ltr'>honorem</span> <span class='ocrx_word' id='word_1_47' title='bbox 1764 884 2304 980; x_wconf 87' lang='lat' dir='ltr'>turpissimum;</span> 
     </span>
     <span class='ocr_line' id='line_1_7' title="bbox 145 988 2306 1089; baseline 0.001 -26"><span class='ocrx_word' id='word_1_48' title='bbox 145 993 354 1063; x_wconf 83' lang='lat' dir='ltr'>alter</span> <span class='ocrx_word' id='word_1_49' title='bbox 389 1013 523 1089; x_wconf 91' lang='lat' dir='ltr'>per</span> <span class='ocrx_word' id='word_1_50' title='bbox 555 988 1131 1060; x_wconf 79' lang='lat' dir='ltr'>honestissimam</span> <span class='ocrx_word' id='word_1_51' title='bbox 1169 988 1662 1061; x_wconf 85' lang='lat' dir='ltr'>calamitatem.</span> <span class='ocrx_word' id='word_1_52' title='bbox 1700 994 1974 1087; x_wconf 87' lang='lat' dir='ltr'>Atque,</span> <span class='ocrx_word' id='word_1_53' title='bbox 2008 1007 2092 1064; x_wconf 90' lang='lat' dir='ltr'>ut</span> <span class='ocrx_word' id='word_1_54' title='bbox 2129 998 2306 1065; x_wconf 89' lang='lat' dir='ltr'>scia-</span> 
     </span>
     <span class='ocr_line' id='line_1_8' title="bbox 147 1098 2313 1189; baseline 0 -15"><span class='ocrx_word' id='word_1_55' title='bbox 147 1105 260 1174; x_wconf 88' lang='lat' dir='ltr'>tis</span> <span class='ocrx_word' id='word_1_56' title='bbox 277 1156 298 1189; x_wconf 96' lang='lat'>,</span> <span class='ocrx_word' id='word_1_57' title='bbox 331 1126 484 1172; x_wconf 88' lang='lat' dir='ltr'>non</span> <span class='ocrx_word' id='word_1_58' title='bbox 513 1098 934 1171; x_wconf 88' lang='lat' dir='ltr'>hominibus</span> <span class='ocrx_word' id='word_1_59' title='bbox 960 1100 1179 1170; x_wconf 89' lang='lat' dir='ltr'>istum</span> <span class='ocrx_word' id='word_1_60' title='bbox 1198 1153 1217 1188; x_wconf 92' lang='lat'>,</span> <span class='ocrx_word' id='word_1_61' title='bbox 1247 1098 1373 1170; x_wconf 89' lang='lat' dir='ltr'>sed</span> <span class='ocrx_word' id='word_1_62' title='bbox 1405 1098 1791 1171; x_wconf 87' lang='lat' dir='ltr'>virtutibus</span> <span class='ocrx_word' id='word_1_63' title='bbox 1818 1101 2105 1175; x_wconf 86' lang='lat' dir='ltr'>hostem</span> <span class='ocrx_word' id='word_1_64' title='bbox 2132 1130 2313 1177; x_wconf 88' lang='lat' dir='ltr'>sem·</span> 
     </span>
     <span class='ocr_line' id='line_1_9' title="bbox 149 1207 2309 1312; baseline 0.001 -29"><span class='ocrx_word' id='word_1_65' title='bbox 149 1232 304 1312; x_wconf 90' lang='lat' dir='ltr'>per</span> <span class='ocrx_word' id='word_1_66' title='bbox 344 1208 608 1283; x_wconf 80' lang='lat' dir='ltr'>fuisse:</span> <span class='ocrx_word' id='word_1_67' title='bbox 667 1232 784 1280; x_wconf 89' lang='lat' dir='ltr'>me</span> <span class='ocrx_word' id='word_1_68' title='bbox 834 1207 1175 1306; x_wconf 82' lang='lat' dir='ltr'>expulso,</span> <span class='ocrx_word' id='word_1_69' title='bbox 1231 1214 1504 1281; x_wconf 86' lang='lat' dir='ltr'>Catone</span> <span class='ocrx_word' id='word_1_70' title='bbox 1554 1210 1977 1299; x_wconf 75' lang='lat' dir='ltr'>amandam,</span> <span class='ocrx_word' id='word_1_71' title='bbox 2025 1215 2101 1284; x_wconf 90' lang='lat' dir='ltr'>in</span> <span class='ocrx_word' id='word_1_72' title='bbox 2139 1240 2309 1286; x_wconf 85' lang='lat' dir='ltr'>eu1n</span> 
     </span>
     <span class='ocr_line' id='line_1_10' title="bbox 151 1320 2313 1423; baseline -0 -28"><span class='ocrx_word' id='word_1_73' title='bbox 151 1328 417 1423; x_wconf 89' lang='lat' dir='ltr'>ipsum</span> <span class='ocrx_word' id='word_1_74' title='bbox 467 1345 544 1391; x_wconf 88' lang='lat' dir='ltr'>se</span> <span class='ocrx_word' id='word_1_75' title='bbox 579 1321 978 1407; x_wconf 85' lang='lat' dir='ltr'>convertit,</span> <span class='ocrx_word' id='word_1_76' title='bbox 1029 1344 1180 1415; x_wconf 91' lang='lat' dir='ltr'>quo</span> <span class='ocrx_word' id='word_1_77' title='bbox 1235 1334 1569 1407; x_wconf 85' lang='lat' dir='ltr'>auctore,</span> <span class='ocrx_word' id='word_1_78' title='bbox 1622 1345 1775 1417; x_wconf 89' lang='lat' dir='ltr'>quo</span> <span class='ocrx_word' id='word_1_79' title='bbox 1826 1320 2195 1415; x_wconf 84' lang='lat' dir='ltr'>adjutore,</span> <span class='ocrx_word' id='word_1_80' title='bbox 2236 1327 2313 1394; x_wconf 88' lang='lat' dir='ltr'>in</span> 
     </span>
     <span class='ocr_line' id='line_1_11' title="bbox 155 1428 2311 1531; baseline 0 -25"><span class='ocrx_word' id='word_1_81' title='bbox 155 1428 652 1505; x_wconf 83' lang='lat' dir='ltr'>concionibus</span> <span class='ocrx_word' id='word_1_82' title='bbox 674 1484 694 1518; x_wconf 96' lang='lat'>,</span> <span class='ocrx_word' id='word_1_83' title='bbox 741 1454 820 1501; x_wconf 91' lang='lat' dir='ltr'>ea</span> <span class='ocrx_word' id='word_1_84' title='bbox 840 1484 859 1518; x_wconf 92' lang='lat'>,</span> <span class='ocrx_word' id='word_1_85' title='bbox 900 1454 1064 1527; x_wconf 83' lang='lat' dir='ltr'>quoe</span> <span class='ocrx_word' id='word_1_86' title='bbox 1099 1428 1395 1527; x_wconf 85' lang='lat' dir='ltr'>gerebat</span> <span class='ocrx_word' id='word_1_87' title='bbox 1414 1485 1434 1519; x_wconf 96' lang='lat'>,</span> <span class='ocrx_word' id='word_1_88' title='bbox 1484 1434 1725 1502; x_wconf 88' lang='lat' dir='ltr'>omnia</span> <span class='ocrx_word' id='word_1_89' title='bbox 1746 1486 1767 1519; x_wconf 89' lang='lat'>,</span> <span class='ocrx_word' id='word_1_90' title='bbox 1814 1456 2121 1529; x_wconf 83' lang='lat' dir='ltr'>quaeque</span> <span class='ocrx_word' id='word_1_91' title='bbox 2157 1460 2311 1531; x_wconf 87' lang='lat' dir='ltr'>ges-</span> 
     </span>
     <span class='ocr_line' id='line_1_12' title="bbox 157 1536 2315 1640; baseline 0 -26"><span class='ocrx_word' id='word_1_92' title='bbox 157 1556 413 1630; x_wconf 84' lang='lat' dir='ltr'>serat,</span> <span class='ocrx_word' id='word_1_93' title='bbox 452 1565 526 1611; x_wconf 89' lang='lat' dir='ltr'>se</span> <span class='ocrx_word' id='word_1_94' title='bbox 563 1538 854 1626; x_wconf 85' lang='lat' dir='ltr'>fecisse,</span> <span class='ocrx_word' id='word_1_95' title='bbox 906 1553 979 1610; x_wconf 91' lang='lat' dir='ltr'>et</span> <span class='ocrx_word' id='word_1_96' title='bbox 1026 1536 1262 1611; x_wconf 80' lang='lat' dir='ltr'>facere</span> <span class='ocrx_word' id='word_1_97' title='bbox 1314 1539 1621 1612; x_wconf 87' lang='lat' dir='ltr'>dicebat.</span> <span class='ocrx_word' id='word_1_98' title='bbox 1672 1546 1802 1613; x_wconf 91' lang='lat' dir='ltr'>Cn.</span> <span class='ocrx_word' id='word_1_99' title='bbox 1842 1546 2315 1640; x_wconf 84' lang='lat' dir='ltr'>Pompeium,</span> 
     </span>
     <span class='ocr_line' id='line_1_13' title="bbox 159 1647 2315 1752; baseline 0.001 -28"><span class='ocrx_word' id='word_1_100' title='bbox 159 1676 400 1752; x_wconf 88' lang='lat' dir='ltr'>quem</span> <span class='ocrx_word' id='word_1_101' title='bbox 436 1654 764 1723; x_wconf 87' lang='lat' dir='ltr'>omnium</span> <span class='ocrx_word' id='word_1_102' title='bbox 805 1647 1080 1743; x_wconf 82' lang='lat' dir='ltr'>judicio</span> <span class='ocrx_word' id='word_1_103' title='bbox 1117 1648 1333 1747; x_wconf 87' lang='lat' dir='ltr'>longe</span> <span class='ocrx_word' id='word_1_104' title='bbox 1368 1652 1772 1751; x_wconf 87' lang='lat' dir='ltr'>principem</span> <span class='ocrx_word' id='word_1_105' title='bbox 1814 1676 1968 1725; x_wconf 90' lang='lat' dir='ltr'>esse</span> <span class='ocrx_word' id='word_1_106' title='bbox 2012 1655 2315 1727; x_wconf 87' lang='lat' dir='ltr'>civitatis</span> 
     </span>
     <span class='ocr_line' id='line_1_14' title="bbox 157 1756 2313 1851; baseline 0.001 -19"><span class='ocrx_word' id='word_1_107' title='bbox 157 1762 505 1851; x_wconf 84' lang='lat' dir='ltr'>videbat,</span> <span class='ocrx_word' id='word_1_108' title='bbox 560 1760 829 1832; x_wconf 86' lang='lat' dir='ltr'>diutius</span> <span class='ocrx_word' id='word_1_109' title='bbox 877 1756 1105 1829; x_wconf 85' lang='lat' dir='ltr'>furori</span> <span class='ocrx_word' id='word_1_110' title='bbox 1141 1784 1276 1831; x_wconf 88' lang='lat' dir='ltr'>suo</span> <span class='ocrx_word' id='word_1_111' title='bbox 1314 1764 1596 1833; x_wconf 78' lang='lat' dir='ltr'>veniam</span> <span class='ocrx_word' id='word_1_112' title='bbox 1638 1762 1976 1835; x_wconf 87' lang='lat' dir='ltr'>daturum</span> <span class='ocrx_word' id='word_1_113' title='bbox 2014 1790 2168 1835; x_wconf 89' lang='lat' dir='ltr'>non</span> <span class='ocrx_word' id='word_1_114' title='bbox 2204 1790 2313 1835; x_wconf 84' lang='lat' dir='ltr'>ar·</span> 
     </span>
     <span class='ocr_line' id='line_1_15' title="bbox 159 1862 2318 1975; baseline 0.002 -30"><span class='ocrx_word' id='word_1_115' title='bbox 159 1872 604 1946; x_wconf 87' lang='lat' dir='ltr'>bitrabatur.</span> <span class='ocrx_word' id='word_1_116' title='bbox 655 1862 800 1961; x_wconf 85' lang='lat' dir='ltr'>Qui</span> <span class='ocrx_word' id='word_1_117' title='bbox 845 1893 934 1940; x_wconf 86' lang='lat' dir='ltr'>ex</span> <span class='ocrx_word' id='word_1_118' title='bbox 971 1870 1126 1966; x_wconf 81' lang='lat' dir='ltr'>ejus</span> <span class='ocrx_word' id='word_1_119' title='bbox 1171 1871 1533 1956; x_wconf 84' lang='lat' dir='ltr'>custodia,</span> <span class='ocrx_word' id='word_1_120' title='bbox 1577 1897 1709 1969; x_wconf 88' lang='lat' dir='ltr'>per</span> <span class='ocrx_word' id='word_1_121' title='bbox 1754 1876 2087 1965; x_wconf 86' lang='lat' dir='ltr'>insidias,</span> <span class='ocrx_word' id='word_1_122' title='bbox 2130 1879 2318 1975; x_wconf 84' lang='lat' dir='ltr'>regis</span> 
     </span>
     <span class='ocr_line' id='line_1_16' title="bbox 163 1980 2317 2081; baseline 0.002 -26"><span class='ocrx_word' id='word_1_123' title='bbox 163 1984 386 2055; x_wconf 86' lang='lat' dir='ltr'>amici</span> <span class='ocrx_word' id='word_1_124' title='bbox 429 1981 657 2053; x_wconf 89' lang='lat' dir='ltr'>filium</span> <span class='ocrx_word' id='word_1_125' title='bbox 681 1992 736 2067; x_wconf 87' lang='lat'>⁷,</span> <span class='ocrx_word' id='word_1_126' title='bbox 783 1980 1072 2051; x_wconf 87' lang='lat' dir='ltr'>hostem</span> <span class='ocrx_word' id='word_1_127' title='bbox 1127 1982 1487 2078; x_wconf 86' lang='lat' dir='ltr'>captivum</span> <span class='ocrx_word' id='word_1_128' title='bbox 1513 2036 1533 2070; x_wconf 97' lang='lat'>,</span> <span class='ocrx_word' id='word_1_129' title='bbox 1576 1986 2077 2081; x_wconf 81' lang='lat' dir='ltr'>surripuisset,</span> <span class='ocrx_word' id='word_1_130' title='bbox 2115 2002 2189 2058; x_wconf 88' lang='lat' dir='ltr'>et</span> <span class='ocrx_word' id='word_1_131' title='bbox 2232 2012 2317 2059; x_wconf 85' lang='lat' dir='ltr'>ea</span> 
     </span>
     <span class='ocr_line' id='line_1_17' title="bbox 163 2088 2320 2190; baseline 0 -25"><span class='ocrx_word' id='word_1_132' title='bbox 163 2092 444 2189; x_wconf 88' lang='lat' dir='ltr'>injuria</span> <span class='ocrx_word' id='word_1_133' title='bbox 470 2094 710 2162; x_wconf 89' lang='lat' dir='ltr'>virum</span> <span class='ocrx_word' id='word_1_134' title='bbox 741 2088 1206 2160; x_wconf 83' lang='lat' dir='ltr'>fortissimum</span> <span class='ocrx_word' id='word_1_135' title='bbox 1245 2089 1638 2168; x_wconf 83' lang='lat' dir='ltr'>lacessisset</span> <span class='ocrx_word' id='word_1_136' title='bbox 1659 2145 1679 2180; x_wconf 94' lang='lat'>,</span> <span class='ocrx_word' id='word_1_137' title='bbox 1716 2098 2031 2190; x_wconf 83' lang='lat' dir='ltr'>speravit</span> <span class='ocrx_word' id='word_1_138' title='bbox 2065 2096 2320 2166; x_wconf 87' lang='lat' dir='ltr'>iisdem</span> 
     </span>
     <span class='ocr_line' id='line_1_18' title="bbox 165 2199 2316 2302; baseline 0 -26"><span class='ocrx_word' id='word_1_139' title='bbox 165 2230 249 2277; x_wconf 90' lang='lat' dir='ltr'>se</span> <span class='ocrx_word' id='word_1_140' title='bbox 299 2204 530 2302; x_wconf 90' lang='lat' dir='ltr'>copiis</span> <span class='ocrx_word' id='word_1_141' title='bbox 581 2225 748 2274; x_wconf 88' lang='lat' dir='ltr'>cum</span> <span class='ocrx_word' id='word_1_142' title='bbox 803 2200 930 2272; x_wconf 91' lang='lat' dir='ltr'>illo</span> <span class='ocrx_word' id='word_1_143' title='bbox 972 2223 1182 2297; x_wconf 85' lang='lat' dir='ltr'>posse</span> <span class='ocrx_word' id='word_1_144' title='bbox 1232 2199 1661 2300; x_wconf 83' lang='lat' dir='ltr'>confligere,</span> <span class='ocrx_word' id='word_1_145' title='bbox 1706 2202 2142 2300; x_wconf 90' lang='lat' dir='ltr'>quibuscum</span> <span class='ocrx_word' id='word_1_146' title='bbox 2180 2229 2316 2302; x_wconf 87' lang='lat' dir='ltr'>ego</span> 
     </span>
     <span class='ocr_line' id='line_1_19' title="bbox 165 2311 2313 2412; baseline 0 -26"><span class='ocrx_word' id='word_1_147' title='bbox 165 2315 606 2400; x_wconf 84' lang='lat' dir='ltr'>noluissem,</span> <span class='ocrx_word' id='word_1_148' title='bbox 655 2311 1028 2382; x_wconf 89' lang='lat' dir='ltr'>bonorum</span> <span class='ocrx_word' id='word_1_149' title='bbox 1094 2311 1465 2409; x_wconf 84' lang='lat' dir='ltr'>pericu10‚</span> <span class='ocrx_word' id='word_1_150' title='bbox 1521 2312 1861 2386; x_wconf 87' lang='lat' dir='ltr'>dimicare</span> <span class='ocrx_word' id='word_1_151' title='bbox 1902 2344 1917 2386; x_wconf 89' lang='lat'><strong>:</strong></span> <span class='ocrx_word' id='word_1_152' title='bbox 1962 2329 2034 2386; x_wconf 90' lang='lat' dir='ltr'>et</span> <span class='ocrx_word' id='word_1_153' title='bbox 2076 2318 2313 2412; x_wconf 89' lang='lat' dir='ltr'>primo</span> 
     </span>
     <span class='ocr_line' id='line_1_20' title="bbox 171 2419 2314 2525; baseline 0 -28"><span class='ocrx_word' id='word_1_154' title='bbox 171 2425 474 2525; x_wconf 89' lang='lat' dir='ltr'>quidem</span> <span class='ocrx_word' id='word_1_155' title='bbox 496 2478 517 2513; x_wconf 93' lang='lat'>,</span> <span class='ocrx_word' id='word_1_156' title='bbox 555 2419 1004 2517; x_wconf 86' lang='lat' dir='ltr'>adjutoribus</span> <span class='ocrx_word' id='word_1_157' title='bbox 1043 2421 1466 2494; x_wconf 90' lang='lat' dir='ltr'>consulibus</span> <span class='ocrx_word' id='word_1_158' title='bbox 1496 2449 1513 2492; x_wconf 91' lang='lat'><strong>:</strong></span> <span class='ocrx_word' id='word_1_159' title='bbox 1550 2439 1797 2522; x_wconf 87' lang='lat' dir='ltr'>postea</span> <span class='ocrx_word' id='word_1_160' title='bbox 1828 2423 2040 2522; x_wconf 84' lang='lat' dir='ltr'>fregit</span> <span class='ocrx_word' id='word_1_161' title='bbox 2062 2425 2314 2497; x_wconf 72' lang='lat' dir='ltr'>foedus</span> 
     </span>
     <span class='ocr_line' id='line_1_21' title="bbox 169 2531 2315 2626; baseline 0 -16"><span class='ocrx_word' id='word_1_162' title='bbox 169 2531 621 2621; x_wconf 77' lang='lat' dir='ltr'>Gabinius⁸3</span> <span class='ocrx_word' id='word_1_163' title='bbox 661 2534 825 2604; x_wconf 87' lang='lat' dir='ltr'>Piso</span> <span class='ocrx_word' id='word_1_164' title='bbox 862 2547 1105 2604; x_wconf 85' lang='lat' dir='ltr'>tamen</span> <span class='ocrx_word' id='word_1_165' title='bbox 1141 2537 1218 2603; x_wconf 90' lang='lat' dir='ltr'>in</span> <span class='ocrx_word' id='word_1_166' title='bbox 1253 2533 1393 2620; x_wconf 80' lang='lat' dir='ltr'>fide</span> <span class='ocrx_word' id='word_1_167' title='bbox 1430 2535 1710 2626; x_wconf 65' lang='lat' dir='ltr'>mansit,</span> <span class='ocrx_word' id='word_1_168' title='bbox 1750 2537 1947 2626; x_wconf 87' lang='lat' dir='ltr'>Quas</span> <span class='ocrx_word' id='word_1_169' title='bbox 1983 2540 2117 2610; x_wconf 89' lang='lat' dir='ltr'>iste</span> <span class='ocrx_word' id='word_1_170' title='bbox 2156 2553 2315 2610; x_wconf 89' lang='lat' dir='ltr'>tum</span> 
     </span>
     <span class='ocr_line' id='line_1_22' title="bbox 171 2639 2312 2744; baseline -0.001 -23"><span class='ocrx_word' id='word_1_171' title='bbox 171 2647 446 2734; x_wconf 77' lang='lat' dir='ltr'>caedes,</span> <span class='ocrx_word' id='word_1_172' title='bbox 486 2667 668 2743; x_wconf 87' lang='lat' dir='ltr'>quas</span> <span class='ocrx_word' id='word_1_173' title='bbox 705 2639 1226 2740; x_wconf 84' lang='lat' dir='ltr'>lapidationes,</span> <span class='ocrx_word' id='word_1_174' title='bbox 1274 2668 1453 2739; x_wconf 86' lang='lat' dir='ltr'>quas</span> <span class='ocrx_word' id='word_1_175' title='bbox 1481 2642 1729 2742; x_wconf 68' lang='lat' dir='ltr'>‘fugas</span> <span class='ocrx_word' id='word_1_176' title='bbox 1756 2645 2038 2735; x_wconf 82' lang='lat' dir='ltr'>fecerit3</span> <span class='ocrx_word' id='word_1_177' title='bbox 2090 2671 2312 2744; x_wconf 84' lang='lat' dir='ltr'>quam</span> 
     </span>
     <span class='ocr_line' id='line_1_23' title="bbox 169 2749 2307 2852; baseline -0.002 -20"><span class='ocrx_word' id='word_1_178' title='bbox 169 2758 384 2832; x_wconf 85' lang='lat' dir='ltr'>facile</span> <span class='ocrx_word' id='word_1_179' title='bbox 421 2755 650 2844; x_wconf 80' lang='lat' dir='ltr'>ferm,</span> <span class='ocrx_word' id='word_1_180' title='bbox 687 2749 1276 2850; x_wconf 88' lang='lat' dir='ltr'>quotidianisque</span> <span class='ocrx_word' id='word_1_181' title='bbox 1318 2753 1626 2842; x_wconf 85' lang='lat' dir='ltr'>insidiis,</span> <span class='ocrx_word' id='word_1_182' title='bbox 1668 2771 1898 2852; x_wconf 81' lang='lat' dir='ltr'>quum</span> <span class='ocrx_word' id='word_1_183' title='bbox 1932 2756 2078 2850; x_wconf 88' lang='lat' dir='ltr'>jam</span> <span class='ocrx_word' id='word_1_184' title='bbox 2111 2782 2151 2828; x_wconf 89' lang='lat' dir='ltr'>a</span> <span class='ocrx_word' id='word_1_185' title='bbox 2182 2755 2307 2828; x_wconf 86' lang='lat' dir='ltr'>fir-</span> 
     </span>
     <span class='ocr_line' id='line_1_24' title="bbox 171 2862 2314 2960; baseline -0 -19"><span class='ocrx_word' id='word_1_186' title='bbox 171 2869 499 2941; x_wconf 90' lang='lat' dir='ltr'>missimo</span> <span class='ocrx_word' id='word_1_187' title='bbox 570 2862 838 2936; x_wconf 86' lang='lat' dir='ltr'>robore</span> <span class='ocrx_word' id='word_1_188' title='bbox 919 2863 1293 2960; x_wconf 88' lang='lat' dir='ltr'>copiarum</span> <span class='ocrx_word' id='word_1_189' title='bbox 1362 2888 1659 2936; x_wconf 86' lang='lat' dir='ltr'>suarum</span> <span class='ocrx_word' id='word_1_190' title='bbox 1724 2865 2019 2936; x_wconf 89' lang='lat' dir='ltr'>relictus</span> <span class='ocrx_word' id='word_1_191' title='bbox 2090 2883 2314 2957; x_wconf 86' lang='lat' dir='ltr'>esset,</span> 
     </span>
    </p>
   </div>
   <div class='ocr_carea' id='block_1_3' title="bbox 171 3101 2311 3248">
    <p class='ocr_par' dir='ltr' id='par_1_3' title="bbox 171 3101 2311 3248">
     <span class='ocr_line' id='line_1_25' title="bbox 251 3101 2311 3168; baseline 0 -16"><span class='ocrx_word' id='word_1_192' title='bbox 251 3125 300 3158; x_wconf 60' lang='grc' dir='ltr'>ς.</span> <span class='ocrx_word' id='word_1_193' title='bbox 341 3104 624 3155; x_wconf 67' lang='lat' dir='ltr'>Exnuderc</span> <span class='ocrx_word' id='word_1_194' title='bbox 663 3103 737 3152; x_wconf 79' lang='lat' dir='ltr'>ad</span> <span class='ocrx_word' id='word_1_195' title='bbox 773 3101 1001 3167; x_wconf 73' lang='lat' dir='ltr'>Cypriam</span> <span class='ocrx_word' id='word_1_196' title='bbox 1046 3119 1197 3168; x_wconf 77' lang='lat' dir='ltr'>pecu·</span> <span class='ocrx_word' id='word_1_197' title='bbox 1285 3109 1335 3152; x_wconf 82' lang='lat' dir='ltr'>et</span> <span class='ocrx_word' id='word_1_198' title='bbox 1362 3104 1572 3152; x_wconf 75' lang='lat' dir='ltr'>invisos:</span> <span class='ocrx_word' id='word_1_199' title='bbox 1594 3103 1705 3151; x_wconf 84' lang='lat' dir='ltr'>vide</span> <span class='ocrx_word' id='word_1_200' title='bbox 1727 3105 1925 3152; x_wconf 83' lang='lat' dir='ltr'>Gruteri</span> <span class='ocrx_word' id='word_1_201' title='bbox 1949 3102 2311 3153; x_wconf 70' lang='lat' dir='ltr'>dissertationes</span> 
     </span>
     <span class='ocr_line' id='line_1_26' title="bbox 171 3181 1741 3248; baseline -0.007 -9"><span class='ocrx_word' id='word_1_202' title='bbox 171 3190 332 3239; x_wconf 76' lang='lat' dir='ltr'>niam.</span> <span class='ocrx_word' id='word_1_203' title='bbox 367 3185 448 3234; x_wconf 82' lang='lat' dir='ltr'>Ad</span> <span class='ocrx_word' id='word_1_204' title='bbox 485 3183 740 3234; x_wconf 74' lang='lat' dir='ltr'>vendenda</span> <span class='ocrx_word' id='word_1_205' title='bbox 785 3181 1037 3231; x_wconf 55' lang='lat' dir='ltr'>Ptolemaei</span> <span class='ocrx_word' id='word_1_206' title='bbox 1072 3181 1198 3248; x_wconf 74' lang='lat' dir='ltr'>regis</span> <span class='ocrx_word' id='word_1_207' title='bbox 1284 3181 1510 3246; x_wconf 78' lang='lat' dir='ltr'>politicas</span> <span class='ocrx_word' id='word_1_208' title='bbox 1526 3181 1655 3230; x_wconf 74' lang='lat' dir='ltr'>libro</span> <span class='ocrx_word' id='word_1_209' title='bbox 1677 3185 1741 3230; x_wconf 89' lang='lat'>11.</span> 
     </span>
    </p>
   </div>
   <div class='ocr_carea' id='block_1_4' title="bbox 171 3255 2316 3646">
    <p class='ocr_par' dir='ltr' id='par_1_4' title="bbox 171 3255 2313 3398">
     <span class='ocr_line' id='line_1_27' title="bbox 175 3255 2313 3328; baseline -0.004 -10"><span class='ocrx_word' id='word_1_210' title='bbox 175 3271 346 3326; x_wconf 75' lang='lat' dir='ltr'>bom3</span> <span class='ocrx_word' id='word_1_211' title='bbox 381 3281 444 3314; x_wconf 80' lang='lat' dir='ltr'>ex</span> <span class='ocrx_word' id='word_1_212' title='bbox 468 3263 646 3328; x_wconf 77' lang='lat' dir='ltr'>quibus</span> <span class='ocrx_word' id='word_1_213' title='bbox 672 3262 926 3326; x_wconf 73' lang='lat' dir='ltr'>pecuniam</span> <span class='ocrx_word' id='word_1_214' title='bbox 957 3255 1198 3310; x_wconf 63' lang='lat' dir='ltr'>redactam</span> <span class='ocrx_word' id='word_1_215' title='bbox 1359 3263 1409 3309; x_wconf 83' lang='lat'>6.</span> <span class='ocrx_word' id='word_1_216' title='bbox 1438 3261 1714 3326; x_wconf 74' lang='lat' dir='ltr'>Ejiciunmr</span> <span class='ocrx_word' id='word_1_217' title='bbox 1746 3261 1843 3307; x_wconf 82' lang='lat' dir='ltr'>duo</span> <span class='ocrx_word' id='word_1_218' title='bbox 1861 3295 1880 3320; x_wconf 89' lang='lat'>‚</span> <span class='ocrx_word' id='word_1_219' title='bbox 1922 3277 2047 3324; x_wconf 84' lang='lat' dir='ltr'>quos</span> <span class='ocrx_word' id='word_1_220' title='bbox 2092 3257 2313 3326; x_wconf 69' lang='lat' dir='ltr'>improbi.</span> 
     </span>
     <span class='ocr_line' id='line_1_28' title="bbox 171 3340 1705 3398; baseline -0.005 -1"><span class='ocrx_word' id='word_1_221' title='bbox 171 3351 384 3398; x_wconf 72' lang='lat' dir='ltr'>Romam</span> <span class='ocrx_word' id='word_1_222' title='bbox 409 3343 588 3392; x_wconf 74' lang='lat' dir='ltr'>retulit.</span> <span class='ocrx_word' id='word_1_223' title='bbox 1287 3341 1411 3389; x_wconf 72' lang='lat' dir='ltr'>Cato</span> <span class='ocrx_word' id='word_1_224' title='bbox 1440 3351 1489 3388; x_wconf 80' lang='lat' dir='ltr'>et</span> <span class='ocrx_word' id='word_1_225' title='bbox 1516 3340 1705 3390; x_wconf 84' lang='lat' dir='ltr'>Cicero.</span> 
     </span>
    </p>

    <p class='ocr_par' dir='ltr' id='par_1_5' title="bbox 171 3416 2316 3646">
     <span class='ocr_line' id='line_1_29' title="bbox 247 3416 2313 3488; baseline -0.001 -14"><span class='ocrx_word' id='word_1_226' title='bbox 247 3424 300 3476; x_wconf 88' lang='grc'>3.</span> <span class='ocrx_word' id='word_1_227' title='bbox 321 3425 504 3474; x_wconf 59' lang='lat' dir='ltr'>stada</span> <span class='ocrx_word' id='word_1_228' title='bbox 521 3419 738 3488; x_wconf 73' lang='lat' dir='ltr'>perierit.</span> <span class='ocrx_word' id='word_1_229' title='bbox 777 3419 928 3483; x_wconf 86' lang='lat' dir='ltr'>Quod</span> <span class='ocrx_word' id='word_1_230' title='bbox 956 3420 1079 3468; x_wconf 72' lang='lat' dir='ltr'>Cato</span> <span class='ocrx_word' id='word_1_231' title='bbox 1108 3436 1198 3486; x_wconf 77' lang='lat' dir='ltr'>pe·</span> <span class='ocrx_word' id='word_1_232' title='bbox 1365 3435 1417 3478; x_wconf 78' lang='lat'>⁶7.</span> <span class='ocrx_word' id='word_1_233' title='bbox 1460 3419 1601 3484; x_wconf 76' lang='lat' dir='ltr'>Regt&#39;s</span> <span class='ocrx_word' id='word_1_234' title='bbox 1648 3416 1799 3466; x_wconf 77' lang='lat' dir='ltr'>amici</span> <span class='ocrx_word' id='word_1_235' title='bbox 1826 3417 2013 3488; x_wconf 77' lang='lat' dir='ltr'>filium.</span> <span class='ocrx_word' id='word_1_236' title='bbox 2053 3422 2313 3486; x_wconf 68' lang='lat' dir='ltr'>Tigranem</span> 
     </span>
     <span class='ocr_line' id='line_1_30' title="bbox 171 3495 2315 3564; baseline -0.003 -8"><span class='ocrx_word' id='word_1_237' title='bbox 171 3509 372 3558; x_wconf 72' lang='lat' dir='ltr'>cuniam</span> <span class='ocrx_word' id='word_1_238' title='bbox 391 3505 524 3552; x_wconf 71' lang='lat' dir='ltr'>hanc</span> <span class='ocrx_word' id='word_1_239' title='bbox 543 3517 648 3549; x_wconf 86' lang='lat' dir='ltr'>non</span> <span class='ocrx_word' id='word_1_240' title='bbox 683 3499 863 3548; x_wconf 86' lang='lat' dir='ltr'>Clodio</span> <span class='ocrx_word' id='word_1_241' title='bbox 901 3499 1090 3548; x_wconf 85' lang='lat' dir='ltr'>donum</span> <span class='ocrx_word' id='word_1_242' title='bbox 1117 3499 1204 3548; x_wconf 69' lang='lat' dir='ltr'>da-</span> <span class='ocrx_word' id='word_1_243' title='bbox 1292 3498 1517 3563; x_wconf 76' lang='lat' dir='ltr'>Tigi-anis</span> <span class='ocrx_word' id='word_1_244' title='bbox 1559 3499 1767 3546; x_wconf 81' lang='lat' dir='ltr'>Arminii</span> <span class='ocrx_word' id='word_1_245' title='bbox 1800 3495 1981 3560; x_wconf 82' lang='lat' dir='ltr'>filium,</span> <span class='ocrx_word' id='word_1_246' title='bbox 2023 3516 2168 3564; x_wconf 82' lang='lat' dir='ltr'>quem</span> <span class='ocrx_word' id='word_1_247' title='bbox 2210 3503 2315 3550; x_wconf 77' lang='lat' dir='ltr'>lto-</span> 
     </span>
     <span class='ocr_line' id='line_1_31' title="bbox 171 3575 2316 3646; baseline -0.003 -9"><span class='ocrx_word' id='word_1_248' title='bbox 171 3589 248 3636; x_wconf 75' lang='lat' dir='ltr'>bit</span> <span class='ocrx_word' id='word_1_249' title='bbox 265 3621 282 3646; x_wconf 87' lang='lat'>,</span> <span class='ocrx_word' id='word_1_250' title='bbox 317 3583 406 3634; x_wconf 72' lang='lat' dir='ltr'>sed</span> <span class='ocrx_word' id='word_1_251' title='bbox 431 3580 496 3630; x_wconf 72' lang='lat' dir='ltr'>ad</span> <span class='ocrx_word' id='word_1_252' title='bbox 521 3580 742 3629; x_wconf 74' lang='lat' dir='ltr'>oerarinm</span> <span class='ocrx_word' id='word_1_253' title='bbox 767 3579 957 3628; x_wconf 75' lang='lat' dir='ltr'>referet.</span> <span class='ocrx_word' id='word_1_254' title='bbox 1295 3593 1421 3626; x_wconf 74' lang='lat' dir='ltr'>mam</span> <span class='ocrx_word' id='word_1_255' title='bbox 1449 3577 1711 3626; x_wconf 74' lang='lat' dir='ltr'>abductum</span> <span class='ocrx_word' id='word_1_256' title='bbox 1738 3576 1998 3642; x_wconf 82' lang='lat' dir='ltr'>Pompeius</span> <span class='ocrx_word' id='word_1_257' title='bbox 2030 3575 2083 3624; x_wconf 83' lang='lat' dir='ltr'>in</span> <span class='ocrx_word' id='word_1_258' title='bbox 2117 3579 2316 3644; x_wconf 75' lang='lat' dir='ltr'>publica</span> 
     </span>
    </p>
   </div>
   <div class='ocr_carea' id='block_1_5' title="bbox 173 3654 2329 4126">
    <p class='ocr_par' dir='ltr' id='par_1_6' title="bbox 173 3654 2323 3890">
     <span class='ocr_line' id='line_1_32' title="bbox 247 3654 2321 3724; baseline -0.002 -10"><span class='ocrx_word' id='word_1_259' title='bbox 247 3675 295 3724; x_wconf 66' lang='grc'>4,</span> <span class='ocrx_word' id='word_1_260' title='bbox 323 3660 710 3712; x_wconf 74' lang='lat' dir='ltr'>Amandandum</span> <span class='ocrx_word' id='word_1_261' title='bbox 736 3673 854 3707; x_wconf 81' lang='lat' dir='ltr'>esse.</span> <span class='ocrx_word' id='word_1_262' title='bbox 895 3657 985 3708; x_wconf 78' lang='lat' dir='ltr'>me</span> <span class='ocrx_word' id='word_1_263' title='bbox 1016 3669 1206 3706; x_wconf 72' lang='lat' dir='ltr'>tantum</span> <span class='ocrx_word' id='word_1_264' title='bbox 1297 3657 1519 3706; x_wconf 71' lang='lat' dir='ltr'>custodia</span> <span class='ocrx_word' id='word_1_265' title='bbox 1550 3655 1682 3722; x_wconf 74' lang='lat' dir='ltr'>apud</span> <span class='ocrx_word' id='word_1_266' title='bbox 1706 3654 1923 3704; x_wconf 74' lang='lat' dir='ltr'>Flavium</span> <span class='ocrx_word' id='word_1_267' title='bbox 1958 3668 2216 3720; x_wconf 78' lang='lat' dir='ltr'>praetorem</span> <span class='ocrx_word' id='word_1_268' title='bbox 2244 3671 2321 3709; x_wconf 78' lang='lat' dir='ltr'>te-</span> 
     </span>
     <span class='ocr_line' id='line_1_33' title="bbox 173 3735 2321 3807; baseline -0.007 -11"><span class='ocrx_word' id='word_1_269' title='bbox 173 3757 247 3796; x_wconf 75' lang='lat' dir='ltr'>est</span> <span class='ocrx_word' id='word_1_270' title='bbox 273 3740 600 3807; x_wconf 72' lang='lat' dir='ltr'>relegandus3</span> <span class='ocrx_word' id='word_1_271' title='bbox 624 3739 770 3788; x_wconf 66' lang='lat' dir='ltr'>aliam</span> <span class='ocrx_word' id='word_1_272' title='bbox 793 3736 970 3787; x_wconf 84' lang='lat' dir='ltr'>deinde</span> <span class='ocrx_word' id='word_1_273' title='bbox 993 3737 1203 3802; x_wconf 76' lang='lat' dir='ltr'>praedam</span> <span class='ocrx_word' id='word_1_274' title='bbox 1295 3737 1424 3786; x_wconf 83' lang='lat' dir='ltr'>nuit.</span> <span class='ocrx_word' id='word_1_275' title='bbox 1463 3738 1538 3785; x_wconf 84' lang='lat' dir='ltr'>De</span> <span class='ocrx_word' id='word_1_276' title='bbox 1559 3753 1614 3784; x_wconf 72' lang='lat' dir='ltr'>ea</span> <span class='ocrx_word' id='word_1_277' title='bbox 1642 3753 1715 3794; x_wconf 83' lang='lat' dir='ltr'>re,</span> <span class='ocrx_word' id='word_1_278' title='bbox 1744 3753 1851 3800; x_wconf 77' lang='lat' dir='ltr'>quae</span> <span class='ocrx_word' id='word_1_279' title='bbox 1874 3735 2030 3800; x_wconf 77' lang='lat' dir='ltr'>prima</span> <span class='ocrx_word' id='word_1_280' title='bbox 2061 3753 2205 3786; x_wconf 71' lang='lat' dir='ltr'>cansa</span> <span class='ocrx_word' id='word_1_281' title='bbox 2234 3757 2321 3788; x_wconf 60' lang='grc' dir='ltr'>οι.</span> 
     </span>
     <span class='ocr_line' id='line_1_34' title="bbox 173 3813 2323 3890; baseline -0 -21"><span class='ocrx_word' id='word_1_282' title='bbox 173 3839 464 3890; x_wconf 63' lang='grc' dir='ltr'>(μα-ωσι.</span> <span class='ocrx_word' id='word_1_283' title='bbox 1299 3815 1423 3866; x_wconf 77' lang='lat' dir='ltr'>stitit</span> <span class='ocrx_word' id='word_1_284' title='bbox 1442 3817 1599 3880; x_wconf 76' lang='lat' dir='ltr'>gravis</span> <span class='ocrx_word' id='word_1_285' title='bbox 1613 3813 1881 3864; x_wconf 64' lang='lat' dir='ltr'>inimicitiae</span> <span class='ocrx_word' id='word_1_286' title='bbox 1894 3816 2020 3862; x_wconf 77' lang='lat' dir='ltr'>inter</span> <span class='ocrx_word' id='word_1_287' title='bbox 2034 3819 2323 3884; x_wconf 82' lang='lat' dir='ltr'>Pompeium</span> 
     </span>
    </p>

    <p class='ocr_par' dir='ltr' id='par_1_7' title="bbox 179 3891 2329 4126">
     <span class='ocr_line' id='line_1_35' title="bbox 251 3891 2318 3968; baseline -0.001 -19"><span class='ocrx_word' id='word_1_288' title='bbox 251 3906 300 3954; x_wconf 82' lang='lat'>5.</span> <span class='ocrx_word' id='word_1_289' title='bbox 341 3899 503 3967; x_wconf 74' lang='lat' dir='ltr'>Quasi</span> <span class='ocrx_word' id='word_1_290' title='bbox 529 3915 624 3964; x_wconf 82' lang='lat' dir='ltr'>per</span> <span class='ocrx_word' id='word_1_291' title='bbox 653 3897 965 3968; x_wconf 64' lang='lat' dir='ltr'>hengfioium,</span> <span class='ocrx_word' id='word_1_292' title='bbox 997 3897 1210 3960; x_wconf 74' lang='lat' dir='ltr'>Cyprum</span> <span class='ocrx_word' id='word_1_293' title='bbox 1301 3908 1352 3945; x_wconf 84' lang='lat' dir='ltr'>et</span> <span class='ocrx_word' id='word_1_294' title='bbox 1384 3893 1611 3944; x_wconf 83' lang='lat' dir='ltr'>Clodium</span> <span class='ocrx_word' id='word_1_295' title='bbox 1630 3929 1645 3953; x_wconf 90' lang='lat'>‚</span> <span class='ocrx_word' id='word_1_296' title='bbox 1673 3891 1787 3942; x_wconf 77' lang='lat' dir='ltr'>vide</span> <span class='ocrx_word' id='word_1_297' title='bbox 1812 3896 2081 3944; x_wconf 73' lang='lat' dir='ltr'>Asconium</span> <span class='ocrx_word' id='word_1_298' title='bbox 2117 3899 2180 3947; x_wconf 72' lang='lat' dir='ltr'>nd</span> <span class='ocrx_word' id='word_1_299' title='bbox 2209 3903 2318 3953; x_wconf 81' lang='lat' dir='ltr'>Mil,</span> 
     </span>
     <span class='ocr_line' id='line_1_36' title="bbox 181 3971 2145 4048; baseline -0.003 -16"><span class='ocrx_word' id='word_1_300' title='bbox 181 3985 447 4048; x_wconf 71' lang='lat' dir='ltr'>relegatur.</span> <span class='ocrx_word' id='word_1_301' title='bbox 476 3981 634 4028; x_wconf 69' lang='lat' dir='ltr'>Vetus</span> <span class='ocrx_word' id='word_1_302' title='bbox 671 3990 744 4027; x_wconf 73' lang='lat' dir='ltr'>est</span> <span class='ocrx_word' id='word_1_303' title='bbox 783 3993 894 4028; x_wconf 80' lang='lat' dir='ltr'>mos</span> <span class='ocrx_word' id='word_1_304' title='bbox 919 3975 1012 4024; x_wconf 77' lang='lat' dir='ltr'>sub</span> <span class='ocrx_word' id='word_1_305' title='bbox 1050 3971 1212 4040; x_wconf 83' lang='lat' dir='ltr'>specie</span> <span class='ocrx_word' id='word_1_306' title='bbox 1303 3993 1413 4039; x_wconf 76' lang='lat' dir='ltr'>cap.</span> <span class='ocrx_word' id='word_1_307' title='bbox 1448 3983 1539 4033; x_wconf 68' lang='lat'>143</span> <span class='ocrx_word' id='word_1_308' title='bbox 1565 3973 1717 4023; x_wconf 82' lang='lat' dir='ltr'>Dion.</span> <span class='ocrx_word' id='word_1_309' title='bbox 1739 3977 2037 4036; x_wconf 75' lang='lat' dir='ltr'>XXXVIII,</span> <span class='ocrx_word' id='word_1_310' title='bbox 2064 3977 2145 4029; x_wconf 86' lang='lat'>30.</span> 
     </span>
     <span class='ocr_line' id='line_1_37' title="bbox 179 4051 2329 4126; baseline -0.005 -14"><span class='ocrx_word' id='word_1_311' title='bbox 179 4061 384 4112; x_wconf 73' lang='lat' dir='ltr'>honoris</span> <span class='ocrx_word' id='word_1_312' title='bbox 405 4069 452 4109; x_wconf 79' lang='lat' dir='ltr'>ct</span> <span class='ocrx_word' id='word_1_313' title='bbox 477 4056 706 4108; x_wconf 80' lang='lat' dir='ltr'>beneficii</span> <span class='ocrx_word' id='word_1_314' title='bbox 732 4057 941 4120; x_wconf 75' lang='lat' dir='ltr'>relegare</span> <span class='ocrx_word' id='word_1_315' title='bbox 961 4065 1214 4121; x_wconf 72' lang='lat' dir='ltr'>suspectos</span> <span class='ocrx_word' id='word_1_316' title='bbox 1380 4056 1429 4104; x_wconf 90' lang='lat'>8.</span> <span class='ocrx_word' id='word_1_317' title='bbox 1458 4052 1622 4121; x_wconf 78' lang='lat' dir='ltr'>Fregit</span> <span class='ocrx_word' id='word_1_318' title='bbox 1632 4051 1803 4120; x_wconf 83' lang='lat' dir='ltr'>soedus</span> <span class='ocrx_word' id='word_1_319' title='bbox 1834 4055 2087 4106; x_wconf 76' lang='lat' dir='ltr'>Gabinius.</span> <span class='ocrx_word' id='word_1_320' title='bbox 2115 4061 2329 4126; x_wconf 73' lang='lat' dir='ltr'>Conspi..</span> 
     </span>
    </p>
   </div>
   <div class='ocr_carea' id='block_1_6' title="bbox 1974 4141 2083 4211">
    <p class='ocr_par' dir='ltr' id='par_1_8' title="bbox 1974 4141 2083 4211">
     <span class='ocr_line' id='line_1_38' title="bbox 1974 4141 2083 4211; baseline 0 0"><span class='ocrx_word' id='word_1_321' title='bbox 1974 4141 2083 4211; x_wconf 78' lang='lat'>25.</span> 
     </span>
    </p>
   </div>
  </div>
 </body>
</html>
