2594 4537
276 290 417 364 356
916 290 1013 357 Μ.
1066 286 1149 355 Τ.
1204 283 1782 355 CICERONIS

276 432 473 503 σεῖο,
506 414 782 511 Syriam
824 410 1251 481 nominatim
1294 407 1558 480 dedisti
1587 418 1670 477 ¹¹.
1712 403 1959 497 Quid?
1996 405 2278 476 homini
2321 420 2428 478 te-

271 530 596 611 terrimo,
628 519 1160 606 crudelissimO,
1186 516 1672 605 fallacissimO,
1703 517 2034 587 omnium
2063 515 2430 587 scelerum

273 636 808 729 libidinumque
848 630 1145 701 maculis
1192 629 1675 716 notatissimo,
1711 631 1790 697 L.
1831 627 2116 715 Pisoni,
2165 652 2426 697 nonne

274 745 699 819 nominatim
737 742 1051 840 populos
1099 737 1406 823 liberos»,
1455 737 1700 809 multis
1735 736 2426 825 senatusconsultis,

276 860 487 930 etiam
532 853 801 924 recenti
843 851 998 949 lege
1056 850 1382 948 generin
1424 850 1662 949 ‘ipsius
1717 846 2095 935 liberatos,
2135 849 2426 919 vinctos

274 982 349 1039 et
370 965 803 1038 constrictos
848 959 1250 1033 tradidisti?
1280 962 1584 1043 Nonne,
1617 982 1849 1056 quum
1879 956 1971 1029 ab
2009 982 2100 1029 eo
2141 982 2426 1028 merces

275 1082 383 1149 rui
401 1072 772 1160 beneficii,
798 1072 1265 1170 pretiumque
1286 1072 1674 1167 provinciae
1696 1124 1716 1157 ‚
1733 1094 1898 1141 meo
1917 1070 2268 1167 sanguine
2287 1067 2428 1139 tibi

272 1203 463 1259 esset
490 1184 978 1284 persolutum,
1000 1197 1243 1252 tamen
1276 1181 1608 1251 aerarium
1640 1204 1809 1251 cum
1841 1204 1931 1251 eo
1965 1180 2276 1277 partitus
2301 1178 2430 1249 es?

367 1304 571 1371 Itane
602 1295 819 1367 vero?
853 1308 935 1363 tu
964 1291 1374 1416 provincias
1403 1289 1855 1379 consulares,
1884 1313 2067 1385 quas
2095 1290 2173 1358 C.
2207 1291 2434 1359 Grac-

274 1411 485 1497 chuS,
504 1410 633 1505 qui
668 1430 859 1477 unus
888 1402 1197 1473 maxime
1226 1401 1599 1499 popularis
1627 1397 1812 1487 fuit,
1835 1424 1986 1471 non
2011 1398 2233 1471 modo
2269 1422 2426 1470 non

274 1518 577 1592 abstulit
608 1515 703 1587 ab
740 1528 1037 1601 senatu,
1082 1510 1209 1583 sed
1254 1514 1509 1598 etiam,
1560 1525 1643 1581 ut
1681 1534 1972 1581 necesse
2007 1524 2200 1581 esset
2237 1534 2428 1609 quo-

278 1631 515 1702 tannis
550 1625 893 1697 constitui
948 1648 1079 1723 per
1121 1635 1452 1695 senatum
1477 1674 1498 1710 ,
1529 1620 1819 1693 decreta
1852 1620 2008 1717 lege
2029 1617 2094 1663 ¹³
2133 1622 2372 1692 sanxit
2406 1675 2427 1708 ‚

278 1763 431 1826 eaS,
494 1737 653 1833 lege
704 1733 1131 1831 Sempronia
1196 1756 1332 1830 per
1383 1746 1718 1803 senatum
1773 1729 2099 1802 decretas
2129 1784 2150 1818 ‚
2215 1735 2430 1803 resci-

280 1846 445 1919 disti
468 1843 530 1900 14
553 1846 583 1915 Ξ)
610 1858 811 1915 extra
830 1841 1197 1928 ordinem,
1226 1845 1384 1914 sine
1405 1855 1599 1913 sorte
1617 1896 1637 1930 ,
1661 1842 2094 1913 nominatim
2127 1841 2428 1931 dedisti,

282 1982 435 2027 non
474 1952 929 2041 consulibus»,
976 1951 1103 2025 sed
1139 1950 1562 2050 reipublicae
1603 1950 1971 2051 pestibus?
2003 1954 2190 2041 Nos,
2225 1952 2428 2051 quod

282 2068 709 2138 nominatim
753 2066 861 2136 rei
916 2066 1275 2151 maximae,
1315 2086 1519 2161 paene
1563 2062 1710 2157 jam
1753 2062 2187 2161 desperatae,
2237 2088 2433 2135 sum-

281 2202 485 2249 mum
524 2178 803 2263 virum,
852 2198 1040 2273 saepe
1077 2172 1171 2245 ad
1206 2188 1528 2243 extrema
1568 2172 1982 2272 reipublicae
2018 2170 2429 2243 discrimina

283 2290 681 2376 delectum,
720 2284 1207 2385 praefecimu5‚
1244 2309 1284 2354 a
1318 2299 1389 2355 te
1425 2281 2088 2382 reprehendemur?

355 2475 375 2507 1
392 2475 437 2508 t.
500 2455 739 2511 Gabinio,
775 2454 932 2519 pretio
978 2451 1277 2521 amplificato
1295 2488 1306 2500 .

280 2541 472 2604 &riam
506 2533 799 2584 nominatim
847 2533 1041 2581 dedisti.
1086 2531 1307 2580 Dubium

1395 2453 1563 2501 invitis
1578 2489 1591 2512 ‚
1612 2465 1660 2501 et
1687 2454 1952 2518 oppressis,
1971 2453 2193 2518 pestiferi
2215 2453 2292 2502 illi
2311 2469 2428 2504 con-

1396 2531 1526 2580 sules
1563 2549 1658 2596 pro
1685 2549 1862 2581 eversa
1901 2533 2185 2597 reipublice
2221 2537 2431 2598 premiis

284 2619 446 2667 oritur
460 2651 475 2674 ‚
508 2612 823 2678 amplificatio
846 2613 989 2676 pretii
1014 2609 1310 2660 referatume

283 2695 664 2749 ad‘Gabinium‚
692 2708 755 2739 an
790 2692 853 2740 ad
882 2689 1109 2740 Clodium
1143 2703 1157 2738 :
1194 2698 1311 2736 sunt

284 2775 414 2822 enim
456 2772 539 2837 qui
586 2771 737 2819 velint
762 2805 777 2830 ,
822 2773 977 2831 mains
1020 2785 1048 2817 a
1090 2767 1309 2818 Gabinio

287 2855 499 2922 pretinm
529 2867 621 2918 pro
649 2851 790 2916 Syris
821 2851 985 2899 datum
1014 2846 1275 2913 significari
1290 2882 1307 2907 ,

283 2952 427 3001 quam
458 2933 657 2983 dederat
682 2942 821 2980 antea
857 2945 949 2994 pro
979 2928 1169 2978 Cilicis.
1214 2925 1312 2974 Sed

285 3027 476 3064 constat
513 3029 575 3061 ex
606 3012 829 3077 pluribus
854 3009 1002 3066 locis,
1029 3007 1310 3072 provincias

284 3095 566 3144 consulibus
590 3093 697 3156 lege
716 3089 879 3141 Clodii
900 3088 1177 3152 adsignans
1193 3101 1312 3149 pro·

288 3175 381 3223 diti
432 3173 683 3222 Ciceronis
734 3169 945 3237 pretium
998 3167 1163 3215 fuisse.
1230 3165 1312 3212 Sic

287 3253 453 3319 paullo
479 3263 595 3316 post
614 3252 675 3300 de
695 3252 751 3298 L.
778 3250 954 3298 Pisone
982 3243 1180 3294 Gabinii
1208 3241 1313 3290 col-

286 3336 423 3396 lega:
466 3355 491 3374 ι
506 3347 673 3378 nonne
716 3345 869 3393 quum
916 3327 979 3375 ab
1024 3341 1086 3373 eo
1125 3321 1311 3372 merces

290 3413 364 3460 tni
398 3409 649 3468 beneficii,
692 3417 792 3456 etc.
814 3429 840 3449 ι·
877 3406 1013 3454 Idem
1054 3418 1205 3470 porro
1250 3401 1312 3449 de

290 3490 503 3538 Gabinio
540 3485 846 3535 sentiendum
862 3519 878 3544 ‚
910 3496 959 3532 et
980 3484 1179 3546 utrique
1204 3497 1314 3544 pre-

288 3573 411 3621 tinm
437 3567 784 3635 amplificatum
810 3579 885 3616 est
909 3581 924 3615 ε
964 3564 1179 3615 Gabinio
1206 3562 1315 3626 qni-

290 3652 399 3700 dem
451 3658 746 3699 commutata
807 3645 1084 3711 provincis,
1144 3643 1313 3690 Pisoni

286 3747 403 3778 vero
427 3730 593 3778 addita
621 3744 681 3777 ex
698 3727 868 3776 aerario
896 3724 1133 3790 pecunia:
1158 3737 1312 3786 quum

287 3818 424 3856 antea
444 3807 621 3855 deserti
647 3805 898 3857 Ciceronis
926 3801 1195 3850 mercedem
1224 3817 1312 3864 pa-

286 3896 395 3932 etus
440 3897 562 3932 esset
592 3885 813 3934 Ciliciam
850 3882 1191 3931 tautummodo
1209 3916 1224 3941 ,
1260 3891 1311 3929 et

286 3963 645 4012 Macedoniam.
670 3967 801 4011 Hinc
835 3964 894 4011 de
930 3963 1077 4010 Prov.
1103 3961 1310 4011 Consul.

292 4057 318 4089 2
338 4055 353 4091 ε
372 4061 395 4086 s
416 4042 579 4105 Syris,
598 4053 649 4091 et
668 4042 980 4099 Macedonis,
1003 4057 1125 4106 quas
1139 4073 1155 4100 ,
1168 4039 1310 4088 vobis

1397 2623 1760 2676 occupaverunt
1773 2635 1816 2660 ο.
1857 2615 1982 2662 Nam
2027 2613 2272 2662 Gabinius
2311 2625 2428 2679 post

1399 2693 1607 2752 ejectum
1639 2693 1930 2741 Ciceronem
1955 2691 2077 2740 nihil
2112 2711 2209 2757 pro
2239 2694 2422 2742 Clodio

1399 2771 1568 2819 secisse
1587 2771 1803 2832 videtur,
1823 2787 1918 2835 pro
1939 2769 2294 2835 annpiificando
2319 2789 2432 2837 pro·

1398 2851 1574 2898 vinciae
1590 2851 1774 2915 pretio:
1793 2851 1914 2914 quin
1934 2851 2078 2898 etiam
2103 2863 2358 2916 postremo
2377 2851 2430 2899 in

1399 2930 1600 2994 gutiam
1657 2931 1878 2994 Pompeii
1925 2930 2240 2979 vehementer
2293 2930 2428 2978 illum

1398 3009 1722 3073 oppugnavit.
1756 3010 1806 3058 si
1831 3024 1949 3056 vero
1981 3010 2265 3058 attendatur
2291 3010 2430 3057 latini

1398 3088 1636 3136 sermonis
1660 3089 1962 3152 proprietas,
1988 3087 2220 3152 qualibet
2245 3089 2338 3137 slis
2357 3089 2432 3136 in-

1399 3168 1684 3233 terpretatio
1711 3167 1974 3230 rejicienda
2003 3179 2101 3217 est.

1477 3261 1555 3294 ια.
1583 3246 1781 3294 Recenti
1795 3247 1902 3313 legs
1921 3247 2081 3295 socer-1⁹
2097 3246 2264 3313 ipsius.
2284 3251 2425 3295 Lsm·

1398 3325 1545 3372 binus
1565 3324 1756 3391 generi,
1775 3341 1836 3374 ex
1858 3327 2142 3388 conjecturs
2159 3328 2429 3388 Passer-atii,

1399 3404 1486 3452 sed
1513 3420 1615 3453 non
1643 3405 2053 3470 respondentibus
2079 3407 2226 3455 MSS.

1478 3485 1559 3532 13.
1605 3485 1817 3532 Decreta
1861 3486 1986 3550 Iege.
2039 3487 2328 3551 Sempronia
2371 3485 2429 3533 de

1403 3563 1702 3628 provinciis,
1753 3565 1814 3613 de
1862 3581 1959 3630 qun
2015 3566 2132 3614 vide
2191 3576 2322 3614 orat.
2369 3565 2429 3612 de

1403 3643 1581 3690 Provv.
1603 3644 1778 3692 Conss.
1799 3660 1909 3708 cap.
1925 3660 1980 3693 a.

1479 3738 1497 3768 1
1511 3730 1560 3778 4.
1600 3721 1870 3772 Rescidiset'.
1901 3723 2086 3772 Durius
2105 3723 2303 3772 videtur
2319 3723 2428 3770 cie.

1400 3799 1623 3848 rescissas
1678 3801 1826 3848 fuisse
1884 3803 2164 3867 provincias
2231 3801 2423 3848 dixisse.

1399 3878 1564 3928 Placet
1582 3897 1694 3927 cum
1715 3881 1914 3929 Graevio
1937 3899 1999 3930 ex
2015 3881 2268 3930 nonnullis
2285 3879 2429 3928 codd.

1398 3951 1641 4024 corrigere
1656 3979 1771 4009 «ess
1789 3960 1919 4025 leges
1941 3963 2255 4026 Sempronius
2281 3971 2332 4008 tn
2353 3977 2430 4008 re·

1397 4039 1586 4089 scidisti
1599 4061 1625 4081 ι·
1647 4074 1662 4098 ,
1684 4041 1820 4090 unde
1837 4041 2011 4105 planus
2027 4043 2218 4090 eruitur
2242 4055 2424 4089 sensns.
