2594 4537
196 293 205 302 ·
333 255 475 328 216
1094 247 1681 325 ExC‘URsUs.

330 407 537 472 remp.·
580 382 832 464 collati,
863 403 1067 470 quum
1118 382 1312 446 armis
1361 381 1698 446 Catilinam
1747 382 2066 470 oppressit
2087 428 2106 462 ,
2139 395 2208 444 et
2235 381 2516 468 opinio

331 487 622 555 maleficii
651 487 943 577 cogitati,
976 485 1157 574 quod
1180 503 1522 577 putaretur
1545 488 1950 554 consensisse
1975 507 2130 552 cum
2155 488 2510 567 Catilina3

328 595 487 660 illud
514 593 839 680 infirmare
862 593 1334 659 accusationem
1361 592 1709 686 debuerat3
1741 591 1856 659 sed
1881 595 2012 658 hoe
2037 595 2322 658 alterum
2361 615 2508 682 po-

328 703 459 766 tius
473 750 491 784 ,
532 721 738 788 quum
761 700 905 789 plus
935 698 1110 788 apud
1127 697 1376 779 judices
1401 701 1704 766 valuisset
1721 749 1740 779 ,
1771 716 1976 766 totam
2009 699 2504 765 defensionem

330 806 575 871 evertit.
618 805 771 888 Quo
816 805 989 869 enim
1035 805 1302 869 nomine
1333 807 1686 873 vocabatur
1717 828 1753 870 a
1795 804 1996 871 Coelio
2030 805 2102 868 in
2141 803 2498 886 judicium

330 911 707 978 Antonius?
742 941 769 968 α
794 909 995 995 Quod
1041 911 1123 976 ab
1170 933 1249 975 eo
1296 933 1504 1000 remp.
1554 911 1853 977 violatam
1899 909 2232 993 diceret»,
2283 910 2500 1000 quod

331 1016 619 1106 legiones
640 1017 710 1080 in
732 1015 1115 1082 Macedonia
1144 1014 1552 1083 trucidandas
1578 1017 1877 1082 hostibus
1905 1017 2267 1098 objecisset.
2297 1018 2496 1080 Con-

328 1123 523 1204 jurati
554 1145 689 1188 non
714 1123 1107 1188 violaverant
1131 1145 1335 1212 remp.
1369 1138 1434 1189 at
1462 1122 1548 1188 de
1573 1145 1646 1188 ea
1667 1121 1967 1188 violanda
1991 1123 2492 1212 cogitaverant3

336 1227 657 1294 diminuta
704 1229 955 1319 imperii
1006 1228 1334 1309 majestate
1353 1277 1374 1312 ,
1427 1251 1593 1318 resp.
1645 1227 1918 1294 laeditur.
1975 1228 2296 1294 Oratione
2341 1249 2488 1315 pro

333 1333 562 1399 Flacco
580 1384 599 1418 ‚
628 1357 684 1400 c.
714 1333 830 1401 38:
856 1335 1256 1424 «Oppressus
1280 1351 1380 1399 est
1405 1335 1479 1400 C.
1502 1335 1862 1416 Antonius3
1893 1351 2071 1400 esto:
2100 1334 2337 1398 habuit
2361 1331 2488 1396 ille

336 1440 684 1528 quamdam
720 1441 1053 1506 infamiam
1076 1463 1300 1524 suam3
1324 1463 1540 1530 neque
1564 1455 1783 1506 tamen
1811 1439 1920 1506 ille
1950 1441 2087 1530 ipse
2115 1439 2290 1530 (pro
2313 1461 2481 1503 meo

326 1545 474 1625 jure
521 1545 709 1634 dico)
756 1546 942 1611 vobis
980 1544 1308 1636 judicibus
1352 1545 1694 1612 damnatus
1729 1561 1896 1611 esset
1913 1595 1933 1630 ,
1975 1546 2161 1627 cujus
2197 1545 2483 1609 damna-

332 1651 509 1716 tione
554 1653 925 1743 sepulcrum
978 1653 1049 1718 L.
1104 1652 1389 1718 Catilinae
1443 1651 1708 1718 floribus
1763 1669 2068 1718 ornatum
2113 1652 2478 1716 hominum

332 1754 909 1821 audacissimorum
925 1806 943 1835 ‚
968 1779 1042 1822 ac
1068 1755 1570 1822 domesticorum
1596 1756 1885 1821 hostium
1909 1772 2246 1820 conventu
2261 1805 2280 1839 ‚
2309 1778 2476 1845 epu·

328 1860 541 1948 iisque
592 1861 985 1927 celebratum
1033 1878 1133 1929 est
1166 1846 1402 1944 :justa
1449 1863 1732 1928 Catilinae
1773 1864 1936 1928 facta
1971 1878 2126 1926 sunt
2150 1892 2200 1928 ι.
2235 1863 2384 1944 An,
2415 1861 2472 1925 si

332 1967 711 2032 Catilinarioe
768 1968 1229 2049 conjurationis
1281 1968 1550 2033 nomine
1595 1969 1944 2058 periisset,·
1959 1968 2134 2049 justa
2175 1967 2470 2032 Catilinae

331 2071 500 2137 facta
528 2071 698 2138 illius
730 2071 1143 2140 damnatione
1173 2074 1552 2163 putassent?
1583 2073 1814 2138 habuit
1843 2073 2088 2139 scilicet
2111 2073 2470 2162 quamdam

333 2179 664 2243 infamiam
689 2228 708 2261 ,
758 2203 885 2268 qua
942 2201 1288 2268 oppressus
1306 2227 1324 2262 ‚
1378 2177 1886 2267 repetundarum
1931 2177 2279 2243 damnatus
2323 2196 2466 2262 est3

332 2285 595 2350 infamia
626 2286 833 2373 stupri
860 2286 1143 2351 Vettiani
1174 2286 1478 2350 effecerat
1493 2333 1511 2368 ‚
1534 2300 1611 2348 ut
1633 2286 2001 2350 Camurtius
2015 2333 2034 2367 ,
2061 2300 2128 2349 et
2149 2286 2464 2350 Esernius

334 2388 801 2455 damnarentur
837 2389 921 2454 de
956 2391 1055 2473 νίς
1102 2408 1168 2455 et
1209 2390 1524 2479 patefacta
1554 2392 2039 2475 conjuratione,
2074 2412 2210 2458 non
2255 2390 2462 2455 modo

332 2497 693 2560 Antonium
713 2543 732 2577 ,
770 2493 883 2559 sed
928 2496 997 2561 P.
1029 2496 1269 2561 Sullam
1287 2545 1306 2580 ‚
1343 2498 1412 2563 C.
1448 2500 1791 2581 Caesarem,
1837 2498 1929 2564 M.
1977 2498 2280 2562 Crassum
2321 2498 2462 2563 haec

330 2602 465 2689 ipsa
518 2601 727 2689 attigit
766 2601 1048 2666 infamia.
1098 2602 1211 2667 Vis
1264 2603 1403 2691 ipsa
1449 2604 1629 2669 verbi
1683 2601 1968 2669 notanda
2021 2618 2137 2668 est.
2185 2604 2459 2668 Cicero:

332 2737 359 2763 α
391 2705 523 2788 Qui
555 2707 740 2771 istius
772 2706 921 2771 facti
951 2729 1086 2772 non
1114 2706 1316 2773 modo
1342 2708 1742 2798 suspicione,
1775 2707 1890 2775 sed
1923 2730 2008 2775 ne
2033 2709 2299 2773 infamia
2321 2710 2461 2797 qui·

331 2809 483 2875 dem
516 2827 614 2877 est
643 2833 939 2900 aspersus
961 2837 1025 2897 »ς
1061 2814 1117 2879 si
1158 2836 1352 2880 nemo
1399 2815 1469 2878 in
1511 2816 1881 2906 suspicione
1913 2812 2324 2880 damnandus
2361 2814 2458 2879 vi-

330 2915 545 3003 detur,
580 2918 788 2983 multo
821 2918 1037 2985 minus
1064 2918 1350 2985 infamia.
1388 2918 1452 2986 N
1454 2942 1586 2984 unc
1619 2918 1914 3002 demum,
1951 2942 2094 3008 quae
2121 2920 2205 2983 sit
2229 2919 2456 2984 Dionis

337 3026 655 3090 sententia
676 3074 694 3108 ‚
737 3024 1105 3108 videamus3
1154 3043 1504 3116 postquam
1542 3026 1715 3091 enim
1756 3026 1868 3091 lib.
1905 3024 2254 3090 XXXVIII
2293 3026 2455 3091 male

336 3128 843 3195 administratam
871 3131 953 3196 ab
994 3131 1285 3197 Antonio
1327 3131 1726 3219 provinciam
1761 3131 2011 3214 retulit,
2041 3130 2454 3220 proditasque

332 3234 657 3323 pedestres
680 3238 893 3326 copias
910 3285 930 3319 ,
954 3260 1159 3326 quum
1182 3238 1322 3324 ipse
1346 3238 1616 3327 fugisset
1640 3260 1792 3303 cum
1815 3239 2108 3327 equitatu
2125 3286 2144 3320 ‚
2167 3238 2450 3318 subjicit:

333 3372 358 3395 α
382 3338 610 3428 Neque
654 3356 867 3405 tamen
912 3341 1011 3405 his
1065 3340 1146 3406 de
1188 3340 1394 3405 causis
1442 3342 1510 3405 in
1547 3341 1866 3423 judicium
1910 3333 2299 3434 pertractus,
2347 3342 2452 3409 sed

334 3469 543 3535 quum
595 3447 977 3513 Catilinariae
1034 3446 1495 3527 conjurationis
1547 3448 1844 3513 conscius
1892 3465 2330 3531 accusaretur,
2371 3448 2449 3513 ob

332 3552 665 3642 praedictas
700 3576 803 3618 res
835 3553 1178 3619 damnatus
1215 3570 1316 3617 est
1329 3582 1356 3609 ι·
1387 3576 1405 3619 :
1436 3576 1514 3618 ex
1558 3575 1692 3641 quo
1721 3570 2016 3644 apparet,
2054 3554 2230 3621 idem
2274 3554 2446 3619 illum

330 3682 481 3723 cum
528 3659 828 3759 III-anutio
848 3710 867 3744 ,
919 3682 1054 3724 non
1117 3659 1367 3725 diversa
1408 3661 1714 3742 sensisse3
1759 3661 2054 3750 adeoque
2101 3678 2447 3753 utrumque

331 3766 524 3830 simul
553 3767 866 3833 hactenus
901 3766 1397 3832 confutavimus.
1446 3766 1830 3832 Fssnanms.

940 3950 1828 3984 Q
