2594 4537
628 298 1013 367 ORATIO
1064 298 1267 367 PRO
1315 298 1621 366 DOMO
1667 297 1881 366 SUA.
2181 296 2312 393 391

186 419 565 518 mulgasti‚
607 418 880 489 tulisti:
920 442 1233 514 quorum
1277 416 1450 505 tibi,
1483 418 1546 487 si
1581 432 1768 489 esset
1809 416 1928 487 illa
1962 415 2114 501 lest,
2143 418 2324 488 nihil

184 533 453 604 liceret.
494 532 587 600 At
622 530 833 600 etiam
870 530 957 619 Q.
986 528 1355 615 MetelluS,
1386 527 1657 624 collega
1695 542 1904 615 tuus,
1943 532 2050 597 vir
2090 527 2326 599 claris-

184 646 449 727 simus,
492 664 713 737 quam
745 638 979 736 legem
1008 662 1157 709 esse
1190 638 1520 709 homines
1549 637 1960 709 alienissimi
1989 662 2029 709 a
2053 644 2124 709 P.
2157 639 2320 709 Clo-

184 752 312 823 dio
354 748 798 849 judicarant,
850 750 1013 819 Piso
1059 762 1133 819 et
1174 747 1526 819 Gabinius
1553 803 1572 833 ,
1611 771 1766 819 eam
1811 747 2082 819 nullam
2129 772 2283 819 esse
2307 802 2326 835 ,

188 861 421 933 frater
458 864 533 929 P.
564 859 844 948 Clodii,
878 881 1107 954 quum
1148 857 1239 929 de
1272 882 1388 929 me
1424 855 1515 927 ad
1547 873 1876 929 senatum
1911 872 2150 929 tecum
2185 883 2331 931 una

187 969 442 1040 retulit
463 1023 484 1056 ,
512 966 879 1065 judicavit.
919 966 1058 1038 Sed
1088 968 1241 1055 isti,
1269 968 1402 1064 qui
1426 965 1658 1037 Clodii
1689 968 1876 1065 leges
1903 971 2329 1051 timuerunt,

188 1076 815 1175 quemadmodum
880 1092 1151 1149 ceteras
1212 1075 1741 1149 observarunt?
1801 1080 2104 1151 Senatus
2165 1083 2328 1176 qui-

186 1187 357 1260 dem
377 1244 397 1275 ,
443 1190 649 1283 cujus
690 1202 801 1259 est
830 1192 1326 1285 gravissimum
1349 1186 1708 1283 judicium
1737 1188 1832 1260 de
1855 1190 2016 1283 jure
2046 1190 2286 1287 legum
2309 1246 2329 1277 ,

184 1299 795 1395 quotiescumque
831 1297 921 1369 de
964 1322 1081 1370 me
1122 1298 1496 1371 consultus
1539 1314 1681 1387 est,
1729 1300 1944 1371 toties
1980 1324 2138 1371 eam
2169 1301 2331 1372 nul-

187 1412 338 1481 lam
382 1436 539 1483 esse
582 1411 952 1507 judicavit.
1004 1410 1225 1503 Quod
1276 1412 1468 1485 idem
1522 1429 1646 1502 tu,
1700 1413 2046 1503 Lentule,
2089 1415 2330 1487 vidisti

186 1526 269 1593 in
306 1546 389 1594 ea
425 1522 617 1619 lege,
654 1547 874 1619 quam
916 1521 1007 1595 de
1040 1546 1170 1597 me
1214 1524 1476 1596 tulisti:
1525 1548 1696 1595 nam
1741 1548 1892 1594 non
1935 1538 2045 1595 est
2084 1526 2184 1595 ita
2224 1525 2328 1595 la-

186 1650 389 1721 tum,
429 1647 512 1704 ut
540 1631 716 1702 mihi
745 1638 1049 1704 Romam
1076 1636 1327 1706 venire
1354 1635 1636 1723 liceret,
1679 1634 1806 1706 sed
1850 1659 1942 1705 UT
1984 1660 2323 1706 Vennum.

184 1747 363 1815 Non
398 1744 591 1813 enim
620 1742 912 1813 voluisti
941 1741 1016 1813 id
1032 1744 1289 1842 ‚quod
1324 1743 1627 1833 licebat,
1655 1743 1878 1831 ferre,
1921 1760 2003 1816 ut
2039 1745 2330 1832 liceret3

186 1852 323 1925 sed
362 1878 481 1925 me
526 1854 623 1924 ita
672 1876 827 1924 esse
876 1856 955 1923 in
993 1852 1410 1977 republica,
1447 1852 1718 1950 magis-⁹·
1773 1856 1904 1925 ut4
1953 1856 2330 1927 arcessitus

186 1964 501 2062 imperio
530 1945 801 2061 populi
822 1966 1108 2033 romani
1130 1962 1440 2054 viderer,
1465 1988 1686 2065 quam
1713 1964 1804 2035 ad
1831 1963 2333 2052 administran-

180 2073 356 2145 dam
401 2074 760 2145 civitatem
801 2076 1199 2147 restitutus.

288 2190 499 2256 Hunc
538 2199 623 2257 tu
662 2187 877 2256 etiam
899 2240 918 2274 ‚
962 2200 1384 2285 portentosa
1420 2192 1692 2285 pestis,
1727 2187 2048 2257 exsulem
2090 2188 2332 2286 appel-

186 2297 343 2368 lare
384 2321 601 2367 ausus
640 2321 715 2368 es
736 2351 757 2386 ,
806 2321 1038 2395 quum
1082 2299 1300 2368 tantis
1346 2294 1734 2383 sceleribus
1777 2321 1966 2368 esses
2017 2309 2089 2368 et
2133 2295 2334 2368 factis

187 2421 526 2495 notatus,
556 2421 639 2477 ut
674 2431 967 2478 omnem
1016 2406 1293 2496 locum,
1333 2431 1486 2504 quo
1522 2406 1821 2496 adisseS,
1859 2405 2084 2478 exsilii
2110 2405 2328 2476 simil-

188 2519 447 2590 limum
484 2515 869 2588 redderes?
908 2515 1105 2607 Quid
1148 2532 1255 2588 est
1294 2519 1489 2589 enim
1529 2515 1775 2588 exsul?
1815 2519 2060 2614 ipsum
2095 2539 2228 2613 per
2254 2540 2334 2587 se

186 2651 463 2699 nomen
504 2626 922 2698 calamitatis
940 2623 994 2716 ⁵,
1038 2651 1187 2696 non
1228 2624 1720 2726 turpitudinis.
1769 2623 2082 2717 Quando
2115 2627 2332 2724 igitur

190 2753 303 2810 est
348 2737 606 2835 turpe?
656 2762 738 2807 re
787 2761 991 2824 vera,
1043 2736 1340 2833 quando
1387 2750 1496 2809 est
1543 2761 1760 2834 poena
1808 2738 2123 2835 peccati3
2165 2738 2328 2835 opi-

187 2851 415 2921 nione
456 2863 697 2920 autem
733 2848 1118 2920 hominum
1154 2849 1368 2919 etiam
1391 2901 1410 2934 ,
1451 2850 1510 2918 si
1543 2863 1652 2918 est
1681 2871 1898 2944 poena
1937 2845 2256 2917 damnati
2270 2845 2324 2916 ⁶2.

186 2963 455 3030 Utrum
492 2961 713 3058 igitur
760 2974 1058 3057 peccato
1100 2984 1267 3031 meo
1314 2957 1578 3031 exsulis
1621 2981 1893 3028 nomen
1935 2954 2202 3050 subeo²
2233 2983 2328 3052 an

188 3095 273 3142 re
294 3070 613 3166 judicata
632 3071 709 3140 ⁷?
737 3068 1085 3143 Peccato?
1112 3070 1261 3164 jam
1294 3093 1537 3167 neque
1575 3082 1656 3139 tu
1689 3065 1763 3138 id
1800 3067 2036 3140 dicere
2066 3065 2288 3147 audes
2307 3121 2326 3152 ,

266 3331 317 3379 3.
341 3331 533 3380 Emest.
552 3331 660 3380 hoec
688 3341 955 3396 permutata
983 3347 1087 3380 esse
1102 3347 1215 3382 con-

190 3409 323 3469 suit,
346 3420 397 3457 et
422 3410 493 3458 sie
520 3410 859 3460 constituenda
876 3445 891 3470 ,
934 3432 961 3452 ιι
980 3411 1133 3475 magis
1160 3421 1219 3460 ut

188 3489 451 3537 amitus
485 3490 550 3537 ad
584 3489 1016 3538 administrandam
1048 3489 1216 3538 civita·

190 3581 293 3618 tem
340 3567 531 3618 videm
544 3603 561 3628 ,
606 3583 753 3632 quam
796 3569 1002 3633 imperio
1039 3567 1217 3634 populi

189 3647 387 3696 romsni
414 3648 722 3697 restitutus».

268 3735 318 3782 4.
348 3727 510 3792 Magis
551 3737 606 3774 ut
632 3725 905 3776 arcessitus.
944 3727 1016 3776 Ut
1052 3741 1217 3790 popu-

194 3807 275 3854 lus
302 3821 427 3852 rom.
464 3806 618 3869 magis
651 3806 897 3854 videretur
930 3806 1221 3855 Ciceronem

188 3885 443 3933 absentem
482 3884 647 3934 adesse
678 3886 909 3946 jussisse,
958 3899 1102 3948 quam
1142 3884 1221 3945 ius

190 3962 408 4013 civitatis
446 3963 865 4022 administranda»,
894 3962 1031 4027 quod
1056 3961 1223 4012 adem-

192 4054 337 4109 ptum
364 4043 512 4092 suerit
530 4079 547 4105 ‚
589 4044 635 4090 ei
663 4045 943 4092 restituisse.
968 4043 1223 4094 Ernestum

1305 3333 1542 3382 voeabula
1577 3331 1896 3392 trajicientes·
1933 3331 2060 3378 sntio
2087 3329 2326 3393 fugiebat.

1378 3409 1429 3462 5.
1453 3416 1618 3477 Ipsum
1632 3425 1726 3474 per
1745 3423 1798 3461 se
1815 3422 1991 3456 nomen
2011 3407 2328 3470 calamitatis,

1305 3507 1406 3540 non
1428 3487 1756 3556 turpitudinis.
1771 3489 1902 3538 vide
1928 3491 2123 3536 Senecae
2146 3489 2328 3540 conso.-

1305 3571 1537 3620 lstionem
1563 3565 1638 3618 sd.
1651 3563 1874 3620 Helviam
1891 3579 2096 3622 matrem
2113 3599 2132 3628 ,
2167 3583 2278 3631 cap.
2295 3567 2330 3614 6

1307 3661 1358 3700 0²
1378 3667 1702 3780 zqgomuatc‘.
1725 3727 1836 3775 Sive
1853 3729 2090 3780 innocens
2107 3736 2210 3786 est,
2246 3741 2333 3778 *en

1299 3809 1552 3875 peccavit.
1582 3810 1656 3857 De
1681 3823 1732 3854 re
1771 3807 1864 3854 hac
1905 3807 2060 3854 fusius
2103 3804 2155 3852 in
2193 3805 2337 3854 Pers-

1313 3889 1456 3938 doxis
1481 3887 1772 3952 disput-tur,

1389 3985 1436 4030 7.
1483 3969 1554 4014 Re
1594 3963 1842 4032 suplicata.

1315 4048 1506 4102 cuodm-

1898 3964 2026 4028 Quia
2082 3962 2337 4016 damnum
