2594 4537
317 264 464 354 464
777 266 785 274 “
965 263 1066 331 Μ.
1107 265 1186 332 T.
1240 263 1807 333 CICERONIS

313 387 504 462 ferre
535 410 654 458 me
687 407 934 484 posse,
973 387 1177 481 quia,
1218 409 1447 482 quum
1496 383 1587 456 ab
1633 383 1774 456 hoc
1811 383 2071 456 eodem
2108 386 2477 484 impuris-

315 501 500 572 simo
519 493 869 596 parricida
880 517 1206 592 rogarer,
1225 496 1343 590 cuj
1352 517 1439 567 us
1461 517 1691 566 essem
1708 494 2009 566 civitatis
2026 549 2047 584 ,
2073 497 2478 596 respondi,

313 634 466 700 me,
501 603 986 708 probantibus
1028 619 1100 676 et
1123 603 1368 695 vobis,
1395 619 1469 677 et
1493 604 1861 702 equitibus
1890 608 2213 680 romanis
2232 661 2251 691 ‚
2300 611 2475 704 ejus

311 744 503 809 esse,
547 741 708 815 quae
750 741 992 788 carere
1032 740 1148 786 me
1185 741 1341 787 non
1390 718 1763 814 potuisset.
1814 715 1978 802 Ille,
2014 731 2115 804 ute
2136 720 2422 816 opinor
2448 771 2469 804 ‚

313 829 686 927 ingemuit.
707 825 906 918 Quid
927 827 1148 925 igitur
1173 827 1695 924 responderem
1721 826 1997 924 (quaero
2026 851 2116 898 ex
2142 853 2231 900 eo
2254 831 2465 928 ipso,

312 944 441 1038 qui
473 936 664 1010 ferre
699 960 818 1009 me
857 961 1012 1009 non
1047 937 1375 1035 potest)?
1420 941 1537 1010 Me
1576 937 1805 1010 civem
1841 961 1996 1010 esse
2024 942 2474 1012 romanum?

313 1051 592 1122 literate
631 1047 1165 1146 respondissem
1185 1045 1234 1118 ⁵.
1292 1049 1758 1120 Tacuissem?
1809 1047 2175 1120 desertum
2214 1074 2467 1148 nego-

307 1165 511 1233 tium.
566 1165 810 1231 Potest
853 1159 1238 1255 quisquam
1280 1160 1393 1230 vir
1440 1162 1517 1229 in
1561 1157 1782 1230 rebus
1822 1160 2099 1256 magnis
2134 1183 2309 1230 cum
2348 1163 2470 1231 in-

255 1287 260 1290 ·
307 1271 496 1343 vidia
525 1282 879 1358 versatuS‚
915 1270 1082 1340 satis
1111 1270 1423 1366 graviter
1454 1282 1709 1340 contra
1756 1269 2029 1340 inimici
2068 1282 2471 1342 contume-

309 1382 476 1454 liam
523 1386 676 1453 sine
723 1404 854 1452 sua
891 1378 1102 1450 laude
1142 1377 1641 1477 respondere?
1682 1383 1772 1450 At
1836 1375 1990 1476 ipse
2029 1402 2183 1450 non
2226 1380 2469 1453 modo

307 1491 724 1592 respondet,
791 1487 1152 1588 quidquid
1211 1484 1495 1588 potest⁶
1520 1543 1541 1575 ,
1592 1512 1822 1586 quum
1870 1502 1982 1558 est
2034 1487 2467 1576 lacessitus3

219 1639 224 1644 ·
307 1603 432 1675 sed
482 1601 697 1673 etiam
745 1598 1008 1698 gaudet
1025 1653 1046 1686 ‚
1101 1623 1176 1670 se
1237 1598 1331 1671 ab
1385 1601 1631 1672 amicis
1659 1653 1679 1687 ‚
1737 1597 1918 1696 quid
1968 1596 2418 1696 respondeat
2442 1655 2462 1687 ‚

308 1712 704 1791 admoneri.

399 1825 524 1891 IX.
565 1818 740 1908 Sed,
782 1822 1128 1916 quoniam
1169 1843 1333 1890 mea
1366 1845 1577 1892 causa
1618 1820 1951 1918 expedita
1972 1833 1990 1864 ¹
2034 1833 2163 1906 est,
2196 1817 2461 1892 videa-

301 1953 465 2001 mus
497 1954 736 2018 nunC‚
789 1929 971 2027 quid
1017 1930 1434 2028 haruspices
1468 1929 1730 2002 dicant.
1768 1935 1923 2028 Ego
1962 1930 2155 2002 enim
2186 1926 2460 2010 fateor,

307 2065 424 2112 me
459 2056 535 2112 et
568 2039 1072 2138 magnitudine
1108 2043 1411 2128 ostenti,
1462 2054 1534 2111 et
1566 2043 1911 2137 gravitate
1954 2040 2329 2138 responsi,
2383 2039 2463 2110 et

303 2175 451 2222 una
464 2165 684 2248 atque
705 2154 1066 2222 constanti
1087 2151 1551 2250 haruspicum
1581 2174 1759 2221 voce
1786 2150 2257 2221 vehementer
2288 2171 2461 2220 esse

303 2276 772 2333 commotum.
828 2264 1076 2359 Neque
1123 2263 1182 2332 is
1228 2286 1427 2347 sum,
1478 2263 1638 2357 qui,
1692 2262 1751 2332 si
1802 2262 1919 2333 cui
1965 2258 2153 2332 forte
2192 2259 2463 2331 videor

300 2372 467 2469 plus
502 2396 722 2468 quam
758 2373 1020 2460 ceteri,
1054 2376 1182 2470 qui
1221 2395 1429 2469 aeque
1453 2386 1673 2467 atque
1706 2395 1839 2468 ego
1872 2385 2044 2441 sunt
2076 2374 2457 2468 occupati,

300 2484 568 2550 versari
623 2481 702 2550 in
759 2480 999 2552 studio
1061 2482 1473 2568 literarum,
1530 2480 1645 2551 his
1706 2479 2047 2568 delecter,
2104 2494 2231 2551 aut
2282 2496 2461 2551 utar

301 2589 603 2660 omnino
649 2589 914 2676 literis,
968 2615 1130 2686 quae
1173 2605 1462 2661 nostros
1503 2590 1783 2660 animos
1821 2588 2191 2659 deterrent
2225 2602 2459 2685 atque

297 2714 603 2771 avocant
661 2725 703 2772 a
753 2700 1176 2797 religione2.
1232 2706 1385 2798 Ego
1430 2724 1605 2770 vero
1660 2702 1978 2797 primum
2030 2696 2275 2769 haheo
2316 2723 2459 2771 au-

298 2823 533 2880 ctores
583 2833 664 2880 ac
713 2812 1092 2909 magistros
1143 2810 1571 2908 religionum
1630 2806 2098 2881 colendarum
2140 2810 2461 2905 majores

295 2934 630 2991 nostros:
667 2945 980 3018 quorum
1029 2920 1208 2991 mihi
1247 2935 1447 2991 tanta
1488 2917 1711 2991 fuisse
1742 2912 2096 3017 sapientia
2132 2918 2459 3010 videtur,

296 3043 381 3100 ut
434 3031 602 3101 satis
657 3054 1020 3129 superque
1074 3030 1477 3129 prudentes
1512 3032 1655 3102 sint
1678 3084 1698 3119 ,
1746 3030 1879 3127 qui
1924 3027 2223 3101 illorum
2266 3055 2459 3127 pru-

293 3224 423 3273 σερε
447 3210 580 3274 apud
605 3211 839 3260 Tullium.
863 3210 994 3259 Vide
1029 3209 1091 3258 ad
1120 3226 1226 3276 cap.
1253 3220 1321 3268 24
1410 3212 1522 3276 quis
1552 3209 1617 3258 ait
1636 3244 1653 3270 ‚
1691 3226 1795 3259 non
1816 3210 1976 3259 solum
1994 3227 2098 3261 esse
2121 3210 2458 3276 malevolum,

294 3302 390 3351 pro
415 3287 528 3337 Mil.
1412 3288 1497 3337 sed
1544 3289 1688 3337 etiam
1738 3289 1932 3339 tardum
1982 3302 2129 3355 atque
2178 3290 2423 3341 hebetem
2440 3328 2458 3352 ,

367 3365 417 3413 5.
465 3365 671 3414 Licet-ate
728 3366 1092 3432 respondissem.
1147 3368 1324 3417 Errant
1411 3369 1595 3433 quippe
1628 3368 1709 3416 eni
1746 3368 1873 3417 nihil
1910 3369 1963 3416 in
1999 3379 2215 3419 mentem
2248 3372 2425 3419 veniat
2438 3406 2459 3431 ,

289 3442 388 3491 hoc
423 3444 478 3491 in
527 3445 640 3493 loco
687 3446 946 3495 Manutius
983 3458 1033 3497 et
1069 3448 1321 3509 Graevius,
1411 3446 1547 3510 quod
1572 3446 1825 3495 lacessitus
1846 3448 2159 3513 respondeat.

288 3524 377 3587 qui
401 3523 783 3587 interpretantur
825 3526 946 3574 scite
980 3535 1028 3573 et
1053 3526 1317 3591 eleganter.
1479 3528 1575 3575 lx.
1609 3540 1654 3574 1.
1680 3526 1929 3590 Quoniam
1960 3542 2075 3575 mea
2106 3542 2265 3575 eausa
2300 3543 2455 3593 expe·

203 3650 210 3655 ,
290 3602 458 3650 Multo
501 3604 662 3649 verius
702 3606 932 3651 Ernestns
951 3638 968 3665 ,
1004 3604 1088 3651 eui
1115 3621 1176 3653 ex
1202 3620 1317 3653 eon·
1406 3604 1663 3653 diea.Hoe
1681 3614 1786 3662 est,
1812 3606 2048 3669 quoniam
2086 3620 2201 3669 qna
2242 3605 2306 3654 de
2342 3622 2453 3654 men

287 3690 427 3728 textu
453 3680 781 3728 consideranti
805 3680 1004 3729 videtur
1025 3698 1130 3730 esse
1158 3682 1232 3731 ad
1255 3682 1319 3730 11·-
1407 3699 1548 3732 causa
1600 3684 1807 3733 dicenda
1849 3684 2007 3733 habui
2028 3720 2044 3745 ,
2099 3684 2229 3733 dixi.
2268 3688 2453 3734 Parum

290 3770 468 3812 ceram,
500 3758 637 3822 quod
657 3758 829 3823 gallice
857 3775 950 3808 nos
985 3758 1255 3810 diceremus
1279 3760 1314 3809 ἃ
1404 3773 1536 3811 reete
1556 3763 1811 3812 Manutius
1827 3765 2057 3829 exponit.

291 3836 345 3882 Ia
365 3836 523 3883 lettre.
1478 3856 1525 3889 2.
1551 3846 1780 3889 Avoeant
1810 3858 1845 3889 a
1886 3842 2147 3908 rele'gt‘one.
2188 3840 2347 3905 Quod
2386 3841 2449 3889 ad

361 3913 411 3959 6.
454 3914 526 3959 Ae
560 3912 664 3975 ipse
697 3930 797 3962 non
836 3915 980 3963 modo
1017 3916 1305 3980 respondet,
1398 3920 1765 3986 philosophiam
1788 3921 2097 3971 referendum
2112 3932 2190 3972 est
2211 3932 2267 3971 et
2292 3920 2447 3969 maxi·

289 3986 725 4053 quidquidpoeese.
742 3992 996 4059 Significat
1017 4010 1128 4045 eum
1140 4030 1156 4059 ,
1177 3996 1313 4063 quis·
1389 4014 1478 4047 me
1504 4000 1809 4065 Epicuream.

2065 4202 2095 4222 Ὀ
