2594 4537
304 313 443 401 248
701 318 1346 389 MARKLAnm
1387 321 1517 388 ET
1569 319 2026 390 GESNERI

390 439 619 522 Quum
665 463 818 504 vero
865 441 1166 530 praeclare
1208 459 1584 508 mereantur
1629 442 1712 508 de
1759 442 2064 508 studiosis
2101 441 2430 511 bonarum

298 545 660 629 literarum,
698 547 812 635 qui
848 548 1010 612 nihil
1039 548 1201 613 moti
1242 549 1527 638 antiquis
1559 549 1764 614 titulis
1803 565 1869 613 et
1905 548 2099 638 longa
2126 546 2430 614 laudato·

296 674 448 716 rum
482 652 644 716 serie
664 699 682 734 ,
729 654 785 716 si
832 675 1028 740 quem
1075 654 1318 720 librum
1361 654 1528 718 male
1570 653 1967 743 respondere
2013 677 2134 719 suo
2173 655 2428 720 auctori

296 758 575 822 sentiant
589 805 610 839 ‚
633 757 923 828 fraudem
948 757 1119 834 illam
1142 760 1426 852 vestigiis
1454 761 1760 826 omnibus
1775 809 1794 843 ‚
1817 759 2026 856 sagaci
2048 782 2205 825 nare
2229 777 2427 850 atque

297 862 489 927 oculo
537 864 827 948 intento²
872 866 1249 953 persequuti
1269 913 1287 948 ,
1332 867 1400 930 in
1447 864 1661 932 lueem
1705 867 2130 955 protrahunt,
2183 883 2250 929 et
2297 866 2428 962 faui

299 967 469 1032 ultra
494 968 795 1033 homines
822 991 958 1070 non
982 972 1362 1059 patiuntur:
1393 986 1536 1034 tum
1560 971 1652 1034 illi
1684 992 1818 1034 non
1851 971 2091 1036 minori
2121 969 2429 1035 videntur

292 1070 489 1140 laude
530 1069 711 1163 digni
753 1095 929 1156 esse,
982 1074 1097 1163 qui
1138 1073 1358 1140 studio
1409 1075 1590 1139 omni
1637 1073 2089 1156 intercedunt,
2139 1097 2226 1138 ne
2255 1074 2428 1154 justa

294 1176 736 1272 possessione,
765 1201 847 1244 ne
870 1179 1037 1244 veris
1068 1178 1269 1244 titulis
1299 1179 1643 1268 quisquam
1666 1179 1973 1268 privetur.
1997 1177 2178 1243 Adeo
2199 1227 2218 1262 ,
2245 1179 2428 1267 qu‘od

293 1279 377 1348 de
418 1283 825 1372 singulorum
873 1285 1169 1350 locorum
1218 1285 1287 1348 in
1339 1284 1519 1348 libris
1563 1285 1844 1373 antiquis
1890 1284 2164 1349 lectione
2213 1283 2428 1352 dicere

258 1414 267 1431 .
294 1386 471 1452 soleo
490 1437 511 1470 ,
542 1389 705 1454 illud
728 1388 811 1454 de
834 1389 1101 1480 integris
1124 1405 1419 1454 veterum
1453 1389 1844 1478 scriptorum
1865 1389 2196 1478 opusculis
2223 1389 2426 1479 magis

292 1493 485 1558 etiam
519 1517 749 1560 verum
782 1513 922 1561 est:
954 1513 1033 1560 ut
1064 1496 1219 1560 olim
1254 1496 1465 1561 multo
1491 1495 1748 1576 majoris
1781 1495 1908 1559 fuit
1929 1518 2173 1560 corona
2204 1497 2424 1576 civica,

292 1600 380 1665 ob
431 1601 635 1666 civem
687 1624 1172 1693 quemcumque
1216 1619 1541 1668 servatum
1588 1601 1732 1667 data
1751 1652 1768 1684 ‚
1821 1626 2018 1691 quam
2067 1603 2292 1678 multae
2341 1604 2426 1667 ob

292 1728 633 1795 percussos
676 1709 935 1774 tributae
978 1709 1199 1784 hostes
1236 1732 1251 1773 τ
1287 1710 1378 1774 ita
1417 1711 1648 1774 melius
1696 1708 1778 1773 de
1821 1708 2018 1774 literis
2067 1709 2346 1791 mereri,
2373 1709 2427 1773 si

292 1813 440 1900 quis
483 1814 653 1879 bene
694 1816 931 1904 scripta
962 1830 1241 1897 tueatur,
1279 1838 1476 1903 quam
1510 1817 1627 1904 qui
1669 1837 1918 1879 errores
1957 1813 2027 1876 in
2065 1813 2178 1882 tali
2209 1837 2280 1877 re
2313 1813 2426 1877 ad-

294 1917 523 1984 missos
571 1937 878 2010 coarguat
919 1937 984 1985 et
1027 1921 1210 2009 quasi
1249 1915 1526 2011 jugulet.
1571 1921 1712 1984 Nisi
1752 1920 1902 2009 quis
1932 1935 2156 2009 putet2
2195 1943 2426 2008 parum

292 2023 764 2120 honestissimis
794 2026 1025 2091 studiis
1048 2026 1370 2116 profuisse
1387 2026 1820 2091 h·Crozium
1839 2041 1907 2090 et
1926 2042 2200 2108 ceteros,
2219 2049 2426 2114 quum

290 2129 615 2208 Harduini
667 2133 1192 2223 importunitates
1242 2153 1279 2195 a
1325 2132 1595 2195 vetustis
1645 2129 2070 2219 scriptoribus
2113 2129 2428 2194 defende-

290 2249 488 2315 runt:
526 2253 723 2325 quem
752 2231 1167 2317 siaudiamus
1185 2280 1206 2316 ,
1234 2232 1448 2298 omnis
1477 2255 1660 2322 paene
1689 2230 1847 2299 fides
1871 2232 2180 2298 historica
2201 2231 2430 2310 eadem

290 2356 569 2443 perierite

380 2448 533 2520 Haec
567 2468 773 2533 quum
806 2448 894 2511 ita
926 2447 1093 2530 sint,
1131 2464 1293 2537 puto
1334 2470 1440 2512 me
1475 2470 1610 2512 non
1642 2446 1927 2511 alienum
1966 2445 2179 2511 facere
2205 2471 2246 2512 a
2273 2472 2430 2513 meae

290 2552 436 2622 vitae
462 2552 761 2616 instituto
782 2600 803 2633 ‚
837 2553 925 2635 si,
958 2570 1035 2618 ut
1067 2552 1401 2643 quondam
1431 2551 1806 2619 adolescens
1837 2550 2284 2632 abjudicatum
2315 2578 2429 2619 ne-

294 2656 579 2723 cessariis
615 2656 825 2721 rebus‘
849 2660 1135 2724 Luciano
1172 2660 1574 2749 Philopatrin
1596 2708 1616 2744 ,
1653 2658 1953 2724 ducentis
1985 2660 2172 2723 annis
2205 2660 2430 2741 junio-

292 2786 431 2835 rem
480 2763 799 2851 probabili
817 2813 837 2849 ,
898 2767 1170 2854 probata
1228 2782 1401 2839 certe
1456 2764 1707 2831 idoneis
1751 2765 2084 2847 judicibus
2110 2813 2128 2847 ,
2179 2767 2434 2831 ratione

292 2868 551 2933 ostendi
582 2894 600 2953 ;
658 2870 745 2934 ita
816 2893 996 2949 nunc
1054 2869 1240 2945 senili
1299 2870 1518 2945 studio
1540 2919 1559 2953 ‚
1622 2868 1784 2959 quid
1843 2892 1966 2959 pro
2024 2869 2432 2936 vindioendis

290 2974 385 3041 Μ.
424 2976 637 3056 Tullio
674 2976 973 3042 Ciceroni
1008 2977 1412 3053 orationibus
1433 3026 1451 3059 ‚
1485 2998 1645 3065 quas
1680 2975 1885 3041 redux
1914 2977 1998 3039 ab
2032 2976 2260 3042 exsilio
2300 2978 2434 3067 pri·

292 3103 429 3161 mas
450 3080 681 3147 habuit
698 3130 717 3165 ,
751 3081 879 3147 dici
900 3083 1140 3172 possit,
1172 3104 1245 3146 ea
1278 3098 1346 3147 et
1374 3080 1822 3146 moderatione
1845 3096 1911 3145 et
1929 3080 2230 3147 libertate
2247 3130 2266 3165 ,
2291 3104 2435 3172 quae

288 3186 461 3251 hanc
494 3202 747 3263 aetatem
781 3186 1011 3252 decere
1042 3186 1328 3269 videtur,
1359 3189 1704 3276 proferam.
1730 3186 1912 3251 Fecit
1937 3186 2108 3251 hanc
2139 3185 2437 3277 disputa-

289 3294 537 3357 tionem
585 3293 639 3357 si
688 3316 826 3358 non
874 3293 1296 3357 necessariam
1318 3341 1337 3374 ‚
1387 3308 1827 3381 opportunam
1880 3306 2089 3374 certe,
2139 3292 2434 3356 virorum

286 3398 637 3475 doctorum
686 3400 755 3464 in
810 3402 1043 3490 Anglia
1085 3400 1482 3465 concertatio
1503 3448 1520 3481 ,
1572 3400 1757 3482 cujus
1807 3398 2146 3463 historiam
2187 3419 2436 3489 propo-

286 3527 444 3579 nere
469 3553 489 3587 ‚
544 3522 613 3570 et
662 3527 891 3570 omnes
942 3523 1155 3594 partes
1201 3504 1551 3595 prosequi,
1597 3504 1678 3569 ab
1724 3505 1852 3569 hoc
1903 3519 2080 3569 certe
2124 3504 2279 3569 loco
2319 3504 2435 3569 ab·

283 3610 527 3689 horret,
562 3610 885 3700 Equidem
918 3611 984 3675 in
1016 3610 1355 3700 praesentia
1385 3633 1458 3675 ea
1485 3626 1743 3675 tantum
1777 3607 2254 3675 consideranda
2284 3632 2437 3698 pro·

282 3740 527 3806 ponam
558 3716 948 3799 lectoribus,
986 3739 1131 3805 quae
1175 3718 1274 3781 vir
1316 3716 1696 3806 ingeniosus
1727 3714 1808 3781 ut
1835 3714 2028 3805 pauci
2059 3732 2128 3779 et
2160 3714 2398 3779 doctus
2417 3763 2434 3795 ‚

284 3820 704 3887 Marklandus
724 3871 741 3903 ,
794 3838 1018 3888 contra
1065 3832 1374 3902 γνησιότητοι
1422 3838 1706 3910 quatuor
1752 3820 2006 3885 illarum
2056 3821 2435 3886 orationum

287 3927 670 4017 disputavit,
703 3951 849 4017 quae
884 3928 1080 3993 etiam
1112 3944 1310 4017 atque
1346 3928 1539 3993 etiam
1568 3951 1685 4027 per
1718 3928 1841 3992 hos
1873 3928 2124 4015 aliquot
2155 3948 2367 3990 annos
2397 3949 2438 3988 a

286 4056 390 4098 me
428 4054 748 4121 perpensa
784 4032 1084 4101 nondum
1122 4050 1483 4123 potuerunt
1515 4036 1616 4100 vel
1651 4051 1898 4117 veteres
1934 4034 2104 4098 avias
2149 4032 2312 4097 mihi
2349 4030 2436 4096 de
