2594 4537
916 301 1460 369 EXCURSUS
1518 304 1592 369 1.·
1671 354 1678 365 .
2163 298 2304 395 617

176 427 442 505 leretur,
478 445 613 487 non
645 421 927 503 indicat,
959 437 1177 485 tamen
1210 422 1279 485 in
1315 436 1546 487 senatu
1572 435 1814 509 gestam
1841 442 1978 487 esse
2011 436 2310 487 testatur.

176 534 373 597 Errat
404 531 605 621 igitur
634 532 705 595 in
739 529 885 593 loco
915 528 1297 595 Plutarchus
1316 577 1334 611 ,
1361 530 1430 593 in
1461 550 1684 611 causa,
1719 544 1796 593 ut
1835 530 2092 617 opinor,
2123 521 2312 595 Vale-

179 640 359 703 rius:
394 660 591 727 quem
624 634 889 725 quidem
924 634 1104 700 haud
1138 635 1336 701 semel
1379 635 1764 725 negligentia
1799 635 2052 723 lapsum
2083 635 2315 725 depre-

178 745 407 811 hendi.
441 746 807 809 Conversus
835 743 1034 831 igitur
1066 742 1147 808 ad
1182 743 1503 831 populum
1539 743 1746 807 Caesar
1771 743 1979 831 legem
2014 743 2184 807 hanc
2215 745 2311 806 fa-

182 852 306 917 cile
338 851 624 941 pertulit,
654 873 783 938 qua
806 873 961 932 non,
1000 865 1076 914 ut
1098 850 1500 938 postulatum
1525 866 1660 914 erat
1681 850 1890 928 initio,
1921 850 2312 914 locationem

180 958 445 1023 induxit
463 1003 482 1038 ,
530 954 647 1021 sed
684 957 941 1021 tertiam
986 956 1360 1021 mercedum
1398 972 1649 1045 partem
1675 956 1941 1020 remisit.
1976 954 2156 1039 Quid
2181 954 2315 1019 ita?

184 1065 339 1153 quia
395 1084 619 1129 recens
674 1078 929 1151 poterat
978 1062 1215 1126 locatio
1260 1060 1542 1127 rescindi
1571 1084 1587 1127 ε
1635 1062 1852 1150 elapso
1912 1077 2132 1126 autem
2182 1062 2317 1125 fere

182 1170 453 1235 biennio
468 1217 489 1251 ,
512 1169 646 1250 jam
684 1166 755 1232 id
790 1190 926 1234 non
958 1184 1096 1233 erat
1126 1169 1459 1257 integrum
1489 1191 1506 1233 z
1543 1190 1678 1257 quo
1718 1166 1987 1256 quidem
2022 1184 2316 1255 tempore

182 1275 471 1363 accepti,
504 1290 572 1338 et
604 1272 803 1339 soluti
832 1273 997 1339 ratio
1029 1273 1388 1339 constabat.
1411 1274 1639 1361 Itaque
1659 1273 1792 1337 hoc
1819 1270 2125 1337 videntur
2149 1287 2319 1335 tem·

185 1402 313 1471 pus
336 1379 653 1469 respicere
684 1380 1033 1445 Suetonius
1061 1380 1131 1445 in
1168 1380 1396 1446 Caesar.
1421 1402 1559 1467 cap.
1593 1401 1717 1460 203
1749 1378 1900 1460 Dio,
1931 1379 2057 1443 loc.
2095 1378 2206 1442 cit.
2244 1394 2312 1441 et

182 1487 519 1575 Appianus
535 1533 554 1568 ,
602 1485 785 1551 Civil.
832 1486 896 1549 ΙΙ
917 1534 936 1569 ,
989 1487 1096 1569 13,
1150 1484 1314 1551 dum
1357 1510 1396 1549 a
1448 1484 1808 1573 publicanis
1863 1486 2282 1547 remissionem
2298 1532 2318 1566 ,
2373 1478 2380 1485 ’

187 1596 429 1661 ἐκδικίαν,
464 1602 633 1675 ἄφεσιν
664 1593 1056 1679 postulatam
1091 1592 1337 1657 dicunt.
1367 1592 1716 1656 Suetonius
1747 1612 1904 1655 vero
1936 1589 2146 1672 addit,
2177 1591 2318 1653 Cae-

184 1711 391 1755 sarem
410 1742 429 1773 ‚
465 1724 491 1749 a
513 1716 597 1759 ne
620 1698 688 1760 in
716 1697 1038 1763 locatione
1056 1720 1379 1763 novorum
1402 1697 1812 1787 vectigalium
1835 1695 2320 1761 immoderatius

185 1795 536 1863 licerentur
580 1800 607 1888 (
633 1802 1013 1891 publicanos
1062 1818 1129 1867 et
1176 1818 1544 1891 equestrem
1598 1800 1944 1887 ordinem)
1988 1802 2318 1889 propalam

186 1903 519 1969 monuisse
541 1936 587 1971 ι.
615 1906 787 1995 Ergo
809 1906 1074 1995 petendi
1101 1928 1291 1971 musa
1317 1907 1690 1995 permansit,
1725 1930 1870 1994 quae
1897 1930 1933 1970 a
1963 1908 2178 1994 primo
2199 1906 2323 1969 fuit

187 2008 499 2094 exposita.
517 2009 661 2075 'Sed
682 2012 763 2076 ab
793 2012 893 2076 his
923 2012 1344 2077 vehementer
1373 2011 1669 2076 dissentit
1699 2011 2092 2092 scholiastes,
2109 2012 2322 2075 aliam-

188 2132 321 2198 que
355 2111 546 2177 docte
581 2136 839 2179 causam
862 2116 1181 2204 patefacit.
1218 2145 1245 2171 κ
1267 2115 1496 2198 Quum
1527 2114 1826 2203 princeps
1853 2129 2019 2178 esset
2031 2114 2324 2202 publica-

188 2238 429 2282 norum
477 2220 595 2284 Cn.
640 2218 883 2286 Plancii
924 2236 1127 2310 pater,
1175 2236 1241 2284 et
1276 2219 1546 2284 societas
1584 2218 1810 2284 eadem
1848 2219 1918 2283 in
1951 2215 2322 2284 exercendis

187 2322 609 2412 vectigalibus
646 2326 1023 2415 gravissimo
1066 2323 1309 2389 damno
1344 2322 1673 2389 videretur
1702 2327 1961 2410 affecta,
1998 2322 2322 2388 desidera-

188 2442 335 2490 tum
385 2443 483 2492 est
536 2430 605 2493 in
653 2446 882 2494 senatu
922 2431 1189 2494 nomine
1217 2429 1752 2518 publicanorum,
1785 2445 1864 2494 ut
1909 2452 2062 2493 cum
2110 2430 2188 2492 iis
2219 2452 2322 2492 ra·

187 2533 285 2597 tio
303 2550 644 2623 putaretur
662 2537 803 2626 lege
825 2537 1227 2626 Sempronia,
1250 2552 1318 2601 et
1339 2535 1735 2600 remissionis
1759 2551 2014 2600 tantum
2041 2533 2224 2600 fieret
2241 2534 2322 2599 de

174 2661 445 2710 ‚summa
466 2644 781 2730 pecuniae,
798 2660 1119 2731 quantum
1133 2643 1402 2731 aequitas
1425 2643 1800 2731 postularet,
1815 2665 1938 2730 pro
1964 2642 2323 2730 quantitate

189 2744 605 2829 damnorum,
637 2750 875 2836 quibus
906 2749 1163 2814 fuerant
1189 2749 1412 2814 hostili
1435 2749 1810 2814 incursione
1840 2751 2089 2814 vexati»
2121 2747 2324 2831 Quod

190 2851 434 2917 Plancii
454 2867 704 2941 patrem
732 2853 1227 2942 publicanorum
1264 2855 1542 2943 appellat
1577 2854 1930 2941 principem
1953 2901 1970 2935 ,
2006 2853 2174 2917 bene
2192 2867 2322 2917 est:

190 2979 345 3024 nam
380 2958 629 3040 Cicero,
662 2980 799 3046 cap.
843 2958 921 3022 13
946 3006 965 3039 ,
1000 2959 1225 3023 «inter
1260 2981 1416 3023 suos
1446 2958 1847 3047 principem»
1879 2957 2038 3022 dicit
2067 2981 2084 3021 ε
2118 2958 2322 3022 immo

188 3062 384 3127 etiam
406 3064 539 3128 hoc
569 3066 777 3152 capite
807 3078 1181 3141 extremm·
1156 3065 1395 3128 -hunc
1431 3087 1466 3127 a
1499 3086 1760 3128 summo
1788 3063 1929 3128 viro
1961 3064 2320 3156 principem

190 3189 331 3232 esse
376 3167 623 3234 ordinis
672 3167 1131 3256 judicatum,»
1168 3191 1404 3257 nempe
1447 3184 1524 3232 ut
1569 3189 1648 3232 ex
1693 3169 1954 3251 CXXV,
2003 3191 2140 3257 cap.
2187 3192 2320 3257 17·

146 3283 151 3290 '
192 3251 579 3357 «judicibus,
598 3274 1000 3363 principibus
1030 3275 1344 3363 equestris
1373 3273 1618 3338 ordinis
1639 3303 1687 3337 n.
1725 3275 1822 3336 De
1845 3274 1988 3363 lege
2017 3272 2122 3338 illa
2145 3274 2326 3338 Sem-

190 3380 420 3467 pronia
446 3380 785 3471 singularis
812 3397 910 3446 est
938 3382 1171 3446 locus
1153 3406 1222 3446 m
1249 3382 1433 3446 Verr.
1466 3381 1601 3461 111,
1647 3379 1689 3442 6
1709 3401 1902 3466 ,quo
1938 3381 2284 3469 provinciis
2305 3429 2325 3462 ,

188 3513 217 3538 α
252 3501 387 3564 aut,
412 3487 629 3574 inquit
648 3534 667 3569 ,
698 3487 1079 3576 impositum
1107 3487 1380 3576 vectigal
1415 3501 1512 3550 est
1548 3500 1801 3549 certum
1824 3532 1842 3566 ,
1877 3483 2060 3574 quod
2084 3486 2327 3576 stipen-

190 3591 471 3656 diarium
504 3594 762 3678 dicitur,
790 3612 865 3660 ut
893 3596 1227 3685 Hispanis,
1264 3610 1332 3658 et
1359 3593 1686 3682 plerisque
1718 3590 2072 3656 Poenorum
2091 3641 2110 3675 ,
2143 3593 2327 3681 quasi

188 3695 473 3764 ‘victoriae
495 3703 865 3788 praemium,
890 3724 964 3766 ac
1000 3723 1189 3790 poena
1220 3698 1400 3775 belli,
1439 3715 1554 3763 aut
1588 3699 1879 3763 censoria
1914 3698 2152 3764 locatio
2180 3721 2334 3762 con-

191 3803 420 3868 stituta
453 3821 584 3888 est,
606 3823 683 3870 ut
712 3807 877 3870 Asiae
909 3807 1049 3896 lege
1067 3805 1516 3894 Sempronia».
1552 3805 1779 3886 Quum
1808 3803 2007 3892 igitur
2027 3803 2101 3866 hi
2124 3805 2334 3893 publi-

191 3911 360 3991 cani,
406 3931 571 3998 quos
605 3913 957 4001 generatim
993 3913 1189 3977 ceteri
1216 3911 1592 3992 nominant,
1620 3912 1886 3992 Asiani,
1914 3926 1986 3973 ut
2014 3909 2294 3976 vidimus
2311 3959 2330 3992 ,

194 4038 234 4078 a
261 4014 477 4082 Tullio
513 4033 851 4100 vocentur,
904 4034 970 4082 et
1021 4016 1103 4083 de
1142 4017 1522 4084 censoribus
1559 4014 1971 4094 conduxisse·
2001 4015 2332 4098 dicantur,
