2594 4537
462 297 726 365 POST
766 297 1103 367 REDIT.
1157 297 1263 367 IN
1315 297 1532 368 SEN.
1590 300 1988 371 ORATIO.
2151 302 2290 374 283

150 441 303 488 non
352 417 642 491 liceret?
683 426 865 493 Cum
920 421 1063 492 hoc
1106 433 1237 491 tu⁹
1288 421 1482 493 coire
1517 445 1734 494 ausus
1771 449 1886 511 es,
1923 438 2004 494 ut
2037 447 2292 497 consu-

151 526 379 600 larem
426 527 845 628 dignitatem
870 585 889 618 ‚
948 545 1028 601 ut
1064 529 1480 628 reipublicae
1515 546 1780 604 statum
1805 587 1824 620 ‚
1870 547 1954 603 ut
1999 547 2292 606 senatus

148 641 657 710 auctoritatem
681 693 700 726 ,
738 654 821 711 ut
856 641 1031 712 civis
1066 644 1340 738 optime
1373 643 1609 713 meriti
1645 641 1974 715 fortunas
2001 646 2288 742 provin-

147 751 429 820 ciarum
473 748 747 821 foedere
793 749 1161 822 addiceres
1186 751 1297 820 ¹⁰?
1338 755 1438 822 Te
1479 753 1774 824 consule
1793 806 1814 839 ‚
1856 753 1999 823 tuis
2041 753 2292 824 edictis

146 869 219 926 et
256 859 618 954 imperiis,
658 863 937 930 senatui
984 857 1412 958 populoque
1456 885 1772 933 romano·
1797 887 1948 934 non
1995 878 2102 936 est
2134 863 2287 934 lici·

144 975 350 1054 tum,
389 991 543 1038 non
590 968 815 1040 modo
868 971 1322 1041 sententiis¹¹
1383 983 1600 1067 atque
1641 976 2066 1044 auctoritate
2115 995 2288 1062 sua,

140 1075 273 1146 sed
294 1097 390 1146 ne
419 1076 621 1148 luctu
652 1078 951 1176 quidem
966 1100 1049 1150 ac
1063 1082 1330 1152 vestitu
1347 1089 1411 1124 ¹²
1435 1079 1854 1179 reipublicae
1877 1081 2285 1154 subvenire.

138 1189 509 1283 Capuaene
546 1203 617 1260 te
656 1187 996 1286 putabas,
1041 1191 1117 1260 in
1158 1213 1306 1288 qua
1349 1189 1532 1262 urbe
1575 1189 2020 1262 domicilium
2057 1217 2276 1288 quon-

138 1294 311 1366 dam
369 1297 723 1394 superbiat
772 1297 947 1386 fuit,
1002 1300 1378 1372 consulem
1435 1323 1588 1372 esse
1615 1299 1704 1388 ¹³,
1757 1303 1946 1402 sient
2000 1327 2154 1373 eras
2195 1327 2284 1373 eo

138 1421 513 1504 tempor-(33
550 1423 641 1479 an
679 1413 923 1480 Romae
948 1463 968 1498 ‚
1007 1412 1083 1481 in
1132 1433 1277 1507 qua
1321 1412 1605 1482 civitate
1647 1434 1906 1482 omnes
1949 1427 2114 1482 ante
2157 1435 2284 1482 vos

134 1517 479 1589 consules
529 1521 813 1590 senatui
880 1521 1331 1618 paruerunt?
1381 1525 1490 1592 Tu
1549 1546 1625 1593 es
1672 1545 1931 1605 ausus),
1967 1525 2046 1592 in
2090 1526 2281 1592 circo

136 1626 491 1698 Flaminio
536 1628 1021 1728 productus¹⁴
1066 1655 1236 1702 cum
1283 1646 1427 1704 tun.
1465 1631 1590 1703 illo
1634 1633 1827 1730 pari,
1885 1632 2165 1718 dicere,
2211 1647 2280 1703 te

38 1796 44 1808 .
134 1761 429 1836 semper
480 1741 1018 1812 misericordem
1061 1740 1283 1814 fuisse
1309 1738 1415 1810 ¹5?
1455 1767 1605 1844 quo
1649 1741 1876 1814 verbo
1911 1756 2280 1830 senatum,

133 1861 361 1945 atque
396 1873 650 1923 omnes
685 1849 923 1923 bonos
960 1865 1151 1936 tum,
1199 1877 1428 1948 quum
1476 1879 1516 1922 a
1563 1855 1790 1949 patria
1834 1868 2106 1951 pestem
2149 1853 2276 1926 de-

1244 2133 1424 2180 bentur
1457 2131 1674 2196 prefecti
1701 2131 2082 2195 municipiorum
2099 2135 2153 2195 );
2187 2135 2274 2181 sed

1245 2213 1424 2260 abusus
1467 2220 1540 2259 est
1577 2211 1777 2258 nomine
1814 2211 2030 2259 consulis
2069 2223 2270 2277 propter

132 2143 303 2182 notata
320 2135 539 2199 vestigiis
563 2151 675 2184 cum
700 2145 783 2186 tus
809 2149 969 2184 severs
996 2135 1159 2183 fronte

130 2211 333 2262 minime
360 2215 693 2279 congruebant
708 2249 724 2277 ‚
758 2213 844 2264 sed
877 2225 926 2264 te
961 2229 1159 2279 quoqne

132 2292 279 2341 talem
306 2294 359 2341 in
392 2294 585 2360 flagitiis
613 2312 743 2355 esse,
772 2311 1061 2361 quamquain
1092 2295 1157 2342 si·
1243 2290 1614 2339 similitudinem
1639 2290 1946 2354 magistu-stus
1979 2294 2232 2355 utriusque
2251 2328 2266 2353 ‚

130 2372 371 2435 mulares,
397 2374 735 2424 ostendebant.
760 2402 832 2411 -·
876 2376 964 2423 Ad
997 2375 1157 2423 occul-

132 2452 293 2500 tanda
329 2464 473 2501 tanea
491 2453 719 2522 flagicia.
750 2455 873 2517 Qnae
910 2454 1156 2503 occultare

129 2542 271 2579 antes
334 2532 511 2581 frontis
560 2534 902 2596 integumento
983 2532 1155 2580 solitus

131 2624 252 2751 eng.
282 2688 437 2738 Abest
462 2701 533 2739 eu.
563 2692 613 2740 J.
632 2690 697 2739 V.
724 2690 779 2738 1..

204 2782 289 2817 ιο.
320 2768 608 2818 Addiceres.
644 2770 723 2817 Se.
748 2766 943 2816 libidini
972 2767 1155 2816 tribuni

128 2846 197 2910 pl.
223 2846 391 2898 clodii
405 2882 421 2909 ,
443 2850 671 2913 potestati
690 2849 1117 2913 eiuapermitteres
1132 2883 1148 2912 ,

128 2937 183 2975 ut
201 2942 255 2975 ea
278 2938 395 2975 sunt
415 2928 469 2975 in
492 2936 730 2993 potestate
754 2938 921 2975 nostr·
939 2961 954 2987 ,
982 2942 1093 2991 quie
1118 2930 1167 2975 s·

130 3006 271 3055 nobis
296 3018 459 3072 empta
484 3018 597 3055 sunt
612 3042 627 3066 ,
654 3018 739 3055 ant
764 3008 929 3071 potins
942 3038 961 3065 ,
990 3017 1047 3055 nt
1075 3018 1150 3055 est

128 3084 322 3134 debitor
348 3085 539 3151 jndicio
580 3086 723 3135 nobis
756 3085 999 3134 addictus.
1027 3085 1146 3137 Vid.

126 3164 319 3214 Ernesti
355 3166 491 3217 clav.
526 3166 712 3215 Eodem
750 3166 901 3213 modo
938 3164 1143 3224 dedere,

126 3244 321 3292 eradere
332 3280 351 3302 ,
381 3245 567 3295 donare
588 3245 799 3294 hostibus
818 3244 987 3309 paullo
1007 3254 1144 3309 post.

198 3340 213 3371 s
233 3340 257 3371 r
268 3358 283 3371 .
314 3324 591 3373 Sententiis.
610 3326 739 3374 Nam
754 3334 947 3373 senatus
962 3334 1145 3372 vestem

124 3400 402 3451 mutandam
422 3414 685 3452 censuerat.
704 3402 941 3454 Consules
956 3414 1142 3463 antem,

124 3492 293 3530 contra
336 3498 482 3548 qnam
519 3492 714 3533 senatus
756 3482 1049 3543 censuisset,
1088 3492 1146 3531 nt

122 3558 248 3609 cives
267 3560 331 3608 sd
356 3562 584 3611 vestitum
606 3561 844 3620 redirent,
868 3560 1142 3609 edixerunt.

194 3654 275 3688 ω.
300 3640 378 3687 Ne
399 3641 531 3688 tuctu
557 3658 606 3705 q.
637 3658 701 3689 ac
714 3640 909 3689 vestitu.
940 3642 981 3689 1.
1014 3655 1055 3689 e.
1082 3656 1145 3687 ne

120 3714 255 3766 luctu
277 3720 503 3783 quidem,
540 3722 627 3785 qni
648 3730 782 3769 veste
802 3729 988 3768 mutata
1014 3717 1145 3766 indi-

121 3806 271 3845 estur.
292 3800 389 3846 Pro
408 3798 537 3846 luctu
554 3800 775 3848 Groevins
801 3798 961 3847 edidit
980 3798 1141 3845 vultu.

124 3870 131 3879 '
191 3876 270 3924 13.
316 3869 575 3926 Cifnsnlem
622 3894 741 3927 esse.
790 3878 993 3942 Proprie
1040 3888 1143 3925 erst

119 3956 292 4020 Capuae
325 3956 582 4005 duumvir:
605 3972 701 4006 uns
738 3972 848 4006 eum
873 3958 965 4006 Cn.
1000 3958 1141 4005 Pom·

116 4037 225 4097 peio
254 4033 276 4101 (
292 4036 361 4107 ita
388 4036 549 4096 enim,
576 4052 677 4087 non
713 4038 962 4096 consules,
991 4050 1138 4085 voca·

1242 2371 1509 2435 prasertim
1528 2370 1582 2418 in
1601 2370 1686 2417 ills
1710 2370 1831 2417 urbe
1849 2403 1866 2428 ,
1879 2386 1991 2435 qna
2011 2382 2112 2418 tum
2132 2386 2270 2435 pane

1242 2452 1400 2497 Roma
1425 2448 1574 2498 altera
1610 2448 1890 2513 putabatur.
1925 2450 2162 2499 Enmdem
2191 2452 2271 2501 Pi-

1242 2544 1412 2579 sonem
1423 2530 1604 2578 Noster
1621 2540 1766 2577 vocat
1776 2530 2078 2595 Campanum
2095 2547 2270 2579 oonsu-

1243 2608 1370 2667 lem5
1393 2624 1484 2674 per
1506 2610 1780 2657 irrisionem
1807 2626 1900 2672 pro
1927 2609 2226 2659 duumvirum
2248 2627 2266 2659 .·

1240 2690 1328 2754 qui
1353 2690 1510 2740 faetus
1535 2700 1638 2738 ent
1662 2692 1719 2738 L.
1745 2692 1862 2739 Piso
1885 2706 1912 2739 s
1935 2692 2120 2743 cussare
2151 2708 2266 2741 cnm

1241 2770 1333 2818 Cn.
1345 2769 1598 2833 Pompeio,
1608 2769 1818 2817 deducta
1829 2770 2045 2833 Capuam
2055 2770 2264 2820 colonia.

1236 2850 1516 2913 Campaniae
1535 2858 1696 2897 antem
1713 2850 1943 2912 princeps
1959 2848 2078 2897 urbs
2095 2851 2264 2914 Capua

1235 2938 1352 2976 erat.
1381 2930 1474 2977 Pro
1491 2930 1684 2989 Domo,
1712 2942 1820 2992 cap.
1848 2928 1942 2987 233
1967 2928 2180 2991 itemque
2205 2930 2262 2975 in

1235 3008 1460 3056 Pisonem
1473 3041 1488 3065 ‚
1510 3022 1622 3071 cap.
1643 3020 1668 3056 1
1681 3021 1700 3053 1
1715 3041 1728 3055 .

1311 3090 1391 3146 14.
1440 3088 1500 3133 In
1537 3086 1670 3134 eit-eo
1703 3082 1944 3132 tzanninio
1973 3083 2258 3147 productus.

1233 3168 1278 3214 A
1301 3168 1360 3215 Ρ.
1383 3164 1564 3213 modio
1579 3200 1596 3227 ‚
1617 3163 1818 3212 tribuno
1843 3163 2016 3227 plebis.
2035 3188 2110 3200 —-
2138 3164 2256 3212 Cum

1234 3256 1318 3293 cuo
1351 3244 1438 3292 illo
1461 3244 1599 3309 pari.
1632 3241 1760 3293 Cum
1793 3242 2006 3291 Gabinio
2041 3241 2226 3308 collega
2241 3278 2258 3303 ,

1232 3324 1306 3372 tui
1343 3324 1602 3372 simillimo.
1639 3325 1699 3370 In
1745 3323 1968 3369 Pisonem
1985 3357 2001 3382 ,
2037 3336 2146 3386 cap.
2190 3322 2256 3373 8:

1232 3424 1257 3444 α
1274 3401 1477 3450 Edieere
1497 3412 1570 3450 est
1586 3416 1734 3449 susus
1755 3414 1866 3447 oum
1895 3400 1982 3447 iilo
1999 3416 2092 3449 suo
2116 3402 2220 3465 ptri
2239 3438 2255 3463 ,

1230 3496 1376 3546 quem
1411 3492 1570 3529 tamen
1606 3480 1832 3529 omnibns
1863 3479 1998 3528 vitiis
2026 3494 2252 3543 superare

1233 3560 1489 3625 cupiebat,
1523 3570 1582 3608 nt
1617 3570 1840 3617 mustus,
1876 3568 2078 3616 contre,
2108 3573 2252 3622 qnam

1232 3642 1338 3706 ipse
1357 3641 1620 3689 censuisset
1637 3674 1652 3699 ‚
1677 3640 1740 3687 ad
1759 3639 1989 3687 vestitum
2013 3637 2192 3684 rediret
2209 3658 2254 3683 n.

1311 3720 1394 3767 15.
1438 3718 1800 3767 Misericordem
1834 3715 2016 3781 fin‘sss.
2061 3716 2143 3763 sic
2203 3714 2256 3763 in

1232 3798 1503 3857 Pisoniana,
1523 3812 1633 3861 esp.
1647 3798 1680 3844 6
1700 3810 1714 3845 :
1738 3796 2048 3843 -Produetns
2065 3795 2118 3843 in
2133 3810 2258 3843 eon-

1229 3880 1438 3939 cionem,
1457 3892 1607 3941 quum
1627 3890 1754 3925 esses
1769 3877 2094 3939 interrogatus
2105 3910 2120 3933 ‚
2132 3874 2252 3938 qnid

1229 3958 1429 4006 sentires
1455 3956 1516 4005 de
1534 3955 1790 4005 consulatu
1807 3970 1916 4002 meo
1929 3984 1943 4011 ,
1963 3953 2226 4018 respondes
2238 3989 2252 4012 ,

1230 4038 1562 4088 crudelitatem
1585 4036 1677 4085 tibi
1701 4050 1800 4085 non
1819 4036 2010 4101 placere
2030 4056 2072 4083 u.
