2594 4537
580 295 964 363 ORATIO
1014 296 1219 363 PRO
1269 297 1581 364 DOMO
1630 296 1852 364 SUA.
2151 294 2292 392 395

151 411 341 484 dicii.
387 410 654 507 Cujus?
694 414 860 510 quis
893 437 1010 485 me
1053 439 1403 512 umquam
1446 414 1591 486 ulla
1628 413 1837 513 lege³
1884 416 2287 514 interroga-

147 523 302 593 vit?
349 524 514 620 quis
565 524 1008 622 postulavit?
1057 526 1222 622 quis
1271 525 1465 598 diem
1512 523 1736 597 dixit?
1788 531 2032 598 Potest
2076 529 2295 624 igitur

151 633 470 704 damnati
507 657 802 732 poenam
837 639 1191 707 sustinere
1224 634 1736 706 indemnatus?
1786 635 1927 707 hoc
1979 635 2305 708 tribuni-.

148 743 332 814 tium
367 745 518 814 est?
561 743 704 816 hoc
727 744 1137 844 populare?
1177 769 1618 842 quamquam
1654 743 1785 816 ubi
1824 758 1905 816 tu
1941 759 2012 816 te
2046 769 2287 843 popu-

145 851 372 925 larem
395 907 415 941 ,
463 857 599 926 nisi
644 879 873 952 quum
911 880 1048 954 pro
1087 857 1365 955 populo
1404 854 1635 928 fecisti
1656 858 1711 943 ⁴,
1757 871 1967 954 potes
2004 856 2290 928 dicere?

146 965 432 1037 Scilicet
471 990 702 1061 quum
738 965 882 1036 hoc
909 967 1088 1061 juris
1129 991 1170 1038 a
1215 966 1613 1063 majoribus
1643 967 2018 1066 proditum
2053 971 2169 1056 sit,
2202 982 2288 1038 ut

144 1099 369 1146 nemo
427 1075 598 1146 civis
657 1099 1004 1165 romanus
1065 1093 1196 1148 aut
1250 1075 1657 1149 libertatem
1676 1132 1695 1165 ‚
1749 1093 1877 1148 aut
1926 1082 2283 1150 civitatem

144 1187 377 1283 possit
419 1187 780 1273 amittere,
824 1187 959 1256 nisi
1003 1188 1160 1284 ipse
1205 1201 1463 1258 auctor
1510 1184 1745 1258 factus
1786 1188 1923 1258 sit:
1962 1185 2165 1284 quod
2203 1201 2282 1258 tu

144 1297 300 1393 ipse
339 1295 644 1393 potuisti
681 1297 758 1366 in
797 1310 921 1367 tua
956 1321 1168 1368 causa
1190 1293 1222 1340 ⁵
1258 1296 1557 1369 discere.

239 1405 480 1477 Credo
517 1408 746 1495 enim,
784 1430 1230 1505 quamquam
1267 1410 1345 1478 in
1382 1407 1505 1478 illa
1540 1405 1931 1505 adoptione
1964 1406 2283 1505 legitime

143 1513 410 1587 facturn
456 1531 567 1588 est
619 1515 802 1587 nihil
828 1570 849 1600 ‚
903 1532 1146 1590 tamen
1203 1533 1274 1590 te
1325 1543 1479 1590 esse
1531 1519 2049 1614 interrogatum
2074 1573 2093 1606 ,
2147 1543 2282 1588 An-

145 1649 422 1696 c‘romuz
461 1649 697 1714 Essa,
750 1651 845 1697 υτ
905 1653 978 1700 ιπ
1030 1653 1118 1698 ΤΕ
1172 1632 1252 1699 Ρ.
1307 1633 1665 1700 Fon-ems
1714 1653 1897 1699 vrrAE
1948 1653 2287 1712 nnclsomz

143 1759 608 1806 rori-:suren
638 1761 956 1808 nutam
975 1793 994 1826 ,
1035 1763 1130 1810 ur
1161 1764 1228 1810 m
1269 1763 1461 1810 mmo
1484 1736 1535 1809 ⁶.
1563 1742 1861 1831 Quaero,
1906 1739 1965 1811 si
1998 1752 2123 1809 aut
2156 1763 2283 1809 ne-

143 1869 380 1941 gasses
401 1899 422 1934 ,
473 1860 596 1917 aut
629 1850 970 1920 tacuisses
990 1904 1010 1939 ‚
1047 1853 1108 1919 si
1153 1865 1393 1920 tamen
1441 1849 1517 1920 id
1562 1875 1705 1920 xxx
1746 1851 1960 1920 curiae
1982 1861 2007 1906 ⁷
2036 1850 2287 1944 jussis-

144 1971 344 2044 sent,
386 1981 566 2027 num
613 1956 690 2029 id
728 1958 1006 2052 jussum
1051 1973 1238 2031 esset
1281 1959 1566 2030 ratum?
1606 1964 1817 2031 Certe
1866 1985 2040 2031 non.
2086 1960 2286 2050 Quid

144 2067 293 2136 ita?
357 2067 546 2156 Quia
589 2068 710 2162 jus
760 2092 800 2139 a
855 2067 1250 2163 majoribus
1295 2071 1599 2156 nostris,
1644 2071 1772 2166 qui
1810 2055 1961 2139 non
2002 2068 2171 2140 ficte
2214 2085 2289 2140 et

143 2173 487 2248 fallaciter
533 2179 964 2277 populares»,
1011 2179 1139 2252 sed
1195 2204 1367 2252 vere
1417 2193 1492 2250 et
1544 2181 1904 2277 sapienter
1948 2176 2282 2262 fuerunt,

141 2291 236 2358 ita
263 2304 762 2385 comparatum
787 2306 925 2380 est,
953 2306 1038 2362 ut
1065 2292 1236 2363 civis
1256 2314 1603 2361 romanus
1629 2288 2037 2361 libertatem
2064 2312 2282 2365 nemo

142 2392 422 2495 possit?
465 2400 732 2472 invitus
786 2403 1137 2473 amittere.
1190 2403 1393 2493 Quin
1448 2400 1659 2471 etiam
1684 2452 1705 2487 ‚
1748 2399 1806 2468 si
1828 2410 1861 2457 9
1896 2397 2285 2470 decemviri

143 2524 674 2581 sacramentum
711 2514 788 2581 iu
823 2509 1228 2583 libertatem
1263 2511 1616 2607 injustum
1655 2510 2131 2605 judicassent,
2182 2522 2283 2579 ta-

212 2678 262 2727 3.
295 2676 412 2727 Ulla
431 2680 553 2745 Iege.
576 2678 854 2729 Secundum
881 2681 1027 2730 ullius
1041 2680 1164 2747 legis
1249 2680 1426 2747 populi
1452 2680 1757 2745 rogationem
1782 2680 1929 2729 verba
1956 2692 2127 2731 erant:
2151 2686 2284 2731 «Ve-

139 2756 286 2805 νει-δι
312 2768 364 2805 et
392 2758 670 2808 formulam.
1253 2760 1355 2808 litia
1372 2794 1387 2821 ,
1415 2760 1660 2821 jubentia,
1686 2760 1759 2807 uti
1772 2763 1826 2809 1..
1839 2760 2063 2809 Valerius
2080 2762 2281 2811 L.'I‘itio

212 2844 262 2893 ι.
287 2839 388 2883 Pro
411 2840 590 2902 populo
601 2836 786 2903 fecisti.
806 2839 1049 2905 Ambigue
1073 2856 1163 2905 po-
1252 2850 1353 2888 tam
1372 2840 1486 2899 inre
1512 2839 1715 2903 legeque
1756 2836 1887 2887 filiun
1912 2841 2004 2888 siet
2018 2875 2033 2899 ,
2061 2857 2207 2903 quam
2235 2844 2280 2889 ei

140 2914 284 2963 eitum
299 2950 315 2975 ,
339 2932 492 2980 quum
514 2918 578 2967 eit
599 2918 778 2983 populi
795 2936 988 2968 cauum
1009 2922 1160 2982 tueri,

141 3005 224 3042 aut
247 3011 344 3060 pro
372 3013 432 3045 eo
458 3012 592 3046 sacra
624 2999 811 3061 facere,
845 2999 982 3065 qnod
1006 3016 1166 3049 secer·

141 3071 309 3123 dotum
340 3086 449 3135 eet,
480 3088 536 3126 ut
571 3078 636 3126 ad
671 3079 823 3128 Attie.
853 3082 904 3137 1,
941 3096 1038 3140 η,
1079 3082 1159 3129 13.

141 3152 383 3218 Fungitur
431 3157 604 3206 acerbe
647 3158 877 3221 Clodius,
927 3170 1161 3209 renovata

139 3230 268 3281 illiue
292 3237 528 3300 temporie
552 3239 812 3301 memoria,
839 3256 991 3303 quum
1017 3242 1160 3288 Pom—

138 3312 282 3374 peiae,
311 3315 515 3365 Castris
541 3319 738 3380 uxorio,
758 3334 922 3368 amore
937 3318 1158 3385 flamna,

137 3390 200 3437 ad
224 3406 357 3441 sacru
379 3396 528 3444 Bouae
549 3398 666 3445 Deae
695 3396 920 3445 muliebri
950 3399 1126 3446 vestitu
1141 3432 1157 3458 ‚

139 3474 274 3534 quui
292 3485 342 3522 et
368 3474 474 3539 ipse
508 3491 603 3541 pro
625 3477 815 3542 populo
840 3470 1058 3526 facturus
1075 3494 1160 3525 ac-

138 3552 297 3601 cessit.
351 3554 430 3603 Sic
491 3558 676 3621 optime
732 3557 898 3605 locum
944 3557 1158 3621 explicat

135 3628 387 3680 Manutius
402 3666 418 3693 ,
459 3634 514 3682 in
565 3652 667 3701 quo
705 3636 889 3687 harere
935 3636 1156 3702 plerique

137 3707 442 3774 interpretes.

207 3790 256 3836 5.
269 3792 380 3853 Ipse
387 3791 594 3854 potuisti
610 3793 662 3841 in
681 3806 768 3842 ma
785 3810 940 3842 eausa
957 3794 1162 3847 discere.

137 3870 300 3931 Quum
330 3887 360 3918 a
386 3874 591 3921 Fonteio
631 3884 680 3922 te
717 3874 1052 3940 adoptandum
1077 3890 1162 3923 cu-

139 3949 321 3997 ravi-ti.

1253 2936 1317 2967 ex
1360 2934 1421 2965 eo
1462 2928 1600 2982 patre
1642 2928 1891 2980 matreque
1933 2918 2139 2967 familiae
2173 2921 2281 2980 ejus

1251 3009 1398 3047 natue
1425 3008 1581 3055 eoset3
1624 2997 1795 3060 utique
1828 2997 1875 3044 ei
1901 2997 2013 3044 vitae
2046 2999 2277 3063 necisque

1249 3078 1305 3125 in
1336 3094 1449 3125 eum
1482 3086 1701 3141 potestas
1728 3076 1822 3123 siet
1838 3112 1853 3137 ,
1898 3078 1974 3124 uti
1998 3076 2125 3139 petri
2150 3077 2279 3126 endo

1246 3154 1353 3205 filio
1389 3167 1480 3206 eet.
1523 3158 1635 3205 Hoc
1672 3156 1771 3213 ita,
1814 3166 1871 3203 ut
1908 3154 2051 3217 dixi,
2094 3156 2159 3204 ita
2186 3174 2275 3206 voe

1246 3238 1468 3299 Quirites
1518 3252 1641 3301 rogo
1668 3256 1710 3284 a.
1737 3233 1869 3283 Vide
1918 3238 1982 3285 A.
2028 3238 2273 3298 Gellium,

1245 3319 1317 3378 V,
1346 3332 1427 3380 19.

1322 3412 1369 3458 7.
1395 3395 1524 3449 Cod.
1568 3402 1739 3446 Franc.
1775 3394 2019 3460 «triginta
2060 3400 2193 3447 cives
2215 3418 2271 3458 a,

1246 3475 1385 3541 qnod
1400 3491 1503 3523 non
1520 3473 1811 3538 displicebat
1830 3476 2047 3525 Groevio.
2076 3480 2119 3527 1.
2136 3479 2199 3527 V.
2217 3480 2271 3525 1..

1320 3558 1369 3606 8.
1414 3558 1495 3605 Sic
1532 3556 1701 3603 anb.
1748 3556 1911 3604 Groev.
1942 3556 2122 3605 Olivet.
2152 3558 2273 3605 Lan.

1249 3636 1419 3684 Oxou.
1447 3635 1565 3684 edd.
1594 3634 1720 3693 Alii,
1736 3646 1921 3698 posset.

1324 3732 1376 3779 9.
1414 3716 1472 3764 Si
1492 3713 1764 3764 decemve-i.
1802 3714 1941 3762 Nihil
1989 3713 2121 3761 aliud
2168 3714 2275 3764 hoeo

1251 3796 1396 3845 verba
1418 3796 1511 3844 sibi
1532 3796 1725 3854 volunt,
1739 3812 1883 3861 qnam
1904 3796 1995 3842 etsi
2016 3794 2278 3844 decemviri

1249 3874 1619 3941 pronuntiarint
1651 3874 1818 3935 illum,
1838 3876 1925 3938 qui
1965 3885 2273 3924 “cremento

1252 3954 1595 4013 contenderet,
1631 3976 1657 3995 α
1678 3954 1731 4001 ni
1750 3953 1874 4003 liber
1898 3963 2023 4003 esset
2038 3976 2063 3996 n
2080 3988 2096 4015 ‚
2126 3970 2274 4019 pecu-

207 4029 257 4077 6.
291 4032 356 4078 Ut
376 4030 424 4079 ἰη
437 4032 570 4099 filio.
603 4035 728 4095 Quae
761 4034 1042 4100 adoptionis
1077 4052 1165 4101 per
1253 4036 1383 4084 niatu
1404 4033 1686 4100 pei-didiae.
