2594 4537
453 243 1190 315 COMMENTARIUS
1237 245 1553 314 scflol..
1590 245 1972 315 AMBROS.
2124 231 2130 236 ’
2186 269 2227 342 7
2244 269 2269 318 1

241 365 308 435 3.
357 363 626 438 Videor
658 367 851 436 enim
893 364 1043 460 jam
1083 391 1234 438 non
1271 367 1510 439 solum
1548 366 1867 438 studium
1904 343 2281 454 ad‘defen-

141 474 468 546 dendum
496 497 780 563 causas,
817 500 1070 548 verum
1099 478 1319 548 etiam
1346 477 1713 575 opinionis
1748 473 2023 573 aliquid
2054 490 2129 548 et
2162 502 2283 548 au-

143 589 496 660 ctoritatis
519 586 802 660 afferre.

223 739 496 818 Cavet(1)
509 738 676 798 valde
703 760 778 798 ne
799 739 997 800 odium
1023 741 1319 819 quoddam
1350 741 1541 799 nimiae
1556 739 1727 818 hujus
1748 741 2185 800 asseverationis
2196 741 2281 821 (a)

141 839 416 896 incurrat.
439 838 603 896 Facit
626 838 780 896 enim
808 839 1130 917 pericnlum
1151 837 1543 918 impudentia,
1558 838 1660 917 qui
1678 858 1857 916 quum
1872 851 2153 917 patronus
2178 839 2253 896 sit
2269 881 2286 910 ,
2394 880 2401 892 .

138 935 283 992 velit
315 935 476 994 testis
510 933 714 994 videri.

233 1121 360 1187 IV.
399 1141 458 1186 1.
477 1121 657 1188 Duae
689 1117 1226 1212 conjurationes
1256 1115 1385 1190 abs
1418 1132 1531 1206 te,
1570 1120 1932 1214 Torquate
1957 1171 1978 1206 ,
2009 1121 2273 1190 consti·

143 1241 477 1296 tuuntur.

217 1376 558 1453 Conjuratio
581 1373 794 1435 diversi
821 1377 1046 1454 generis
1072 1377 1322 1436 infertur
1348 1378 1633 1456 geminata
1661 1376 2059 1455 propositione
2085 1400 2101 1434 :
2132 1390 2190 1434 et
2216 1379 2278 1436 fit

143 1493 175 1528 a
207 1478 293 1531 M.
323 1473 518 1532 Tullio
553 1475 970 1533 consultissima
1001 1488 1059 1533 et
1086 1495 1207 1532 non
1253 1475 1557 1534 incuriosis
1590 1473 1903 1533 lectoribus
1940 1473 2276 1532 admiranda

143 1568 406 1630 discretio
425 1615 444 1643 ‚
467 1583 534 1628 ut
561 1572 750 1629 solum
786 1584 1012 1650 tempus
1038 1573 1163 1651 ipse
1189 1569 1466 1632 defendat
1492 1571 1905 1650 conjurationis
1934 1569 2057 1647 ejus
2078 1613 2094 1640 ,
2116 1591 2245 1650 quae
2264 1617 2279 1642 ‚

144 1684 202 1723 se
223 1669 454 1725 consule
471 1711 488 1739 ‚
519 1666 881 1745 deprehensa
919 1667 1018 1740 sit3
1055 1669 1200 1728 illud
1227 1689 1371 1728 vero
1400 1671 1663 1748 superius
1688 1669 1998 1728 Hortensio
2020 1669 2279 1746 patroci—

147 1777 308 1820 nante
345 1763 612 1822 fateatur.
633 1763 884 1823 dilucide
921 1777 1277 1844 peroratum.
1324 1769 1415 1824 Ita
1446 1786 1555 1824 nec
1584 1767 1648 1824 fit
1676 1766 1795 1824 ulla
1816 1764 2045 1842 jactura
2072 1763 2277 1824 defen-

145 1859 341 1930 sionis,
365 1860 528 1939 quod
554 1861 699 1919 illud
727 1862 992 1940 superius
1020 1876 1246 1941 tempus
1271 1863 1525 1934 omittat,
1541 1863 1817 1941 quoniam
1845 1861 2106 1920 defendit
2126 1865 2277 1920 Hor—

149 1959 380 2017 tensius:
404 1971 465 2016 et
485 1978 668 2036 quum
690 1959 802 2018 hoc
822 1957 933 2018 sibi
961 1960 1322 2038 potissimum
1348 1960 1508 2020 velut
1532 1960 1805 2038 privatim
1826 1971 1887 2018 et
1904 1959 2276 2036 peculiariter

149 2053 386 2112 vindicet
423 2055 500 2116 ad
531 2053 873 2114 diluendum
898 2099 917 2127 ,
969 2057 1146 2134 magis
1189 2057 1552 2116 existimetur
1592 2057 1917 2130 testimonio
1958 2055 2066 2116 niti
2100 2073 2273 2131 quam

151 2151 510 2226 probatione,
543 2151 858 2212 defendens
883 2173 954 2214 ea
981 2155 1200 2214 scilicet
1227 2153 1444 2232 quibus
1472 2152 1597 2232 ipse
1622 2154 1824 2212 consul
1848 2152 2126 2210 interfuit.

237 2362 299 2405 α.
335 2340 528 2434 Ergo
562 2338 768 2409 istius
796 2337 1315 2433 conjurationis
1343 2340 1619 2410 crimen
1646 2333 2027 2407 defensum
2056 2333 2148 2406 ab
2182 2358 2271 2406 eo

153 2458 246 2515 est
277 2450 400 2543 qui
437 2446 787 2519 interfuit.

218 2616 342 2670 Non
367 2626 677 2673 contentus
709 2613 819 2673 sibi
851 2614 954 2671 uni
989 2613 1287 2672 vindicare
1331 2615 1492 2673 testis
1532 2613 1962 2685 auctoritatem,
2008 2611 2181 2671 etiam
2208 2612 2268 2669 in

153 2704 238 2765 illo
265 2710 638 2787 praecedentis
681 2708 1100 2788 conjurationis
1139 2725 1399 2789 tempore
1414 2752 1432 2783 ,
1476 2710 1753 2788 quoniam
1790 2730 1853 2768 se
1895 2728 2016 2767 non
2046 2721 2238 2787 potest
2254 2752 2271 2781 ,

153 2805 232 2863 vel
257 2806 438 2884 ipsum
468 2820 676 2867 testem
713 2808 1018 2867 constituit
1053 2809 1447 2868 Hortensium.
1490 2807 1586 2867 Sic
1613 2820 1813 2865 contra
1833 2806 2105 2884 injuriam
2136 2820 2275 2867 tem-

151 2904 292 2977 poris
319 2908 624 2985 utriusque
651 2926 772 2965 non
804 2906 1168 2965 defensiones
1195 2906 1447 2965 duorum
1466 2949 1485 2979 ,
1513 2906 1614 2965 sed
1644 2906 1969 2965 testimonia
1999 2904 2273 2964 videntur

153 3004 374 3077 opponi.

221 3182 279 3255 3.
313 3188 480 3257 Non
531 3186 752 3257 modo
807 3190 1052 3258 animo
1111 3185 1291 3258 nihil
1341 3187 1697 3286 comperi,
1749 3186 1879 3259 sed
1938 3186 2031 3257 ad
2077 3186 2265 3259 auris

155 3318 322 3371 meas
360 3303 564 3373 istius
599 3302 1030 3399 suspicionis
1066 3299 1256 3374 fama
1302 3328 1455 3375 non
1490 3305 1871 3401 pervenit.-

215 3462 434 3525 Obnixc
465 3465 732 3543 negando
766 3466 838 3524 de
868 3466 968 3526 illa
995 3467 1297 3545 superiore
1327 3466 1725 3545 conjuratione
1750 3465 1901 3525 nihil
1932 3485 1995 3523 se
2024 3482 2259 3542 compe-
2354 3474 2359 3479 “

153 3554 306 3631 risse,
329 3562 442 3621 hoc
459 3562 814 3641 persuadere
838 3563 1172 3635 connititur,
1195 3564 1389 3622 omnia
1415 3562 1527 3621 sibi
1555 3564 1615 3621 in
1642 3564 1945 3622 consulatu
1963 3580 2069 3621 suo
2100 3560 2274 3621 fuisse

163 3656 448 3718 manifesta.

215 3894 280 3958 (ι)
313 3900 526 3964 Spatium
553 3913 642 3950 ant
657 3900 856 3949 lituram
879 3901 1068 3950 codicis
1091 3900 1296 3980 oppleri
1318 3901 1472 3950 verbo
1500 3909 1659 3949 cavet.
1698 3902 1762 3950 Α.
1786 3904 1859 3950 Μ.

227 3977 298 4042 (2)
331 3982 497 4031 Codex
522 3983 893 4033 ankervaeionis.
924 3986 982 4033 Δ.
1005 3986 1078 4033 Μ.
