2594 4537
324 276 465 377 594
708 276 807 346 m
856 274 1410 347 oRATloNEM
1457 270 2060 342 PLANCIANAM

404 402 695 483 Quoniam
744 400 1062 478 gratiosum
1112 396 1289 457 fuisse
1321 395 1508 455 videri
1543 405 1807 473 poterat,
1837 394 1884 451 si
1915 391 2302 451 adseveraret
2341 410 2468 449 eum

318 498 631 560 Saturnino
660 496 997 577 propinquo
1026 514 1134 553 suo
1184 492 1504 570 placuisse;
1541 489 1744 548 maluit
1783 489 1860 548 ad
1885 487 2176 566 judicium
2215 495 2302 563 Q.
2341 494 2467 548 lle—

318 598 441 657 telli
482 597 819 673 confugere,
864 604 931 651 ut
974 612 1113 651 vere
1156 590 1404 670 cognitis
1431 587 1749 647 virtutibus
1787 588 1982 646 Planci
2041 586 2464 646 existimaverit

317 696 737 756 adolescentem
762 712 869 771 per
896 691 1093 751 omnia
1124 690 1622 771 spectatissimum.
1667 686 1964 767 Significat
1997 698 2194 745 autem
2223 692 2306 759 Q.
2337 692 2462 745 lle·

314 794 545 865 tellum,
566 792 671 869 qui
696 790 959 851 Creticus
981 788 1420 867 cognominams
1449 799 1565 853 est,
1583 782 1742 844 bello
1763 783 1920 863 apud
1949 788 2184 843 Cretam
2213 783 2462 842 felicita-s

316 904 495 967 gesto.
522 886 733 949 Omnia
758 888 885 945 haec
910 898 1047 945 sunt
1066 884 1178 965 (1).
1204 928 1218 942 .
1244 929 1257 941 .

413 1066 479 1138 3.
516 1062 885 1135 Tribunus
931 1058 1029 1161 pl.
1082 1060 1219 1132 fuit
1264 1084 1416 1130 non
1460 1056 1762 1130 fortasse
1815 1070 1964 1128 tam
2012 1056 2420 1129 vehemens
2439 1112 2456 1139 ‚

310 1200 530 1274 quam
564 1178 681 1249 isti
708 1198 897 1273 quos
924 1187 1001 1243 tu
1023 1173 1189 1267 jure
1222 1165 1511 1255 laudaS,
1546 1167 1672 1239 sed
1719 1182 1914 1240 certe
1953 1166 2116 1239 talis
2138 1220 2160 1256 ,
2203 1168 2458 1267 quales

310 1288 369 1357 si
410 1309 665 1358 omnes
694 1306 978 1380 semper
1008 1278 1356 1359 fuissent
1389 1302 1796 1376 numquam
1837 1274 2292 1351 desideratus
2341 1304 2456 1348 xe-

310 1395 615 1467 hemena
642 1407 829 1465 esset
864 1389 1220 1463 tribunus.

384 1564 543 1623 Nihil
572 1574 773 1640 egerat
810 1559 870 1618 in
908 1558 1211 1618 tribunatu
1254 1574 1363 1616 suo
1407 1556 1671 1615 Plancius
1702 1556 1899 1634 aliqua
1931 1558 2232 1635 pmestanti
2285 1556 2451 1615 laude·

308 1660 723 1738 dignissimum.
764 1658 925 1731 Quin
960 1658 1142 1716 immo
1184 1656 1358 1715 etiam
1401 1655 1712 1714 videbatur
1753 1655 1864 1713 hae
1905 1666 2198 1732 potestate
2225 1656 2450 1733 segnius

310 1758 559 1815 functus.
588 1754 880 1829 Quoniam
906 1753 1096 1813 nullas
1111 1772 1253 1832 ergo
1270 1754 1516 1813 virtutes
1539 1751 2016 1813 eminentissimas
2039 1750 2252 1811 habuit
2267 1796 2292 1825 ‚
2313 1774 2452 1831 quas

306 1855 381 1917 de
410 1856 513 1915 illo
546 1852 922 1937 praedicaret,
962 1853 1185 1912 idcirco
1218 1851 1444 1931 aliquid
1481 1851 1539 1911 ei
1567 1851 1768 1911 volens
1807 1851 2109 1929 acquirere
2155 1850 2232 1909 ad
2263 1852 2448 1929 suspi—

306 1953 535 2011 cionem
559 1949 801 2030 ignaviae
826 1948 1221 2028 repellendam
1236 1992 1253 2021 ,
1282 1969 1404 2007 non
1429 1960 1545 2006 tam
1569 1947 1906 2021 vehemens,
1930 1946 2152 2025 inquit,
2181 1947 2448 2006 tribunus

306 2048 417 2107 suit
455 2067 629 2126 quam
656 2047 851 2107 ceteri.
896 2048 971 2106 Et
997 2045 1280 2104 vivaciter
1324 2044 1643 2103 conclusit:
1673 2043 1875 2123 quales
1907 2044 1956 2102 si
1986 2063 2192 2102 omnes
2223 2064 2448 2123 semper

276 2145 577 2223 luissent,
612 2160 931 2223 numquam
962 2141 1325 2201 desideratus
1353 2141 1664 2201 vehemens
1709 2153 1861 2201 esset
1902 2139 2199 2201 tribunus.
2239 2141 2314 2201 Id
2347 2162 2446 2198 vo-

303 2243 427 2302 lens
452 2240 725 2320 intelligi,
762 2260 871 2321 per
900 2238 1207 2308 seditiosos
1236 2252 1295 2298 et
1325 2236 1853 2298 turbulentissimos
1884 2237 1998 2318 (α).
2023 2279 2040 2296 .
2065 2283 2079 2296 .

382 2387 551 2444 XIII.
578 2405 601 2441 1
623 2428 637 2441 .
662 2425 679 2442 .
704 2425 717 2441 .
748 2385 875 2442 Hoc
902 2383 1115 2440 factum
1143 2393 1258 2440 est.
1282 2423 1297 2438 .
1325 2423 1339 2436 .
1371 2399 1478 2437 nec
1504 2379 1798 2452 videlicet,
1827 2377 1988 2457 quod
2015 2383 2230 2458 saepius
2257 2380 2440 2448 iterat,

304 2481 475 2539 valde
520 2479 757 2558 impiam
788 2477 1113 2536 Laterensis
1144 2476 1637 2555 propositionem,
1684 2475 1786 2553 qui
1819 2474 2132 2534 candidato
2175 2479 2314 2556 plus
2340 2479 2442 2537 im-

302 2576 624 2658 pedimenti
660 2595 733 2632 ex
761 2594 1009 2653 persona
1046 2575 1229 2652 patris
1258 2594 1384 2632 esse
1429 2572 1695 2632 debuisse
1728 2571 1974 2646 dixerit,
2017 2593 2196 2650 quam
2235 2575 2442 2635 favoris

302 2671 609 2752 privilegio
632 2669 716 2750 (3)
739 2684 977 2728 naturae.
1010 2670 1185 2743 Quod
1216 2683 1412 2730 autem
1439 2670 1513 2729 de
1539 2681 1708 2748 patre
1739 2669 1911 2739 dicit,
1939 2670 2086 2729 illud
2118 2685 2248 2730 est:
2272 2695 2442 2752 quum

303 2771 578 2851 princeps
602 2779 753 2827 esset
783 2768 1229 2848 publicanorum
1262 2773 1368 2829 Cn.
1411 2768 1630 2827 Plancii
1666 2781 1863 2847 pater,
1890 2779 1948 2826 et
1971 2769 2224 2828 societas
2249 2773 2440 2832 eadem

308 2869 365 2925 in
414 2864 751 2925 exercendis
794 2863 1175 2944 vectigalibus
1221 2864 1560 2942 gravissimo
1611 2863 1826 2924 damno
1863 2865 2168 2925 videretur
2210 2869 2444 2940 affecta,

306 2965 699 3024 desideratum
737 2977 823 3024 est
850 2965 911 3023 in
938 2976 1143 3022 senatu
1170 2963 1406 3021 nomine
1445 2961 1923 3040 publicanorum,
1945 2977 2010 3022 ut
2041 2983 2178 3023 cum
2205 2966 2276 3024 iis
2303 2968 2442 3025 ratio

302 3075 612 3140 putaretur
642 3061 769 3142 lege
795 3060 1139 3140 Sempronia
1152 3060 1269 3140 (4),
1299 3059 1735 3130 etremissionis
1757 3073 1980 3122 tantum
2005 3062 2176 3122 fieret
2201 3063 2280 3122 de
2297 3084 2440 3122 sum-

368 3287 447 3354 (ι)
486 3283 727 3355 Spatium
772 3281 1005 3337 duorum
1052 3299 1301 3336 versuum
1351 3282 1408 3334 in
1446 3280 1635 3336 codice
1679 3283 1768 3336 vix
1811 3282 1922 3338 ulla
1983 3285 2299 3357 conjectura
2357 3306 2437 3340 re·

298 3367 571 3440 plendum.

370 3454 445 3520 (η)
470 3448 811 3504 Desidet-atm-
838 3449 1025 3502 folium
1052 3447 1111 3502 in
1140 3447 1338 3503 codice.

366 3537 446 3606 (3)
483 3532 671 3588 Codex
704 3554 800 3604 pro
821 3535 975 3604 regio.

364 3621 443 3686 (4)
478 3617 681 3671 Utrum
720 3615 1043 3689 intelligatur
1078 3616 1166 3668 hic
1192 3615 1277 3669 lex
1314 3615 1623 3688 Sempronia
1656 3621 1719 3668 de
1745 3620 2054 3680 curculione,
2083 3637 2153 3670 an
2177 3617 2358 3690 potius
2381 3623 2437 3669 de

280 3707 481 3770 finon,
504 3721 573 3755 an
602 3704 919 3769 afniman
946 3700 1048 3753 alia
1072 3719 1133 3754 ex
1161 3710 1237 3753 tot
1264 3698 1588 3773 Semproniis
1608 3701 1835 3772 legibus,
1867 3699 1922 3754 id
1939 3720 2036 3754 nos
2059 3701 2194 3755 olim
2220 3704 2434 3756 eruditis

290 3784 695 3858 disquirendum
716 3784 1070 3856 permisimus.
1097 3785 1265 3850 Nune¹
1281 3783 1616 3838 doctissimus
1634 3784 1955 3838 Garatonius
1977 3785 2044 3837 ad
2067 3785 2231 3858 hujus
2249 3789 2434 3839 oratio-

292 3869 375 3920 nis
402 3887 521 3937 cap.
548 3874 629 3931 14,
650 3867 719 3921 de
738 3870 851 3940 lege
878 3865 1186 3939 Sempronia
1214 3869 1381 3922 verba
1407 3869 1658 3942 produxit
1683 3870 1955 3923 Ciceronis
1982 3871 2032 3922 in
2063 3870 2316 3936 Verrem,
2335 3871 2430 3924 111.

294 3953 327 3998 6
351 3967 364 4000 :
397 3973 423 3992 ··
440 3947 697 4002 Censor-ia
724 3951 915 4004 locatio
936 3951 1221 4005 constituta
1246 3965 1325 4006 est
1339 3993 1355 4018 ,
1378 3965 1440 4006 ut
1465 3954 1600 4006 Asiae
1627 3954 1740 4024 lege
1762 3952 2074 4024 Sempronia
2093 3980 2138 4006 ο.
2159 3953 2266 4006 Sed
2291 3956 2423 4007 enim

294 4030 451 4080 etiam
484 4029 697 4094 Fronto,
736 4034 889 4104 epist.
918 4042 973 4100 4,
1000 4033 1093 4088 lib.
1121 4035 1178 4088 11
1212 4037 1279 4088 ad
1305 4037 1506 4090 Verum
1523 4075 1540 4098 ,
1573 4037 1788 4090 fortasse
1816 4035 1994 4089 innuit
2017 4055 2134 4090 eam
2157 4035 2327 4106 legem
2351 4037 2425 4087 his
