2594 4537
594 330 984 398 ORATIO
1033 332 1241 400 PRO
1289 330 1372 398 L.
1424 327 1842 400 FLACCO.
2149 329 2279 425 193

144 447 567 548 prebendas
588 503 607 538 ,
676 453 857 522 scire
908 451 1126 548 cupio
1170 477 1188 520 ε
1232 447 1434 547 quod
1477 445 1733 519 falsum
1753 461 1784 492 ²
1839 449 2283 522 intenderit?

151 562 287 656 qui
315 560 587 632 doces?
625 564 949 658 Ingenua
974 615 993 648 ,
1042 561 1318 658 inquit,
1376 557 1512 630 fuit
1541 555 1593 629 ³.
1639 564 1702 630 Ο
1748 560 2063 656 peritum
2101 560 2284 656 juris

152 669 563 742 hominem!
602 671 848 762 Quid?
883 670 975 743 ab
1018 673 1352 769 ingenuis
1395 669 1820 742 mulieribus
1847 668 2282 742 hereditates

152 777 313 876 lege
366 803 521 850 non
554 781 917 852 veniunt?
958 787 1045 853 In
1080 795 1376 853 manum
1391 783 1450 868 4,
1495 782 1772 877 inquit,
1819 795 2276 854 convenerat.

150 891 369 960 Nunc
431 887 669 960 audio.
741 889 883 962 Sed
948 915 1195 988 quaero
1226 945 1245 980 ,
1303 914 1442 961 usu
1469 887 1499 933 ⁵
1542 943 1562 978 ,
1625 913 1717 960 an
1771 891 2284 988 coemptione?

152 1000 312 1068 Usu
346 1023 509 1068 non·
527 1001 785 1096 potuit.
814 999 1009 1074 Nihil
1044 1002 1235 1072 enim
1274 1013 1514 1098 potest
1539 997 1628 1070 de
1661 997 1931 1072 tutela⁶
1967 1001 2284 1097 legitima

154 1108 312 1178 sine
362 1111 695 1180 omnium
754 1125 1077 1182 tutorum
1144 1111 1567 1183 auctoritate
1621 1108 1966 1182 deminui.
2023 1115 2282 1182 Coem-

152 1218 471 1316 ptione?
504 1219 845 1292 omnibus
900 1245 1075 1319 ergo
1126 1220 1564 1294 auctoribus.
1625 1224 1708 1291 In
1772 1219 2042 1318 quibus
2090 1238 2284 1295 certe

150 1327 491 1400 Flaccum
534 1328 753 1401 fuisse
808 1355 961 1402 non
1006 1331 1197 1404 dices
1215 1342 1267 1401 ⁷.
1320 1330 1780 1428 Relinquitur
1820 1329 2036 1418 illud,
2085 1331 2288 1428 quod
2371 1357 2381 1362 ’

150 1435 533 1510 vociferari
568 1463 718 1510 non
754 1438 1061 1529 destitit,
1098 1466 1252 1512 non
1303 1439 1674 1529 debuisse,
1728 1465 1960 1538 quum
2019 1437 2286 1539 prae'tor

152 1561 376 1634 esset,
416 1573 629 1619 suum
670 1553 1045 1647 negotium
1080 1574 1329 1647 agere,
1382 1564 1508 1622 aut
1559 1551 2000 1622 mentionem
2050 1547 2286 1622 facere

152 1655 597 1729 hereditatis.
634 1660 979 1732 Maximas
1019 1659 1235 1733 audio
1268 1660 1402 1733 tibi
1429 1715 1448 1750 ,
1494 1665 1572 1732 L.
1614 1661 1916 1733 Luculle
1937 1715 1956 1750 ,
2009 1663 2139 1760 qui
2193 1659 2286 1730 de

153 1773 235 1838 L.
268 1770 523 1841 Flacco
560 1772 989 1842 sententiam
1022 1770 1295 1842 laturus
1339 1797 1455 1864 es,
1491 1796 1626 1869 pro
1658 1785 1782 1842 tua
1817 1772 2072 1864 eximia
2110 1769 2288 1842 libe-

150 1880 467 1968 ralitate,
504 1881 981 1977 maximisque
1006 1879 1380 1953 beneflciis
1419 1881 1496 1950 in
1531 1894 1730 1968 tuos,
1763 1882 2044 1952 venisse
2084 1878 2288 1950 here-

151 1990 451 2076 ditates,
488 1987 721 2087 quum
768 1991 1007 2063 Asiam
1059 1993 1506 2088 provinciam
1567 1989 1927 2060 consulari
1979 1988 2288 2085 imperio

152 2101 568 2172 obtineres:
606 2102 667 2172 si
695 2102 859 2197 quis
888 2125 1005 2172 eas
1026 2124 1191 2173 suas
1219 2125 1370 2171 esse
1407 2098 1736 2182 dixisset,
1771 2099 2288 2169 concessisses?

150 2217 301 2299 Tu,
325 2215 403 2284 T.
433 2207 693 2299 Vetti⁸‚
728 2213 787 2283 si
826 2236 971 2310 qua
1002 2210 1137 2283 tibi
1168 2212 1246 2281 in
1289 2207 1530 2281 Africa
1561 2207 1842 2280 venerit
1887 2206 2281 2295 hereditas,

151 2350 299 2396 usu
332 2324 702 2394 amittes9?
737 2348 829 2393 an
858 2338 1105 2412 tuum,
1130 2321 1330 2392 nulla
1349 2320 1670 2407 avaritia,
1694 2316 1884 2388 salva
1901 2314 2284 2414 dignitate,

150 2432 549 2508 retinebis?
574 2436 668 2505 At
702 2434 908 2506 istius
932 2432 1352 2505 hereditatis
1369 2486 1390 2520 ,
1413 2430 1559 2526 jam
1589 2426 1918 2500 Globulo·
1941 2440 2284 2524 praetore,

149 2548 386 2618 Flacci
440 2546 739 2615 nomine
788 2547 1013 2643 petita
1066 2543 1422 2641 possessio
1475 2555 1606 2613 est.
1661 2541 1832 2612 Non
1881 2538 2102 2635 igitur
2145 2540 2287 2609 im·

148 2723 319 2761 sutem
356 2710 488 2759 illam
529 2710 853 2774 propinquam
896 2707 1042 2756 fuisse
1096 2706 1175 2756 vel

148 2790 386 2858 gentilem
412 2789 588 2838 Flnoei.

228 2888 281 2921 2.
320 2870 516 2918 Pulsum
554 2867 827 2918 intenderit.
850 2866 1174 2917 Hereditatem

148 2950 351 2998 actione
378 2948 497 2996 falsa
532 2948 777 3013 petiverit.

228 3030 283 3076 3.
309 3026 663 3092 Ingenuasuie.
682 3022 961 3091 Significat-e
974 3023 1171 3074 volebat

150 3116 433 3165 secuntur,
450 3122 479 3153 a
503 3104 741 3155 libertinis
764 3104 1047 3153 mulieribus
1062 3136 1078 3163 ,
1097 3104 1173 3153 iu·

154 3196 337 3235 testato
356 3186 591 3243 mortuis,
614 3199 717 3232 uon
742 3184 805 3232 sb
832 3184 1084 3248 ingenuis,
1109 3183 1175 3231 sd

152 3264 379 3313 eamdem
399 3275 591 3327 gentem
612 3262 825 3312 heredita
832 3274 902 3311 tes
922 3262 1101 3311 venire.

231 3351 286 3399 4.
332 3346 393 3391 In
430 3358 631 3391 manum
673 3353 979 3392 convenerat.
1024 3340 1185 3405 Quod⁸

153 3438 315 3487 quum
334 3420 483 3469 fiebat
498 3456 515 3481 ‚
536 3420 752 3469 mulieris
770 3421 921 3481 bouq
940 3420 1068 3469 dotis
1086 3436 1181 3469 no·

151 3502 319 3562 mine,
341 3500 453 3547 viro
479 3511 615 3549 mut
644 3499 873 3562 subjecta.

232 3582 283 3628 5.
310 3579 409 3627 Sed
422 3596 725 3643 quat-oasa,
750 3596 819 3627 aa
843 3578 1183 3643 coemptione?

152 3664 234 3709 De
272 3657 352 3707 his
390 3659 710 3707 matrimoniis
724 3694 741 3718 ‚
780 3658 945 3707 multis
979 3670 1183 3722 egerunt

150 3740 436 3789 Brissonius
488 3750 539 3787 et
598 3741 941 3787 Hotomanus
988 3738 1051 3787 de
1096 3754 1185 3785 nu-

152 3820 303 3884 ptiis,
340 3828 389 3865 et
433 3818 526 3865 viri
560 3816 699 3867 docti
734 3818 799 3867 sd
838 3817 1015 3881 Topic.
1054 3818 1187 3867 Cice-

152 3900 299 3947 ronis
314 3930 331 3955 ‚
352 3912 460 3961 esp.
486 3898 538 3945 3.

226 3978 285 4025 6.
328 3977 401 4023 De
436 3976 589 4025 tutela
626 3975 859 4041 legitima.
896 3977 949 4024 Si
993 3975 1185 4034 mulier,

150 4072 272 4121 quae
294 4056 347 4101 in
359 4055 504 4104 tutele
520 4056 737 4121 legitima
754 4068 841 4113 est,
852 4056 953 4105 sine
970 4065 1187 4109 tutorum

357 4145 477 4213 lv.
526 4158 615 4204 Cic.
635 4170 751 4219 pars
769 4154 982 4203 secanda.

1260 2706 1552 2757 auctoritate
1567 2740 1584 2768 ,
1612 2714 1757 2769 quam
1777 2714 1947 2752 ustura
1971 2702 2288 2767 usucapionis

1260 2786 1480 2835 excludit
1494 2819 1510 2845 ,
1545 2800 1640 2833 usu
1672 2784 1729 2831 in
1761 2798 1960 2831 insnum
1995 2782 2256 2831 eonvenist
2269 2814 2286 2840 .

1261 2876 1452 2915 tuntum
1495 2864 1557 2912 de
1601 2863 1750 2912 tutela
1793 2861 1880 2909 illa
1921 2861 2179 2920 minuitur,
2233 2870 2290 2907 ut

1260 2946 1455 3011 penitus
1472 2944 1820 3007 exstinguatur.
1841 2942 1972 3005 Ergo
1989 2940 2161 2987 mulier
2180 2944 2288 3003 qnae

1260 3025 1316 3072 in
1342 3022 1490 3072 tutela
1517 3022 1730 3085 legitima
1758 3030 1831 3068 est
1848 3053 1864 3079 ,
1891 3034 1985 3067 usu
2008 3020 2062 3065 in
2089 3033 2286 3066 manum

1258 3102 1520 3151 convenire
1549 3116 1652 3148 non
1682 3108 1860 3164 potest.
1897 3098 1972 3145 De
1997 3097 2049 3146 h.
2077 3096 2116 3145 l.
2146 3096 2288 3161 plura

1261 3183 1508 3248 disputant
1525 3176 1864 3241 iureconsulti.

1335 3261 1509 3321 70Ncm
1533 3257 1676 3307 dices.
1702 3257 1806 3307 Nee
1832 3269 2102 3303 asseverare
2128 3250 2281 3301 sude-

1258 3340 1339 3388 bis
1372 3350 1582 3387 tutorem
1611 3336 1672 3385 de
1700 3350 1904 3385 numero
1937 3334 2162 3382 Flaccum
2189 3331 2290 3380 hoo

1265 3418 1556 3483 permisisse.
2285 3454 2290 3459 .

1268 3537 1279 3552 ,
1339 3500 1392 3546 8.
1420 3497 1552 3545 Ante
1573 3497 1766 3544 Manat.
1787 3506 1839 3543 et
1855 3491 2073 3541 Lambin.
2099 3488 2293 3555 legeba-

1270 3588 1351 3625 tur
1380 3578 1436 3625 T.
1465 3574 1628 3633 Vecti,
1651 3574 1788 3638 quod
1806 3576 1996 3623 Eme-t.
2026 3567 2294 3629 etLallem.

1270 3670 1540 3703 servavere.
1568 3653 1794 3715 Rectius,
1824 3663 1883 3701 ut
1910 3649 2115 3716 possim,
2151 3648 2298 3696 Vetti.

1272 3737 1333 3785 T.
1363 3734 1556 3783 Vettius
1581 3732 1737 3793 judex
1761 3733 1813 3780 h.
1841 3748 1890 3781 s.
1925 3738 2106 3794 praetor
2133 3726 2229 3775 fuit
2253 3738 2306 3775 et

1272 3815 1328 3863 in
1348 3814 1444 3863 hoe
1461 3812 1652 3875 judicio
1677 3810 1922 3875 quaesitor.
1947 3811 1996 3858 J.
2016 3810 2081 3856 V.
2108 3807 2167 3855 L.

1347 3908 1398 3957 9.
1447 3896 1546 3940 Usu
1578 3889 1784 3939 amittes.
1820 3892 1938 3939 Nou
1977 3886 2136 3935 adibis
2171 3884 2302 3934 illam

1275 3972 1588 4022 hereditatem
1610 4005 1625 4029 ,
1665 3971 1750 4018 sed
1795 3982 1852 4019 ut
1899 3968 2022 4016 nlius
2064 3981 2169 4013 eam
2209 3980 2300 4011 usu

1277 4054 1462 4117 capiat,
1487 4050 1740 4116 permittes
1759 4052 1782 4098 Ρ

1985 4129 2068 4199 13
