2594 4537
298 301 431 384 148

926 295 1021 367 Μ.
1075 301 1148 368 Τ.
1206 297 1786 368 CICERONIS

287 424 655 492 concita'tae
690 423 1107 506 concionis,
1143 419 1265 490 sed
1302 420 1520 514 jurati
1553 433 1842 490 senatus
1868 429 1954 490 ¹⁷.
1991 425 2237 512 Quare
2271 424 2440 518 jam

288 557 433 602 non
494 547 599 602 est
654 531 831 601 mihi
871 531 1245 602 content-io
1296 555 1460 600 cum
1500 543 1680 600 teste
1713 557 1730 598 ε
1773 529 1978 602 vobis
2019 531 2440 604 videndum

287 659 428 725 est,
469 647 705 713 sintne
740 642 897 713 haec
920 641 1340 713 testimonia
1379 638 1722 738 putanda.

380 757 567 823 VIII.
622 751 1059 822 Adolescens
1112 749 1356 854 bonus
1385 804 1405 835 ,
1459 749 1768 821 honesto
1809 749 1972 820 loco
2015 765 2266 838 natus,
2322 753 2440 823 di-

282 877 549 948 sertUS,
599 886 767 932 curn
818 863 1134 932 maximo
1186 861 1788 957 ornatissimoque
1827 862 2170 930 comitatu
2221 865 2444 934 venit

281 973 355 1040 in
412 971 761 1070 oppidum
820 974 1277 1058 Graecorum3
1328 970 1646 1066 postulat
1697 971 2166 1058 concionem3
2216 972 2442 1044 locu-

278 1082 507 1180 pletes
547 1081 879 1152 homines
916 1096 991 1151 et
1032 1105 1279 1177 graves
1302 1134 1322 1165 ,
1365 1103 1458 1150 ne
1495 1079 1632 1150 sibi
1667 1080 2168 1168 adversentur,
2215 1088 2440 1155 testi-

278 1193 503 1262 monii
546 1191 1097 1263 denuntiatione
1122 1199 1143 1232 ¹
1194 1189 1545 1279 deterret3
1595 1204 1890 1287 egentes
1932 1206 2005 1261 et
2049 1191 2242 1264 leves
2299 1218 2442 1292 spe

274 1302 699 1397 legationis2
734 1317 807 1371 et
824 1302 1083 1371 viatico
1120 1298 1422 1397 publico
1439 1296 1492 1385 ³,
1532 1301 1808 1396 privata
1829 1301 2038 1372 etiam
2079 1301 2440 1398 benigni·-

276 1427 419 1482 tate
477 1410 869 1509 prolectat3
919 1409 1215 1508 opifices
1266 1424 1341 1481 et
1391 1409 1842 1482 tabernarios
1870 1464 1890 1497 ‚
1943 1427 2163 1508 atque
2215 1413 2440 1484 illam

274 1547 567 1593 omnem
608 1519 853 1592 saecetn
896 1522 1267 1592 civitatum
1290 1574 1310 1606 ,
1349 1520 1527 1616 quid
1562 1534 1670 1590 est
1698 1521 1970 1616 negotii
2005 1525 2444 1612 concitare,

278 1637 355 1702 in
404 1657 576 1702 eum
633 1633 1066 1730 praesertim,
1114 1633 1242 1726 qui
1290 1653 1528 1728 nuper
1567 1654 1851 1700 summo
1898 1654 2063 1701 cum
2111 1634 2445 1729 imperio

276 1739 533 1827 fuerit,
576 1767 861 1834 summo
900 1757 1139 1812 autern
1174 1743 1249 1810 in
1286 1741 1532 1810 amore
1565 1765 1755 1824 esse,
1801 1758 2108 1838 propter
2149 1765 2444 1816 nomen

281 1857 517 1950 ipsum
568 1851 927 1951 imperii⁴‚
980 1876 1130 1921 non
1178 1850 1546 1948 potuerit?
1595 1849 2006 1919 Mirandum
2054 1875 2232 1921 vero
2277 1868 2442 1940 est,

282 1963 617 2032 homines
660 1983 823 2045 eos,
874 1959 1143 2057 quibus
1198 1958 1368 2029 'odio
1417 1974 1588 2030 sunt
1631 1973 1895 2030 nostrae
1929 1983 2257 2045 secureS,
2301 1987 2446 2034 no·

286 2097 451 2141 men
516 2070 884 2142 acerbitati
912 2067 965 2157 ⁵,
1026 2072 1386 2166 scriptura
1409 2066 1467 2156 ⁶,
1545 2068 1864 2140 decumae
1891 2081 1945 2156 ⁷,
2008 2073 2444 2168 portorium

286 2187 501 2253 morti
522 2177 579 2268 8,
634 2181 945 2253 libenter
994 2185 1320 2279 arripere
1369 2179 1784 2250 facultatem
1839 2178 2180 2268 laedendi,
2233 2207 2446 2279 quae·

368 2438 447 2505 ι’).
486 2442 653 2490 Jumn‘
674 2454 887 2489 senatus.
915 2440 976 2489 Id
1004 2436 1075 2487 es't
1091 2475 1106 2497 ‚
1125 2438 1311 2501 jureiu-

292 2522 446 2569 rnndo
467 2521 683 2585 obligati.
1256 2564 1265 2575 ,

361 2602 500 2649 vm.
537 2616 583 2647 1.
625 2597 910 2646 Testimonii
934 2596 1312 2645 densentiatione.

294 2680 399 2727 luis
418 2680 643 2725 timorem
658 2677 863 2738 incutit,
888 2692 950 2723 ne
973 2676 1153 2736 judicis
1173 2677 1315 2736 jussu

294 2766 533 2821 cogentur
552 2755 881 2803 testimonium
900 2758 1071 2802 Romoe
1094 2755 1272 2804 dicere.

368 2852 419 2884 Β.
448 2836 757 2896 Gonj'iciebn't
780 2837 929 2883 Henr.
960 2835 1130 2899 steph.
1162 2834 1313 2901 largi-

296 2916 473 2973 tionis,
492 2915 628 2979 quod
645 2914 787 2963 babet
800 2930 927 2964 unus
939 2925 1025 2961 aut
1036 2915 1157 2961 alter
1171 2916 1314 2962 Mss.

295 2997 348 3043 J.
364 2998 433 3043 V.
459 2998 514 3043 1..

370 3076 421 3121 3.
471 3071 745 3140 Legadom's
787 3082 837 3119 ee
874 3070 1061 3120 νίαείσο
1102 3070 1317 3136 publico.

300 3158 399 3217 Spe
422 3154 537 3201 ino·
558 3152 709 3200 allicit
725 3153 863 3214 quasi
894 3153 1037 3216 legati
1063 3152 1213 3199 futuri
1238 3166 1316 3198 es-

302 3243 411 3281 sent
434 3242 483 3280 et
508 3226 787 3295 reipublicae
808 3242 1007 3295 sumptu
1030 3231 1220 3280 nutriti.

373 3319 425 3367 4.
469 3313 673 3373 Pmpeer
705 3325 877 3356 nomen
918 3310 1073 3372 ipsum
1110 3307 1317 3373 imperii.

301 3392 475 3455 Remp.
504 3390 741 3444 oderunt,
764 3405 909 3451 quam
934 3390 1121 3437 timent.

372 3472 421 3517 5.
458 3471 645 3517 Nomen
686 3466 962 3515 acerbitati.
1000 3468 1195 3515 Nomen
1229 3481 1320 3514 no-

300 3560 455 3597 strum
472 3547 735 3612 supplicio.

374 3631 424 3678 6.
454 3627 717 3691 Scriptura.
746 3628 857 3673 Hoc
883 3625 1087 3687 vectigfll
1104 3626 1171 3672 ita
1196 3624 1320 3672 dici-

302 3722 407 3765 tur,
450 3708 564 3772 quin
584 3742 599 3767 ,
642 3708 727 3769 qui
777 3705 831 3751 in
874 3704 1067 3768 pascuis
1110 3702 1322 3767 publicis

300 3800 497 3851 pascere
528 3784 737 3843 vellent,
772 3783 971 3830 nomina
1004 3798 1087 3829 sun
1132 3781 1321 3830 defore·

300 3869 416 3914 bant
445 3876 493 3912 et
526 3863 896 3911 subscribebant
932 3861 1065 3926 apud
1102 3860 1318 3926 publica·

298 3961 413 3992 num
424 3980 439 4005 ,
464 3954 511 3991 et
529 3958 620 4007 pto
636 3941 843 4005 siugulis
858 3940 1117 4007 pecoribus
1132 3950 1314 3988 certam

288 4024 542 4091 pecuniam
568 4019 839 4070 solvebant.

1475 2456 1523 2499 7.
1552 2434 1809 2487 Decumoe.
1837 2438 2032 2486 Decima
2059 2456 2168 2504 pars
2191 2441 2446 2493 frumenti

1399 2534 1544 2582 qnam
1575 2529 1792 2566 oratores
1819 2517 2100 2567 decumanis
2133 2522 2322 2584 populi
2349 2540 2444 2572 ro-

1399 2600 1532 2645 mani
1553 2598 1666 2645 dare
1681 2630 1697 2653 ,
1722 2608 1805 2645 aut
1831 2614 1924 2645 πη
1949 2599 2138 2646 solvere
2161 2598 2450 2652 debebunt.

1399 2701 1472 2712 -—·-
1489 2674 1782 2723 Portet-ium.
1805 2676 2024 2740 Vectigal
2047 2676 2182 2739 quod
2202 2679 2255 2724 in
2280 2692 2446 2742 portu

1402 2770 1494 2818 pro
1514 2753 1759 2801 mercibus
1783 2755 2008 2804 solvitur.
2034 2757 2225 2805 Diserte
2253 2758 2448 2809 distin·

1403 2833 1576 2897 guitur.
1586 2833 1822 2897 scriptura
1837 2850 1866 2879 a
1883 2834 2099 2883 decumis
2117 2846 2166 2883 et
2181 2841 2450 2901 portorio,

1402 2911 1574 2961 Manil.
1594 2914 1659 2959 6:
1683 2932 1706 2954 ι
1727 2915 1892 2975 Quum
1907 2914 2122 2961 bostium
2143 2920 2308 2980 copiae
2331 2934 2446 2969 non

1401 2990 1549 3053 longe
1583 2991 1761 3038 abeunt
1775 3026 1790 3049 ,
1825 2992 2014 3040 etiamsi
2055 2994 2265 3056 irruptio
2305 2996 2448 3046 sucta

1407 3068 1542 3117 null·
1566 3071 1656 3128 sit,
1685 3080 1844 3118 tumen
1864 3085 2048 3134 pecora
2072 3072 2448 3136 relinquuntur,

1405 3150 1696 3212 agricultura
1725 3149 1976 3208 deseritur,
1997 3162 2324 3201 mercatoru-
2353 3172 2450 3204 na-

1405 3232 1588 3293 vigatio
1603 3232 1918 3295 conquiescit.
1933 3234 2004 3280 Ita
2019 3248 2176 3295 neque
2185 3248 2248 3281 ex
2260 3248 2444 3297 portu,

1407 3326 1567 3373 neque
1586 3326 1648 3358 ex
1666 3311 1906 3371 decumis,
1927 3326 2088 3375 neque
2109 3330 2169 3361 ex
2185 3314 2449 3379 scriptura

1407 3390 1612 3451 vectigal
1631 3394 1908 3438 conservari
1927 3402 2090 3455 potest
2109 3414 2151 3439 n.
2177 3392 2254 3440 De
2273 3394 2450 3443 tribus

1407 3469 1484 3516 his
1503 3470 1753 3532 vectigalis
1773 3472 2030 3533 generibus
2056 3472 2160 3519 fuse
2185 3472 2240 3517 in
2257 3476 2445 3523 Verri-

1410 3549 1486 3594 nis
1507 3548 1808 3597 orationibus
1826 3552 2002 3614 passim
2031 3549 2371 3601 disseruimus-

1483 3629 1532 3675 8.
1554 3628 1724 3677 Morti.
1747 3630 1962 3689 Veteres,
1979 3640 2032 3677 ut
2049 3642 2097 3677 et
2109 3632 2448 3689 recentiores,

1407 3720 1559 3769 quum
1581 3706 1703 3769 quid
1722 3708 1928 3756 maxime
1947 3724 1998 3756 se
2019 3710 2229 3756 aven-uari
2247 3710 2450 3773 signifi-

1411 3785 1585 3833 cabant
1600 3820 1616 3843 ‚
1633 3784 1687 3831 id
1702 3796 1761 3833 ut
1777 3800 1982 3835 mortem
2000 3790 2166 3851 sugere
2177 3788 2448 3852 dicebaut;

1407 3864 1522 3913 inde
1561 3864 1776 3913 Achilles
1822 3867 1952 3931 apud
1993 3868 2262 3915 Homerum
2278 3902 2295 3926 ‚
2357 3888 2450 3921 eos

1402 3943 1490 4003 qui
1515 3942 1650 3990 aliud
1675 3944 1729 3991 iu
1759 3944 1925 4009 lingua
1949 3958 2238 4010 promptum
2255 3980 2272 4005 ‚
2297 3948 2450 3999 aliud

1399 4021 1452 4067 in
1479 4032 1681 4085 pectore
1707 4024 1926 4073 clausum
1952 4024 2184 4075 haberent
2199 4060 2215 4087 ,
2243 4042 2298 4076 se
2323 4044 2449 4093 per—
