2594 4537
186 361 941 392 mmmmm
1403 361 1582 386 w-

413 575 1069 667 MARKLAN
1090 577 1229 666 DI
1299 577 1468 664 ET
1543 568 2145 666 GESNERI‘

273 813 2250 972 PRAEFATIONES

715 1100 1800 1172 ANIMADVERSIONUM.
1851 1123 1862 1132 ·

185 1498 280 1620 S
300 1573 325 1614 1
368 1548 548 1646 qnod
579 1565 676 1615 est
708 1551 777 1614 in
806 1550 1013 1620 literis
1037 1549 1322 1639 antiquis
1356 1549 1613 1615 difficile
1657 1573 1898 1614 munus
1918 1599 1937 1632 ‚
1980 1547 2162 1640 quod
2189 1573 2326 1614 non

178 1655 510 1724 committi
543 1657 933 1747 unicuique,
970 1655 1087 1722 sed
1140 1657 1219 1721 iis
1268 1656 1536 1722 demum
1569 1655 1862 1721 mandari
1901 1654 2174 1738 debeat,
2211 1655 2328 1745 qui

177 1761 292 1826 vel
325 1762 523 1852 longo
558 1761 813 1832 illarum
846 1783 1012 1846 usu,
1048 1778 1114 1827 et
1143 1762 1498 1826 multarum
1534 1785 1752 1826 rerum
1789 1761 2086 1844 scientia,
2119 1761 2326 1826 facul·-

182 1882 394 1931 tatem
444 1867 569 1931 sibi
604 1865 939 1948 judicandi
991 1890 1303 1957 peperere
1348 1891 1481 1932 non
1525 1867 1854 1956 vulgarem
1880 1915 1897 1949 ‚
1939 1866 2040 1932 vel
2081 1883 2327 1932 naturae

180 1971 491 2037 felicitate
540 1995 615 2037 ea
664 1988 963 2054 utuntur,
1005 1995 1152 2062 quae
1188 1974 1499 2062 sagaciter
1543 1972 1873 2053 odoretur,
1911 1989 1977 2036 et
2007 1972 2328 2036 subtiliter

180 2079 331 2144 sine
372 2079 565 2168 longa
611 2075 1052 2172 disputatione
1091 2079 1410 2167 intelligat
1431 2128 1448 2162 ‚
1493 2077 1576 2142 ad
1610 2100 1754 2166 quae
1786 2076 2181 2166 pervidenda
2218 2077 2328 2142 alii

180 2185 296 2248 vix
340 2183 537 2276 longa
584 2185 1039 2250 exercitatione
1091 2199 1289 2272 atque
1343 2181 1561 2246 studio
1613 2181 1780 2255 fiunt
1826 2181 2049 2247 idonei
2083 2205 2100 2248 ε
2141 2183 2208 2246 in
2245 2203 2326 2247 eo

182 2314 345 2357 sane
380 2313 618 2382 genere
661 2289 825 2355 illud
871 2313 1010 2356 esse
1056 2288 1394 2356 fatendum
1432 2305 1564 2372 est,
1612 2312 1745 2378 quo
1788 2289 1871 2356 de
1901 2290 2221 2355 librorum
2253 2292 2327 2355 in

182 2398 696 2464 controversiam
740 2413 1122 2465 vocatorum
1167 2396 1544 2462 conditione
1573 2419 1650 2461 ac
1681 2412 1854 2461 statu
1887 2396 2324 2487 cognoscitur,

184 2520 255 2571 et
290 2504 607 2571 sententia
628 2552 648 2591 ,
684 2525 819 2568 non
858 2502 1136 2571 absurda
1181 2500 1448 2592 quidem
1493 2518 1560 2567 et
1601 2502 1954 2593 probabilis
1975 2551 1992 2585 ‚
2023 2526 2326 2593 pronun-

186 2610 406 2675 tiatur.
452 2608 579 2676 Sed
625 2632 835 2699 quum
868 2609 1014 2677 duae
1051 2610 1222 2675 illius
1252 2609 1571 2675 facultatis
1603 2624 1816 2698 partes
1849 2610 2010 2691 sint,
2045 2633 2326 2698 quarum

184 2738 321 2779 una
347 2715 743 2805 argumentis
772 2714 1165 2808 quibusdam
1194 2730 1534 2805 oppugnet
1557 2696 2033 2805 possessionem
2056 2717 2330 2804 scripto-

184 2821 273 2885 ris
308 2821 561 2911 antiqui
596 2838 711 2885 aut
744 2820 1028 2887 nominis
1059 2816 1258 2902 aden,
1292 2836 1368 2884 ut
1404 2834 1625 2910 neget,
1661 2820 1843 2884 verbi
1875 2843 2068 2885 causa
2088 2868 2105 2902 ‚
2144 2820 2326 2885 hunc

184 2926 427 2991 librum
461 2926 598 3007 ejus
630 2948 769 2994 esse
789 2976 808 3009 ‚
851 2925 1038 3006 cujus
1078 2925 1147 2989 iu
1177 2924 1396 2990 fronte
1430 2946 1674 2991 nomeu
1706 2926 1906 3015 gerit3
1937 2927 2135 2991 altera
2165 2948 2326 2991 vero

184 3032 363 3097 velut
408 3032 755 3098 interdicto
798 3032 1134 3123 antiquam
1183 3032 1660 3123 possessionem
1699 3026 2035 3113 defendat,
2083 3048 2148 3095 et
2177 3056 2324 3120 quae

184 3140 267 3203 ab
301 3138 569 3204 adversa
598 3155 783 3230 parte
811 3154 1192 3229 argumenta
1228 3139 1685 3236 proferuntur,
1719 3160 1792 3201 ea
1826 3136 2102 3227 depellat
2127 3152 2326 3226 atque

184 3246 429 3311 elevet:
464 3246 604 3311 haec
626 3248 825 3311 altera
856 3262 1037 3312 tanto
1062 3244 1388 3317 difficilior
1414 3268 1552 3311 esse
1575 3245 1742 3309 ratio
1768 3243 2046 3327 videtur,
2074 3260 2322 3333 quanto
2420 3240 2428 3250 ¹

186 3351 433 3416 facilius
465 3351 537 3415 in
577 3352 953 3420 universum
983 3368 1082 3417 est
1104 3353 1489 3443 impugnare
1514 3373 1998 3440 quamcumque
2021 3374 2278 3416 causam
2302 3397 2325 3431 ‚

184 3480 380 3547 quam
406 3457 754 3523 defendere
770 3508 789 3543 ,
826 3474 1073 3549 quanto
1100 3456 1351 3525 facilius
1378 3474 1477 3523 est
1499 3456 1792 3549 infligere
1816 3456 2090 3540 vulnus,
2123 3480 2320 3546 quam

182 3584 429 3629 sanare.
458 3566 710 3655 Nempe
736 3582 811 3629 ut
834 3565 1101 3655 antiqua
1128 3566 1538 3655 possessione
1567 3564 1730 3630 liber
1760 3563 2138 3654 depellatur,
2171 3564 2322 3631 satis

182 3684 315 3750 est,
352 3669 405 3732 si
442 3669 542 3733 vel
579 3692 791 3735 unum
829 3667 1212 3735 ostendatur
1249 3668 1530 3760 aliquid,
1567 3668 1750 3759 quod
1781 3668 1862 3735 ab
1897 3691 2010 3749 eo,
2054 3668 2169 3757 qui
2200 3690 2321 3733 au·-

182 3792 326 3839 ctor
375 3774 547 3838 illius
586 3798 724 3841 esse
762 3776 1041 3861 dicitur,
1078 3776 1273 3841 scribi
1317 3800 1456 3841 non
1501 3777 1826 3866 potuisse,
1877 3774 2072 3839 rebus
2109 3776 2320 3841 mani-

184 3881 358 3945 festis
404 3880 664 3948 vincas:
700 3884 988 3971 pleniore
1033 3882 1330 3949 omnium
1377 3883 1748 3975 cognitione
1783 3884 2138 3949 instructus
2183 3904 2320 3947 esse

186 3984 411 4071 debet,
447 3988 502 4051 si
536 3988 681 4076 quis
726 3988 895 4054 libro
932 3990 1131 4054 veteri
1166 4006 1461 4055 vocatam
1505 3990 1572 4054 in
1609 3990 1886 4057 dubium
1919 3988 2316 4077 antiquitatis

188 4090 378 4158 fidem
411 4094 568 4159 velit
600 4118 897 4165 asserere.
