2594 4537
306 296 449 393 576
945 296 1042 363 M.
1094 295 1171 362 T.
1225 294 1818 364 CICERONIS

308 420 444 490 hac
482 416 664 489 urbe
700 429 1028 487 senatum
1068 416 1350 485 senatui
1385 438 1640 513 parere
1671 438 1824 484 non
1863 416 2160 485 siverint
2185 424 2278 501 ¹¹,
2314 416 2464 489 edi·

309 542 575 626 etoque
612 552 743 597 suo
792 548 944 595 non
990 524 1266 594 luctum
1307 524 1634 622 patribus
1669 526 2133 623 conscriptis,
2171 526 2312 598 sed
2351 528 2460 597 lu-

309 654 468 709 ctus
507 635 770 707 indicia
810 634 1228 705 ademerint.
1263 628 1530 705 Aderat
1567 658 1856 705 mecum
1893 652 2203 707 cunctus
2233 662 2461 734 eque-

309 765 455 822 ster
487 746 711 818 ordo:
755 768 973 841 quem
1011 740 1306 839 quidem
1348 745 1426 813 in
1470 742 1947 815 concionibus
1991 745 2300 817 saltator
2335 748 2456 818 ille

308 858 625 933 Catilinae
669 855 921 928 consul
944 864 1011 899 ¹²
1050 854 1600 952 proscriptionis
1637 852 2189 926 denuntiatione
2219 871 2457 929 terre·

310 968 435 1041 bat
461 964 549 1037 ¹³.
584 971 761 1036 Tota
793 964 994 1035 Italia
1016 966 1079 1013 ¹⁴
1116 977 1599 1036 convenerat:
1641 965 1762 1033 cui
1789 962 2091 1061 quidem
2123 964 2304 1037 belli
2341 970 2454 1038 in-

309 1078 553 1151 testini
584 1092 659 1147 et
693 1074 1039 1146 vastitatis
1074 1087 1314 1145 metus
1349 1071 1814 1144 inferebatur.

354 1190 722 1275 gXXXVI.
773 1186 980 1255 Hisce
1024 1206 1161 1279 ego
1196 1182 1473 1253 auxiliis
1510 1182 1973 1255 studentibus
2010 1200 2228 1282 atque
2269 1187 2454 1258 inci-

306 1301 469 1369 tatis
514 1300 771 1367 uti-me
794 1348 813 1381 ,
852 1296 1295 1381 Laterensis,
1347 1296 1666 1391 potuisse
1699 1292 2088 1387 confiteor3
2131 1295 2260 1367 sed
2301 1314 2454 1369 erat

308 1432 457 1478 non
502 1409 709 1503 jure,
766 1430 920 1476 non
970 1402 1249 1501 legibus
1277 1459 1295 1491 ‚
1349 1428 1502 1476 non
1556 1402 2026 1501 disceptando
2067 1404 2454 1479 decertan-

307 1518 529 1591 dum:
566 1542 737 1587 nam
782 1512 1151 1613 profecto,
1192 1514 1591 1611 praesertim
1639 1528 1785 1584 tam
1827 1514 2024 1585 bona
2067 1518 2142 1586 in
2195 1542 2448 1608 causa,

304 1651 749 1725 numquam,
807 1651 960 1723 quo
1027 1624 1249 1695 ceteri
1303 1648 1488 1721 saepe
1543 1622 2082 1712 abundarunt¹‚
2137 1623 2217 1695 id
2269 1628 2454 1699 mihi

306 1740 445 1836 ipsi
498 1736 846 1807 auxilium
902 1744 1197 1805 meum²
1242 1732 1609 1804 defuisset.
1665 1734 1902 1805 Armis
1953 1730 2133 1822 fuit,
2191 1740 2448 1825 armis,

307 1848 604 1942 inquam
628 1898 647 1929 ‚
706 1841 846 1922 fuit
895 1840 1439 1913 dimicandum:
1483 1840 1750 1939 quibus
1797 1866 1837 1913 a
1881 1844 2103 1915 servis
2151 1859 2377 1941 atque
2411 1872 2452 1917 a

310 1980 685 2029 servorum
726 1951 1033 2024 ducibus
1076 1952 1344 2023 caedem
1391 1950 1549 2022 fieri
1597 1966 1888 2024 senatus
1920 1968 1994 2024 et
2031 1951 2449 2043 bonorum,

308 2064 723 2164 reipublicae
766 2064 1149 2135 exitiosum
1194 2060 1470 2133 suisset.
1528 2063 1740 2133 Vinci
1793 2076 2032 2133 autem
2071 2065 2452 2162 improbos

307 2201 350 2248 a
387 2174 638 2261 bonis,
684 2171 913 2244 fateor
955 2171 1173 2243 fuisse
1213 2170 1680 2271 praeclarum,
1717 2171 1778 2241 si
1821 2168 2043 2242 finem
2085 2197 2256 2244 eum
2291 2179 2451 2247 vin-

306 2283 565 2359 cendi³
622 2284 989 2355 viderem.
1044 2307 1261 2380 quem
1315 2280 1643 2381 profecto
1693 2307 1846 2354 non
1895 2281 2252 2356 videbam.
2307 2288 2451 2361 Ubi

306 2399 499 2469 enim
532 2409 789 2493 praesto
820 2392 1069 2464 fuisset
1102 2393 1281 2463 mihi
1321 2406 1448 2462 aut
1482 2406 1632 2463 tam
1669 2390 1872 2462 fortis
1905 2393 2199 2479 consul,
2230 2420 2448 2492 quam

306 2511 391 2578 L.
428 2503 807 2603 Opimius?
839 2525 1056 2598 quam
1086 2505 1166 2572 C.
1196 2502 1520 2573 Marius?
1555 2527 1774 2599 quam
1810 2507 1890 2573 L.
1923 2503 2262 2575 Flaccus?
2295 2510 2449 2605 qui-

306 2613 448 2685 bus
480 2609 787 2682 ducibus
823 2608 1195 2706 improbos
1221 2612 1414 2684 cives
1435 2609 1467 2667 4
1491 2611 1900 2708 respublica
1920 2617 2093 2684 vicit
2119 2622 2448 2702 armatis3

308 2738 469 2810 aut,
506 2723 565 2791 si
602 2721 843 2791 minus
878 2718 1103 2792 fortes
1123 2775 1142 2809 ,
1180 2735 1497 2793 attamen
1527 2735 1670 2791 tam
1693 2722 1900 2816 justi,
1929 2747 2151 2820 quam
2181 2729 2258 2796 P.
2289 2731 2453 2800 Mu-

382 2938 461 2972 11.
490 2921 605 2970 Non
630 2918 842 2969 siverim.
866 2922 1055 2969 Erueet.
1083 2937 1183 2969 non
1206 2920 1338 2969 sive·
1424 2920 1676 2986 edixitque
1699 2957 1714 2982 ,
1757 2935 1813 2972 ut
1850 2923 1911 2972 ab
1940 2925 2059 2974 urhe
2083 2927 2274 2977 abesset
2301 2931 2452 2980 millia

308 3014 437 3062 rum,
455 3011 504 3050 et
524 3016 644 3048 mox
664 2999 964 3059 ademerunt,
983 3011 1151 3047 contra
1164 2999 1338 3062 libros,
1423 3017 1652 3065 passuum
1681 3001 1892 3051 ducenta
1907 3024 1949 3052 a».

310 3093 359 3132 et
380 3080 514 3131 haud
540 3079 833 3128 necessarie.
1505 3089 1583 3137 14.
1615 3082 1738 3128 Tota
1772 3081 1948 3133 Italia.
1975 3083 2075 3131 Alii
2099 3096 2190 3132 «at
2217 3097 2326 3136 tota
2353 3091 2448 3137 Ita-

386 3177 467 3209 12.
501 3157 724 3206 saltator
766 3155 848 3205 me
888 3155 1108 3206 casiam
1142 3158 1328 3206 consul.

306 3237 581 3289 Delendum
606 3235 836 3283 Catilina.-
854 3250 1035 3284 nomeu
1058 3232 1229 3284 censet
1240 3237 1333 3283 Er·

308 3329 475 3367 nestas
494 3330 605 3363 cum
622 3313 909 3364 Garatonio.

386 3413 407 3444 1
420 3399 465 3446 3.
514 3392 901 3443 Denuntiatione
944 3394 1168 3442 terrebat.
1215 3393 1336 3442 Post

308 3475 473 3527 Redit.
493 3474 547 3520 in
576 3475 686 3520 Seu.
715 3487 821 3535 cap.
848 3473 878 3520 5
892 3485 906 3518 τ
930 3473 1023 3518 -in
1041 3473 1332 3520 concionem

232 3561 237 3570 '
308 3555 587 3624 (Gabinius)
604 3549 869 3598 adscendit.
886 3553 1027 3612 Quos
1041 3553 1084 3598 ei
1108 3567 1328 3600 commo-

308 3637 425 3684 dum
452 3635 543 3682 fnit
562 3665 577 3692 ,
618 3630 961 3695 compellavit3
1002 3631 1060 3677 L.
1092 3646 1208 3678 vero
1236 3633 1332 3679 La-

309 3717 453 3764 miam
465 3749 479 3774 ,
501 3711 715 3775 equitem
740 3725 993 3757 rotnauum
1006 3745 1018 3756 .
1034 3743 1047 3757 .
1063 3747 1076 3759 .
1092 3745 1129 3761 ..
1159 3711 1331 3759 consul

310 3794 599 3857 imperiosus
640 3790 770 3836 exire
803 3787 926 3835 urbe
953 3789 1099 3848 jussit
1125 3811 1165 3837 n.
1203 3793 1333 3837 Item

315 3887 407 3936 pro
434 3873 566 3918 Sext.
599 3885 706 3932 cap.
726 3883 746 3915 1
761 3884 787 3916 2
809 3881 821 3915 :
850 3867 1187 3916 «exanimatus
1210 3885 1334 3918 evo-

306 3949 375 3998 lat
392 3965 454 3996 ex
473 3957 641 3994 senatu
653 3945 937 3994 ...advocat
956 3947 1267 3996 concionem.
1281 3985 1294 3997 .
1312 3984 1322 3994 .

308 4031 357 4077 1..
390 4027 625 4074 lamiam.
648 4060 661 4073 .
684 4059 698 4073 .
727 4025 780 4072 in
801 4026 1040 4076 concione
1074 4025 1335 4094 relegavit,

1419 3159 1488 3211 lia
1502 3180 1542 3204 a.
1565 3163 1788 3224 Ineptum
1815 3160 1939 3208 illud
1963 3173 2020 3208 ae
2043 3179 2106 3210 ex
2132 3167 2454 3216 antecedente

1421 3235 1608 3302 syllaba
1627 3237 1763 3285 vocis
1786 3239 2022 3298 terrebat,
2049 3254 2215 3290 ortum
2243 3257 2334 3294 est.

1493 3317 1738 3364 xxxw.
1771 3333 1818 3365 ι.
1844 3321 1896 3367 S.
1925 3319 2260 3371 abundarunt.
2286 3327 2450 3373 (ἔτεϊ.

1422 3411 1485 3444 ex
1501 3395 1684 3445 Erfm-t.
1711 3396 1902 3445 addidit
1919 3415 2064 3486 soepe.
2083 3401 2277 3451 Deest
2261 3421 2316 3451 ιιι
2333 3405 2452 3452 aliis.

1494 3493 1544 3526 a.
1572 3477 1832 3526 Auxilium
1858 3495 2034 3530 meum.
2065 3483 2222 3530 Abest
2251 3501 2362 3532 meu
2365 3501 2428 3532 m.

1494 3557 1543 3605 3.
1573 3555 1626 3604 Si
1645 3557 1808 3625 finem
1844 3575 1952 3606 eum
1979 3561 2242 3610 vincendi.
2272 3565 2452 3612 Erfm-t.

1421 3635 1568 3684 Bai-b.
1601 3635 1701 3684 duo
1727 3637 1949 3687 Britnun.
1979 3641 2159 3691 Bavar.
2197 3664 2220 3685 ι
2243 3646 2284 3691 si
2307 3641 2448 3691 finem

1422 3723 1528 3761 tum
1553 3715 1840 3768 vincendi».

1495 3795 1544 3852 4.
1571 3795 1818 3859 Improbos
1836 3797 1976 3846 cives.
1995 3798 2114 3846 Scil.
2133 3799 2210 3846 M.
2229 3799 2448 3847 Fulvium

1423 3873 1647 3919 Flaccum
1673 3875 1993 3935 consularem,
2011 3889 2060 3946 qt
2085 3877 2147 3926 C.
2175 3880 2447 3926 Gracchum

1424 3950 1760 4012 tribunitium,
1800 3955 1999 4018 Opimio
2032 3956 2261 4017 consu103
2293 3958 2448 4004 Satur·

1423 4029 1596 4078 ninum
1624 4029 1878 4082 tribunum
1905 4033 2064 4098 plebis
2077 4068 2094 4093 ,
2125 4046 2174 4083 et
2199 4035 2446 4086 Glauciam
