<?xml version="1.0" encoding="UTF-8"?>
<!DOCTYPE html PUBLIC "-//W3C//DTD XHTML 1.0 Transitional//EN"
    "http://www.w3.org/TR/xhtml1/DTD/xhtml1-transitional.dtd">
<html xmlns="http://www.w3.org/1999/xhtml" xml:lang="en" lang="en">
 <head>
  <title>
</title>
<meta http-equiv="Content-Type" content="text/html;charset=utf-8" />
  <meta name='ocr-system' content='tesseract 3.04.00' />
  <meta name='ocr-capabilities' content='ocr_page ocr_carea ocr_par ocr_line ocrx_word'/>
</head>
<body>
  <div class='ocr_page' id='page_1' title='image "./mtciceronisquae05lemagoog_0564.png"; bbox 0 0 2594 4537; ppageno 0'>
   <div class='ocr_carea' id='block_1_1' title="bbox 271 176 1819 301">
    <p class='ocr_par' dir='ltr' id='par_1_1' title="bbox 271 176 1819 301">
     <span class='ocr_line' id='line_1_1' title="bbox 271 176 1819 301; baseline 0.008 -14"><span class='ocrx_word' id='word_1_1' title='bbox 271 246 306 287; x_wconf 68' lang='grc' dir='ltr'><strong>ο</strong></span> <span class='ocrx_word' id='word_1_2' title='bbox 339 226 480 299; x_wconf 80' lang='grc' dir='ltr'><strong>56ὸ</strong></span> <span class='ocrx_word' id='word_1_3' title='bbox 979 228 1074 295; x_wconf 93' lang='grc' dir='ltr'><strong>Μ.</strong></span> <span class='ocrx_word' id='word_1_4' title='bbox 1127 228 1204 295; x_wconf 92' lang='grc' dir='ltr'><strong>Τ.</strong></span> <span class='ocrx_word' id='word_1_5' title='bbox 1259 176 1819 301; x_wconf 71' lang='lat' dir='ltr'><strong>CICERoNIS</strong></span> 
     </span>
    </p>
   </div>
   <div class='ocr_carea' id='block_1_2' title="bbox 289 346 2483 2211">
    <p class='ocr_par' dir='ltr' id='par_1_2' title="bbox 289 346 2483 2211">
     <span class='ocr_line' id='line_1_2' title="bbox 333 346 2483 449; baseline -0.003 -23"><span class='ocrx_word' id='word_1_6' title='bbox 333 356 542 443; x_wconf 82' lang='lat' dir='ltr'><strong>runt,</strong></span> <span class='ocrx_word' id='word_1_7' title='bbox 595 365 681 423; x_wconf 89' lang='lat' dir='ltr'><strong>ut</strong></span> <span class='ocrx_word' id='word_1_8' title='bbox 729 350 942 421; x_wconf 86' lang='lat' dir='ltr'><strong>etiam</strong></span> <span class='ocrx_word' id='word_1_9' title='bbox 994 370 1276 419; x_wconf 88' lang='lat' dir='ltr'><strong>summa</strong></span> <span class='ocrx_word' id='word_1_10' title='bbox 1324 347 1728 449; x_wconf 82' lang='lat' dir='ltr'><strong>respublica</strong></span> <span class='ocrx_word' id='word_1_11' title='bbox 1784 347 1961 419; x_wconf 90' lang='lat' dir='ltr'><strong>mihi</strong></span> <span class='ocrx_word' id='word_1_12' title='bbox 2008 346 2211 421; x_wconf 88' lang='lat' dir='ltr'><strong>domi</strong></span> <span class='ocrx_word' id='word_1_13' title='bbox 2262 346 2483 421; x_wconf 86' lang='lat' dir='ltr'><strong>fuerit</strong></span> 
     </span>
     <span class='ocr_line' id='line_1_3' title="bbox 335 456 2480 563; baseline -0.001 -27"><span class='ocrx_word' id='word_1_14' title='bbox 335 461 687 563; x_wconf 86' lang='lat' dir='ltr'><strong>gerenda,</strong></span> <span class='ocrx_word' id='word_1_15' title='bbox 733 474 808 531; x_wconf 89' lang='lat' dir='ltr'><strong>et</strong></span> <span class='ocrx_word' id='word_1_16' title='bbox 863 456 1042 529; x_wconf 88' lang='lat' dir='ltr'><strong>urbs</strong></span> <span class='ocrx_word' id='word_1_17' title='bbox 1094 459 1175 528; x_wconf 92' lang='lat' dir='ltr'><strong>in</strong></span> <span class='ocrx_word' id='word_1_18' title='bbox 1231 458 1417 533; x_wconf 90' lang='lat' dir='ltr'><strong>urbe</strong></span> <span class='ocrx_word' id='word_1_19' title='bbox 1471 458 1837 533; x_wconf 88' lang='lat' dir='ltr'><strong>servanda.</strong></span> <span class='ocrx_word' id='word_1_20' title='bbox 1890 458 2165 531; x_wconf 87' lang='lat' dir='ltr'><strong>Eadem</strong></span> <span class='ocrx_word' id='word_1_21' title='bbox 2214 460 2480 556; x_wconf 81' lang='lat' dir='ltr'><strong>igitur.</strong></span> 
     </span>
     <span class='ocr_line' id='line_1_4' title="bbox 336 569 2481 659; baseline -0.003 -13"><span class='ocrx_word' id='word_1_22' title='bbox 336 574 574 659; x_wconf 88' lang='lat' dir='ltr'><strong>Cassi,</strong></span> <span class='ocrx_word' id='word_1_23' title='bbox 609 574 722 641; x_wconf 86' lang='lat' dir='ltr'><strong>via</strong></span> <span class='ocrx_word' id='word_1_24' title='bbox 761 570 1042 639; x_wconf 87' lang='lat' dir='ltr'><strong>munita</strong></span> <span class='ocrx_word' id='word_1_25' title='bbox 1073 573 1445 641; x_wconf 84' lang='lat' dir='ltr'><strong>Laterensi</strong></span> <span class='ocrx_word' id='word_1_26' title='bbox 1482 585 1631 658; x_wconf 85' lang='lat' dir='ltr'><strong>est,</strong></span> <span class='ocrx_word' id='word_1_27' title='bbox 1678 569 1873 642; x_wconf 89' lang='lat' dir='ltr'><strong>idem</strong></span> <span class='ocrx_word' id='word_1_28' title='bbox 1900 571 2187 641; x_wconf 79' lang='lat' dir='ltr'><strong>virtutis</strong></span> <span class='ocrx_word' id='word_1_29' title='bbox 2218 594 2481 642; x_wconf 86' lang='lat' dir='ltr'><strong>cursus</strong></span> 
     </span>
     <span class='ocr_line' id='line_1_5' title="bbox 339 676 2479 781; baseline -0.003 -26"><span class='ocrx_word' id='word_1_30' title='bbox 339 684 432 758; x_wconf 88' lang='lat' dir='ltr'><strong>ad</strong></span> <span class='ocrx_word' id='word_1_31' title='bbox 481 682 782 781; x_wconf 81' lang='lat' dir='ltr'>gloriam</span> <span class='ocrx_word' id='word_1_32' title='bbox 814 706 832 750; x_wconf 74' lang='grc' dir='ltr'><strong><em>ε</em></strong></span> <span class='ocrx_word' id='word_1_33' title='bbox 879 676 1022 750; x_wconf 90' lang='lat' dir='ltr'><strong>hoc</strong></span> <span class='ocrx_word' id='word_1_34' title='bbox 1068 676 1346 751; x_wconf 85' lang='lat' dir='ltr'><strong>facilior</strong></span> <span class='ocrx_word' id='word_1_35' title='bbox 1396 680 1700 752; x_wconf 87' lang='lat' dir='ltr'><strong>fortasse</strong></span> <span class='ocrx_word' id='word_1_36' title='bbox 1718 734 1739 769; x_wconf 88' lang='lat'><strong>,</strong></span> <span class='ocrx_word' id='word_1_37' title='bbox 1781 679 1981 777; x_wconf 89' lang='lat' dir='ltr'><strong>quod</strong></span> <span class='ocrx_word' id='word_1_38' title='bbox 2026 704 2165 777; x_wconf 82' lang='lat' dir='ltr'><strong>ego</strong></span> <span class='ocrx_word' id='word_1_39' title='bbox 2204 679 2399 767; x_wconf 87' lang='lat' dir='ltr'><strong>huc,</strong></span> <span class='ocrx_word' id='word_1_40' title='bbox 2444 706 2479 749; x_wconf 90' lang='lat' dir='ltr'><strong>a</strong></span> 
     </span>
     <span class='ocr_line' id='line_1_6' title="bbox 340 788 2477 888; baseline -0.001 -24"><span class='ocrx_word' id='word_1_41' title='bbox 340 818 453 864; x_wconf 91' lang='lat' dir='ltr'><strong>me</strong></span> <span class='ocrx_word' id='word_1_42' title='bbox 499 805 728 877; x_wconf 73' lang='lat' dir='ltr'><strong>ortus,</strong></span> <span class='ocrx_word' id='word_1_43' title='bbox 753 802 826 859; x_wconf 93' lang='lat' dir='ltr'><strong>et</strong></span> <span class='ocrx_word' id='word_1_44' title='bbox 869 812 999 887; x_wconf 89' lang='lat' dir='ltr'><strong>per</strong></span> <span class='ocrx_word' id='word_1_45' title='bbox 1047 811 1164 859; x_wconf 89' lang='lat' dir='ltr'><strong>me</strong></span> <span class='ocrx_word' id='word_1_46' title='bbox 1203 792 1457 878; x_wconf 78' lang='lat' dir='ltr'><strong>nixuS,</strong></span> <span class='ocrx_word' id='word_1_47' title='bbox 1506 788 1887 879; x_wconf 82' lang='lat' dir='ltr'><strong>adscendi3</strong></span> <span class='ocrx_word' id='word_1_48' title='bbox 1938 790 2143 860; x_wconf 87' lang='lat' dir='ltr'><strong>istius</strong></span> <span class='ocrx_word' id='word_1_49' title='bbox 2190 793 2477 888; x_wconf 83' lang='lat' dir='ltr'><strong>egregia</strong></span> 
     </span>
     <span class='ocr_line' id='line_1_7' title="bbox 337 898 2477 996; baseline -0.001 -23"><span class='ocrx_word' id='word_1_50' title='bbox 337 905 562 973; x_wconf 87' lang='lat' dir='ltr'><strong>virtus</strong></span> <span class='ocrx_word' id='word_1_51' title='bbox 593 898 1054 996; x_wconf 84' lang='lat' dir='ltr'><strong>adjuvabitur</strong></span> <span class='ocrx_word' id='word_1_52' title='bbox 1091 899 1718 972; x_wconf 80' lang='lat' dir='ltr'><strong>commendatione</strong></span> <span class='ocrx_word' id='word_1_53' title='bbox 1749 900 2131 995; x_wconf 82' lang='lat' dir='ltr'><strong>majorum.</strong></span> <span class='ocrx_word' id='word_1_54' title='bbox 2176 898 2323 971; x_wconf 90' lang='lat' dir='ltr'><strong>Sed</strong></span> <span class='ocrx_word' id='word_1_55' title='bbox 2345 955 2365 989; x_wconf 92' lang='lat'>‚</span> <span class='ocrx_word' id='word_1_56' title='bbox 2402 916 2477 972; x_wconf 89' lang='lat' dir='ltr'><strong>ut</strong></span> 
     </span>
     <span class='ocr_line' id='line_1_8' title="bbox 334 1008 2475 1108; baseline -0.001 -23"><span class='ocrx_word' id='word_1_57' title='bbox 334 1011 622 1085; x_wconf 83' lang='lat' dir='ltr'><strong>redeam</strong></span> <span class='ocrx_word' id='word_1_58' title='bbox 655 1008 748 1083; x_wconf 86' lang='lat' dir='ltr'><strong>ad</strong></span> <span class='ocrx_word' id='word_1_59' title='bbox 783 1009 1185 1097; x_wconf 86' lang='lat' dir='ltr'><strong>Plancium,</strong></span> <span class='ocrx_word' id='word_1_60' title='bbox 1229 1034 1631 1108; x_wconf 81' lang='lat' dir='ltr'><strong>numquam</strong></span> <span class='ocrx_word' id='word_1_61' title='bbox 1675 1036 1765 1083; x_wconf 85' lang='lat' dir='ltr'><strong>ex</strong></span> <span class='ocrx_word' id='word_1_62' title='bbox 1802 1009 1983 1081; x_wconf 87' lang='lat' dir='ltr'><strong>urbe</strong></span> <span class='ocrx_word' id='word_1_63' title='bbox 2016 1008 2253 1081; x_wconf 83' lang='lat' dir='ltr'><strong>abfuit</strong></span> <span class='ocrx_word' id='word_1_64' title='bbox 2274 1066 2295 1097; x_wconf 90' lang='lat'><strong>,</strong></span> <span class='ocrx_word' id='word_1_65' title='bbox 2344 1015 2475 1083; x_wconf 90' lang='lat' dir='ltr'><strong>nisi</strong></span> 
     </span>
     <span class='ocr_line' id='line_1_9' title="bbox 335 1119 2477 1219; baseline 0.001 -24"><span class='ocrx_word' id='word_1_66' title='bbox 335 1134 530 1195; x_wconf 82' lang='lat' dir='ltr'><strong>sorte</strong></span> <span class='ocrx_word' id='word_1_67' title='bbox 549 1174 570 1207; x_wconf 90' lang='lat'>‚</span> <span class='ocrx_word' id='word_1_68' title='bbox 633 1121 790 1219; x_wconf 83' lang='lat' dir='ltr'><strong>lege</strong></span> <span class='ocrx_word' id='word_1_69' title='bbox 809 1174 830 1207; x_wconf 90' lang='lat'><strong>,</strong></span> <span class='ocrx_word' id='word_1_70' title='bbox 879 1122 1301 1193; x_wconf 83' lang='lat' dir='ltr'><strong>necessitate</strong></span> <span class='ocrx_word' id='word_1_71' title='bbox 1320 1126 1373 1190; x_wconf 74' lang='lat'><strong>4.</strong></span> <span class='ocrx_word' id='word_1_72' title='bbox 1441 1125 1611 1195; x_wconf 87' lang='lat' dir='ltr'><strong>Non</strong></span> <span class='ocrx_word' id='word_1_73' title='bbox 1665 1121 1889 1193; x_wconf 85' lang='lat' dir='ltr'><strong>valuit</strong></span> <span class='ocrx_word' id='word_1_74' title='bbox 1914 1119 2147 1192; x_wconf 77' lang='lat' dir='ltr'><strong>&#39;rebus</strong></span> <span class='ocrx_word' id='word_1_75' title='bbox 2177 1121 2477 1197; x_wconf 81' lang='lat' dir='ltr'><strong>iisdem.</strong></span> 
     </span>
     <span class='ocr_line' id='line_1_10' title="bbox 335 1227 2477 1329; baseline 0 -26"><span class='ocrx_word' id='word_1_76' title='bbox 335 1229 608 1329; x_wconf 87' lang='lat' dir='ltr'><strong>quibus</strong></span> <span class='ocrx_word' id='word_1_77' title='bbox 647 1227 948 1302; x_wconf 85' lang='lat' dir='ltr'><strong>fortasse</strong></span> <span class='ocrx_word' id='word_1_78' title='bbox 983 1230 1343 1302; x_wconf 86' lang='lat' dir='ltr'><strong>nonnulli.</strong></span> <span class='ocrx_word' id='word_1_79' title='bbox 1388 1234 1478 1302; x_wconf 90' lang='lat' dir='ltr'><strong>At</strong></span> <span class='ocrx_word' id='word_1_80' title='bbox 1510 1231 1735 1303; x_wconf 86' lang='lat' dir='ltr'><strong>valuit</strong></span> <span class='ocrx_word' id='word_1_81' title='bbox 1764 1230 2215 1318; x_wconf 85' lang='lat' dir='ltr'><strong>assiduitate,</strong></span> <span class='ocrx_word' id='word_1_82' title='bbox 2247 1232 2477 1303; x_wconf 80' lang='lat' dir='ltr'><strong>valuit</strong></span> 
     </span>
     <span class='ocr_line' id='line_1_11' title="bbox 337 1337 2477 1430; baseline -0 -16"><span class='ocrx_word' id='word_1_83' title='bbox 337 1340 806 1415; x_wconf 84' lang='lat' dir='ltr'><strong>observandis</strong></span> <span class='ocrx_word' id='word_1_84' title='bbox 833 1340 1076 1413; x_wconf 83' lang='lat' dir='ltr'><strong>amicis</strong></span> <span class='ocrx_word' id='word_1_85' title='bbox 1099 1337 1154 1430; x_wconf 83' lang='lat'><strong>⁵,</strong></span> <span class='ocrx_word' id='word_1_86' title='bbox 1191 1340 1418 1412; x_wconf 82' lang='lat' dir='ltr'><strong>valuit</strong></span> <span class='ocrx_word' id='word_1_87' title='bbox 1444 1340 1905 1429; x_wconf 81' lang='lat' dir='ltr'><strong>liberalitate3</strong></span> <span class='ocrx_word' id='word_1_88' title='bbox 1936 1338 2075 1411; x_wconf 80' lang='lat' dir='ltr'><strong>fuit</strong></span> <span class='ocrx_word' id='word_1_89' title='bbox 2099 1344 2181 1412; x_wconf 91' lang='lat' dir='ltr'><strong>in</strong></span> <span class='ocrx_word' id='word_1_90' title='bbox 2206 1342 2477 1421; x_wconf 83' lang='lat' dir='ltr'><strong>oculis;</strong></span> 
     </span>
     <span class='ocr_line' id='line_1_12' title="bbox 337 1446 2473 1551; baseline -0.001 -27"><span class='ocrx_word' id='word_1_91' title='bbox 337 1453 629 1551; x_wconf 81' lang='lat' dir='ltr'><strong>petivit3</strong></span> <span class='ocrx_word' id='word_1_92' title='bbox 675 1476 760 1523; x_wconf 86' lang='lat' dir='ltr'><strong>ea</strong></span> <span class='ocrx_word' id='word_1_93' title='bbox 808 1465 914 1523; x_wconf 88' lang='lat' dir='ltr'><strong>est</strong></span> <span class='ocrx_word' id='word_1_94' title='bbox 967 1448 1196 1522; x_wconf 75' lang='grc' dir='ltr'><strong>ιιειιε6</strong></span> <span class='ocrx_word' id='word_1_95' title='bbox 1227 1446 1521 1522; x_wconf 72' lang='lat' dir='ltr'><strong>‘ratione</strong></span> <span class='ocrx_word' id='word_1_96' title='bbox 1543 1506 1562 1538; x_wconf 92' lang='lat'><strong>,</strong></span> <span class='ocrx_word' id='word_1_97' title='bbox 1606 1476 1790 1548; x_wconf 89' lang='lat' dir='ltr'><strong>qua,</strong></span> <span class='ocrx_word' id='word_1_98' title='bbox 1828 1450 2127 1521; x_wconf 86' lang='lat' dir='ltr'><strong>minima</strong></span> <span class='ocrx_word' id='word_1_99' title='bbox 2168 1450 2473 1529; x_wconf 77' lang='lat' dir='ltr'><strong>invidia,</strong></span> 
     </span>
     <span class='ocr_line' id='line_1_13' title="bbox 336 1560 2477 1659; baseline -0.002 -25"><span class='ocrx_word' id='word_1_100' title='bbox 336 1566 506 1647; x_wconf 83' lang='lat' dir='ltr'><strong>novi</strong></span> <span class='ocrx_word' id='word_1_101' title='bbox 569 1561 902 1634; x_wconf 87' lang='lat' dir='ltr'><strong>homines</strong></span> <span class='ocrx_word' id='word_1_102' title='bbox 960 1562 1258 1659; x_wconf 88' lang='lat' dir='ltr'><strong>plurimi</strong></span> <span class='ocrx_word' id='word_1_103' title='bbox 1312 1560 1608 1633; x_wconf 91' lang='lat' dir='ltr'><strong>eosdem</strong></span> <span class='ocrx_word' id='word_1_104' title='bbox 1666 1561 1985 1634; x_wconf 90' lang='lat' dir='ltr'><strong>honores</strong></span> <span class='ocrx_word' id='word_1_105' title='bbox 2040 1562 2477 1659; x_wconf 84' lang='lat' dir='ltr'><strong>consequuti</strong></span> 
     </span>
     <span class='ocr_line' id='line_1_14' title="bbox 333 1687 526 1743; baseline 0 0"><span class='ocrx_word' id='word_1_106' title='bbox 333 1687 526 1743; x_wconf 78' lang='lat' dir='ltr'><strong>sunt.</strong></span> 
     </span>
     <span class='ocr_line' id='line_1_15' title="bbox 427 1780 2477 1879; baseline -0.001 -28"><span class='ocrx_word' id='word_1_107' title='bbox 427 1783 750 1851; x_wconf 85' lang='lat' dir='ltr'>XXVIII.</span> <span class='ocrx_word' id='word_1_108' title='bbox 795 1784 978 1853; x_wconf 87' lang='lat' dir='ltr'><strong>Nam</strong></span> <span class='ocrx_word' id='word_1_109' title='bbox 1005 1834 1024 1868; x_wconf 91' lang='lat'><strong>,</strong></span> <span class='ocrx_word' id='word_1_110' title='bbox 1062 1780 1264 1878; x_wconf 91' lang='lat' dir='ltr'><strong>quod</strong></span> <span class='ocrx_word' id='word_1_111' title='bbox 1302 1783 1405 1853; x_wconf 86' lang='lat' dir='ltr'><strong>ais</strong></span> <span class='ocrx_word' id='word_1_112' title='bbox 1426 1836 1445 1871; x_wconf 89' lang='lat'><strong>,</strong></span> <span class='ocrx_word' id='word_1_113' title='bbox 1484 1782 1717 1869; x_wconf 86' lang='lat' dir='ltr'><strong>Cassi,</strong></span> <span class='ocrx_word' id='word_1_114' title='bbox 1750 1804 1902 1852; x_wconf 90' lang='lat' dir='ltr'><strong>non</strong></span> <span class='ocrx_word' id='word_1_115' title='bbox 1934 1782 2099 1879; x_wconf 91' lang='lat' dir='ltr'><strong>plus</strong></span> <span class='ocrx_word' id='word_1_116' title='bbox 2125 1802 2243 1851; x_wconf 88' lang='lat' dir='ltr'><strong>me</strong></span> <span class='ocrx_word' id='word_1_117' title='bbox 2270 1780 2477 1851; x_wconf 88' lang='lat' dir='ltr'><strong>Plan-</strong></span> 
     </span>
     <span class='ocr_line' id='line_1_16' title="bbox 329 1888 2475 1989; baseline 0 -27"><span class='ocrx_word' id='word_1_118' title='bbox 329 1891 444 1962; x_wconf 89' lang='lat' dir='ltr'><strong>cio</strong></span> <span class='ocrx_word' id='word_1_119' title='bbox 480 1888 746 1961; x_wconf 89' lang='lat' dir='ltr'><strong>debere</strong></span> <span class='ocrx_word' id='word_1_120' title='bbox 767 1944 787 1977; x_wconf 89' lang='lat'><strong>,</strong></span> <span class='ocrx_word' id='word_1_121' title='bbox 819 1915 1037 1988; x_wconf 87' lang='lat' dir='ltr'><strong>quam</strong></span> <span class='ocrx_word' id='word_1_122' title='bbox 1065 1891 1284 1965; x_wconf 89' lang='lat' dir='ltr'><strong>bonis</strong></span> <span class='ocrx_word' id='word_1_123' title='bbox 1316 1889 1694 1978; x_wconf 75' lang='lat' dir='ltr'><strong>omnibuS,</strong></span> <span class='ocrx_word' id='word_1_124' title='bbox 1732 1890 1935 1989; x_wconf 91' lang='lat' dir='ltr'><strong>quod</strong></span> <span class='ocrx_word' id='word_1_125' title='bbox 1962 1894 2049 1962; x_wconf 84' lang='lat' dir='ltr'><strong>iis</strong></span> <span class='ocrx_word' id='word_1_126' title='bbox 2078 1916 2287 1988; x_wconf 81' lang='lat' dir='ltr'><strong>aeque</strong></span> <span class='ocrx_word' id='word_1_127' title='bbox 2320 1916 2475 1963; x_wconf 84' lang='lat' dir='ltr'><strong>mea</strong></span> 
     </span>
     <span class='ocr_line' id='line_1_17' title="bbox 289 1998 2475 2099; baseline -0.001 -26"><span class='ocrx_word' id='word_1_128' title='bbox 289 2019 299 2029; x_wconf 88' lang='lat'><strong>·</strong></span> <span class='ocrx_word' id='word_1_129' title='bbox 331 1998 522 2073; x_wconf 85' lang='lat' dir='ltr'><strong>salus</strong></span> <span class='ocrx_word' id='word_1_130' title='bbox 559 2024 720 2072; x_wconf 89' lang='lat' dir='ltr'><strong>cara</strong></span> <span class='ocrx_word' id='word_1_131' title='bbox 749 1998 968 2072; x_wconf 88' lang='lat' dir='ltr'><strong>fuerit</strong></span> <span class='ocrx_word' id='word_1_132' title='bbox 1003 2028 1018 2070; x_wconf 92' lang='lat'><strong>:</strong></span> <span class='ocrx_word' id='word_1_133' title='bbox 1067 2026 1202 2099; x_wconf 86' lang='lat' dir='ltr'><strong>ego</strong></span> <span class='ocrx_word' id='word_1_134' title='bbox 1253 2026 1369 2074; x_wconf 90' lang='lat' dir='ltr'><strong>me</strong></span> <span class='ocrx_word' id='word_1_135' title='bbox 1420 2002 1685 2075; x_wconf 89' lang='lat' dir='ltr'><strong>debere</strong></span> <span class='ocrx_word' id='word_1_136' title='bbox 1730 2001 1943 2074; x_wconf 92' lang='lat' dir='ltr'><strong>bonis</strong></span> <span class='ocrx_word' id='word_1_137' title='bbox 1986 2001 2341 2073; x_wconf 89' lang='lat' dir='ltr'><strong>omnibus</strong></span> <span class='ocrx_word' id='word_1_138' title='bbox 2374 2000 2475 2071; x_wconf 83' lang='lat' dir='ltr'><strong>fa-</strong></span> 
     </span>
     <span class='ocr_line' id='line_1_18' title="bbox 333 2110 2479 2211; baseline -0 -28"><span class='ocrx_word' id='word_1_139' title='bbox 333 2126 535 2201; x_wconf 91' lang='lat' dir='ltr'><strong>teor;</strong></span> <span class='ocrx_word' id='word_1_140' title='bbox 574 2110 700 2185; x_wconf 89' lang='lat' dir='ltr'><strong>sed</strong></span> <span class='ocrx_word' id='word_1_141' title='bbox 737 2115 954 2183; x_wconf 87' lang='lat' dir='ltr'><strong>etiam</strong></span> <span class='ocrx_word' id='word_1_142' title='bbox 985 2112 1094 2199; x_wconf 90' lang='lat' dir='ltr'><strong>hi,</strong></span> <span class='ocrx_word' id='word_1_143' title='bbox 1129 2112 1441 2209; x_wconf 87' lang='lat' dir='ltr'><strong>quibus¹</strong></span> <span class='ocrx_word' id='word_1_144' title='bbox 1494 2138 1629 2211; x_wconf 86' lang='lat' dir='ltr'><strong>ego</strong></span> <span class='ocrx_word' id='word_1_145' title='bbox 1666 2110 1941 2200; x_wconf 75' lang='lat' dir='ltr'><strong>doben,</strong></span> <span class='ocrx_word' id='word_1_146' title='bbox 1970 2111 2151 2186; x_wconf 91' lang='lat' dir='ltr'><strong>boni</strong></span> <span class='ocrx_word' id='word_1_147' title='bbox 2190 2115 2371 2201; x_wconf 85' lang='lat' dir='ltr'><strong>viri,</strong></span> <span class='ocrx_word' id='word_1_148' title='bbox 2408 2128 2479 2183; x_wconf 85' lang='lat' dir='ltr'><strong>et</strong></span> 
     </span>
    </p>
   </div>
   <div class='ocr_carea' id='block_1_3' title="bbox 327 2379 1357 4038">
    <p class='ocr_par' dir='ltr' id='par_1_3' title="bbox 327 2379 1356 3240">
     <span class='ocr_line' id='line_1_19' title="bbox 404 2379 1351 2446; baseline -0.002 -14"><span class='ocrx_word' id='word_1_149' title='bbox 404 2391 454 2439; x_wconf 71' lang='lat'><strong>⁴·</strong></span> <span class='ocrx_word' id='word_1_150' title='bbox 481 2379 594 2430; x_wconf 75' lang='lat' dir='ltr'><strong>Nisi</strong></span> <span class='ocrx_word' id='word_1_151' title='bbox 605 2391 748 2438; x_wconf 80' lang='lat' dir='ltr'><strong>soree,</strong></span> <span class='ocrx_word' id='word_1_152' title='bbox 773 2382 894 2446; x_wconf 74' lang='lat' dir='ltr'><strong>lege,</strong></span> <span class='ocrx_word' id='word_1_153' title='bbox 913 2381 1213 2430; x_wconf 74' lang='lat' dir='ltr'><strong>necessitate.</strong></span> <span class='ocrx_word' id='word_1_154' title='bbox 1231 2381 1351 2441; x_wconf 78' lang='lat' dir='ltr'><strong>Alii,</strong></span> 
     </span>
     <span class='ocr_line' id='line_1_20' title="bbox 328 2459 1355 2510; baseline 0.002 -4"><span class='ocrx_word' id='word_1_155' title='bbox 328 2461 462 2510; x_wconf 65' lang='lat' dir='ltr'><strong>auid</strong></span> <span class='ocrx_word' id='word_1_156' title='bbox 485 2462 615 2510; x_wconf 81' lang='lat' dir='ltr'><strong>forte</strong></span> <span class='ocrx_word' id='word_1_157' title='bbox 633 2481 677 2508; x_wconf 68' lang='grc' dir='ltr'><strong>ο.</strong></span> <span class='ocrx_word' id='word_1_158' title='bbox 694 2460 922 2509; x_wconf 83' lang='lat' dir='ltr'><strong>Plancius</strong></span> <span class='ocrx_word' id='word_1_159' title='bbox 955 2475 1019 2508; x_wconf 76' lang='lat' dir='ltr'><strong>ex</strong></span> <span class='ocrx_word' id='word_1_160' title='bbox 1045 2459 1166 2508; x_wconf 86' lang='lat' dir='ltr'><strong>urbe</strong></span> <span class='ocrx_word' id='word_1_161' title='bbox 1193 2461 1355 2508; x_wconf 75' lang='lat' dir='ltr'><strong>abfuit</strong></span> 
     </span>
     <span class='ocr_line' id='line_1_21' title="bbox 331 2537 1351 2603; baseline -0.003 -14"><span class='ocrx_word' id='word_1_162' title='bbox 331 2551 457 2590; x_wconf 77' lang='lat' dir='ltr'><strong>soree</strong></span> <span class='ocrx_word' id='word_1_163' title='bbox 476 2575 491 2600; x_wconf 89' lang='lat'><strong>,</strong></span> <span class='ocrx_word' id='word_1_164' title='bbox 520 2554 672 2602; x_wconf 87' lang='lat' dir='ltr'><strong>quum</strong></span> <span class='ocrx_word' id='word_1_165' title='bbox 694 2549 908 2602; x_wconf 77' lang='lat' dir='ltr'><strong>quoestor</strong></span> <span class='ocrx_word' id='word_1_166' title='bbox 935 2537 1212 2603; x_wconf 81' lang='lat' dir='ltr'><strong>designatus</strong></span> <span class='ocrx_word' id='word_1_167' title='bbox 1237 2541 1351 2588; x_wconf 81' lang='lat' dir='ltr'><strong>Ma-</strong></span> 
     </span>
     <span class='ocr_line' id='line_1_22' title="bbox 330 2617 1353 2683; baseline 0 -16"><span class='ocrx_word' id='word_1_168' title='bbox 330 2618 583 2667; x_wconf 87' lang='lat' dir='ltr'><strong>cedoniam</strong></span> <span class='ocrx_word' id='word_1_169' title='bbox 625 2618 823 2664; x_wconf 83' lang='lat' dir='ltr'><strong>sortitus</strong></span> <span class='ocrx_word' id='word_1_170' title='bbox 867 2628 966 2677; x_wconf 88' lang='lat' dir='ltr'><strong>est;</strong></span> <span class='ocrx_word' id='word_1_171' title='bbox 1012 2617 1118 2682; x_wconf 71' lang='lat' dir='ltr'><strong>Iege</strong></span> <span class='ocrx_word' id='word_1_172' title='bbox 1139 2653 1155 2680; x_wconf 87' lang='lat'><strong>,</strong></span> <span class='ocrx_word' id='word_1_173' title='bbox 1199 2634 1353 2683; x_wconf 86' lang='lat' dir='ltr'><strong>quum</strong></span> 
     </span>
     <span class='ocr_line' id='line_1_23' title="bbox 330 2695 1353 2761; baseline -0.001 -16"><span class='ocrx_word' id='word_1_174' title='bbox 330 2695 556 2746; x_wconf 78' lang='lat' dir='ltr'><strong>tribanus</strong></span> <span class='ocrx_word' id='word_1_175' title='bbox 577 2695 787 2744; x_wconf 80' lang='lat' dir='ltr'><strong>militum</strong></span> <span class='ocrx_word' id='word_1_176' title='bbox 811 2705 1000 2744; x_wconf 71' lang='lat' dir='ltr'><strong>oecatns</strong></span> <span class='ocrx_word' id='word_1_177' title='bbox 1026 2711 1052 2742; x_wconf 82' lang='lat' dir='ltr'><strong>a</strong></span> <span class='ocrx_word' id='word_1_178' title='bbox 1079 2697 1274 2761; x_wconf 83' lang='lat' dir='ltr'><strong>populo</strong></span> <span class='ocrx_word' id='word_1_179' title='bbox 1300 2697 1353 2744; x_wconf 85' lang='lat' dir='ltr'><strong>in</strong></span> 
     </span>
     <span class='ocr_line' id='line_1_24' title="bbox 327 2773 1351 2840; baseline -0.003 -15"><span class='ocrx_word' id='word_1_180' title='bbox 327 2776 496 2826; x_wconf 82' lang='lat' dir='ltr'><strong>eadem</strong></span> <span class='ocrx_word' id='word_1_181' title='bbox 519 2773 778 2840; x_wconf 74' lang='lat' dir='ltr'><strong>provincia</strong></span> <span class='ocrx_word' id='word_1_182' title='bbox 820 2774 894 2822; x_wconf 86' lang='lat' dir='ltr'><strong>rei</strong></span> <span class='ocrx_word' id='word_1_183' title='bbox 930 2774 1128 2824; x_wconf 83' lang='lat' dir='ltr'><strong>militari</strong></span> <span class='ocrx_word' id='word_1_184' title='bbox 1151 2791 1351 2840; x_wconf 82' lang='lat' dir='ltr'><strong>operam</strong></span> 
     </span>
     <span class='ocr_line' id='line_1_25' title="bbox 330 2852 1351 2917; baseline -0.004 -13"><span class='ocrx_word' id='word_1_185' title='bbox 330 2855 489 2916; x_wconf 56' lang='lat' dir='ltr'><strong>dadin</strong></span> <span class='ocrx_word' id='word_1_186' title='bbox 509 2852 812 2914; x_wconf 75' lang='lat' dir='ltr'><strong>necessitate,</strong></span> <span class='ocrx_word' id='word_1_187' title='bbox 835 2869 983 2917; x_wconf 84' lang='lat' dir='ltr'><strong>quum</strong></span> <span class='ocrx_word' id='word_1_188' title='bbox 1004 2853 1096 2901; x_wconf 79' lang='lat' dir='ltr'><strong>fuit</strong></span> <span class='ocrx_word' id='word_1_189' title='bbox 1117 2853 1168 2900; x_wconf 89' lang='lat' dir='ltr'><strong>in</strong></span> <span class='ocrx_word' id='word_1_190' title='bbox 1183 2853 1351 2900; x_wconf 69' lang='lat' dir='ltr'><strong>Africa</strong></span> 
     </span>
     <span class='ocr_line' id='line_1_26' title="bbox 330 2929 1350 2996; baseline -0.005 -13"><span class='ocrx_word' id='word_1_191' title='bbox 330 2935 468 2983; x_wconf 85' lang='lat' dir='ltr'><strong>miles</strong></span> <span class='ocrx_word' id='word_1_192' title='bbox 485 2935 548 2984; x_wconf 72' lang='lat' dir='ltr'><strong>A.</strong></span> <span class='ocrx_word' id='word_1_193' title='bbox 567 2933 822 2996; x_wconf 74' lang='lat' dir='ltr'><strong>Torquati,</strong></span> <span class='ocrx_word' id='word_1_194' title='bbox 835 2931 886 2980; x_wconf 89' lang='lat' dir='ltr'><strong>in</strong></span> <span class='ocrx_word' id='word_1_195' title='bbox 908 2933 1050 2981; x_wconf 87' lang='lat' dir='ltr'><strong>Creta</strong></span> <span class='ocrx_word' id='word_1_196' title='bbox 1065 2933 1128 2995; x_wconf 84' lang='lat' dir='ltr'><strong>Q.</strong></span> <span class='ocrx_word' id='word_1_197' title='bbox 1143 2929 1350 2990; x_wconf 76' lang='lat' dir='ltr'><strong>Metelli,</strong></span> 
     </span>
     <span class='ocr_line' id='line_1_27' title="bbox 327 3011 1353 3076; baseline -0.005 -12"><span class='ocrx_word' id='word_1_198' title='bbox 327 3031 382 3064; x_wconf 81' lang='lat' dir='ltr'><strong>ea</strong></span> <span class='ocrx_word' id='word_1_199' title='bbox 423 3013 706 3062; x_wconf 71' lang='lat' dir='ltr'><strong>necessitate</strong></span> <span class='ocrx_word' id='word_1_200' title='bbox 742 3011 982 3060; x_wconf 82' lang='lat' dir='ltr'><strong>adductus</strong></span> <span class='ocrx_word' id='word_1_201' title='bbox 995 3045 1010 3070; x_wconf 93' lang='lat'><strong>,</strong></span> <span class='ocrx_word' id='word_1_202' title='bbox 1047 3027 1144 3076; x_wconf 83' lang='lat' dir='ltr'><strong>qua</strong></span> <span class='ocrx_word' id='word_1_203' title='bbox 1184 3027 1353 3060; x_wconf 82' lang='lat' dir='ltr'><strong>omnes</strong></span> 
     </span>
     <span class='ocr_line' id='line_1_28' title="bbox 329 3090 1356 3158; baseline -0.005 -16"><span class='ocrx_word' id='word_1_204' title='bbox 329 3093 655 3158; x_wconf 72' lang='lat' dir='ltr'><strong>cogebantur,</strong></span> <span class='ocrx_word' id='word_1_205' title='bbox 673 3101 788 3158; x_wconf 80' lang='lat' dir='ltr'><strong>post</strong></span> <span class='ocrx_word' id='word_1_206' title='bbox 808 3101 1050 3154; x_wconf 81' lang='lat' dir='ltr'><strong>sumptam</strong></span> <span class='ocrx_word' id='word_1_207' title='bbox 1074 3090 1262 3138; x_wconf 79' lang='lat' dir='ltr'><strong>virilem</strong></span> <span class='ocrx_word' id='word_1_208' title='bbox 1284 3099 1356 3138; x_wconf 87' lang='lat' dir='ltr'><strong>to-</strong></span> 
     </span>
     <span class='ocr_line' id='line_1_29' title="bbox 331 3171 1104 3240; baseline -0.003 -18"><span class='ocrx_word' id='word_1_209' title='bbox 331 3189 465 3240; x_wconf 68' lang='lat' dir='ltr'><strong>gam,</strong></span> <span class='ocrx_word' id='word_1_210' title='bbox 483 3171 724 3237; x_wconf 82' lang='lat' dir='ltr'><strong>stipendia</strong></span> <span class='ocrx_word' id='word_1_211' title='bbox 744 3171 908 3220; x_wconf 83' lang='lat' dir='ltr'><strong>decem</strong></span> <span class='ocrx_word' id='word_1_212' title='bbox 928 3172 1104 3220; x_wconf 82' lang='lat' dir='ltr'><strong>facere.</strong></span> 
     </span>
    </p>

    <p class='ocr_par' dir='ltr' id='par_1_4' title="bbox 328 3248 1357 4038">
     <span class='ocr_line' id='line_1_30' title="bbox 404 3248 1352 3301; baseline -0.003 0"><span class='ocrx_word' id='word_1_213' title='bbox 404 3254 452 3301; x_wconf 79' lang='lat'><strong>⁵.</strong></span> <span class='ocrx_word' id='word_1_214' title='bbox 473 3251 638 3300; x_wconf 70' lang='lat' dir='ltr'><strong>Valuie</strong></span> <span class='ocrx_word' id='word_1_215' title='bbox 663 3250 970 3300; x_wconf 70' lang='lat' dir='ltr'><strong>observandis</strong></span> <span class='ocrx_word' id='word_1_216' title='bbox 989 3248 1178 3298; x_wconf 71' lang='lat' dir='ltr'><strong>amieis.</strong></span> <span class='ocrx_word' id='word_1_217' title='bbox 1198 3250 1352 3298; x_wconf 70' lang='lat' dir='ltr'><strong>Vetu-</strong></span> 
     </span>
     <span class='ocr_line' id='line_1_31' title="bbox 330 3327 1355 3381; baseline -0.005 -1"><span class='ocrx_word' id='word_1_218' title='bbox 330 3333 504 3381; x_wconf 82' lang='lat' dir='ltr'><strong>stiores</strong></span> <span class='ocrx_word' id='word_1_219' title='bbox 553 3342 664 3379; x_wconf 84' lang='lat' dir='ltr'><strong>ante</strong></span> <span class='ocrx_word' id='word_1_220' title='bbox 707 3331 1040 3379; x_wconf 71' lang='lat' dir='ltr'><strong>victorianum</strong></span> <span class='ocrx_word' id='word_1_221' title='bbox 1087 3327 1355 3377; x_wconf 82' lang='lat' dir='ltr'><strong>editionem</strong></span> 
     </span>
     <span class='ocr_line' id='line_1_32' title="bbox 329 3409 1355 3460; baseline -0.005 -2"><span class='ocrx_word' id='word_1_222' title='bbox 329 3409 579 3458; x_wconf 68' lang='lat' dir='ltr'><strong>servandis</strong></span> <span class='ocrx_word' id='word_1_223' title='bbox 628 3420 846 3460; x_wconf 82' lang='lat' dir='ltr'><strong>tuentur.</strong></span> <span class='ocrx_word' id='word_1_224' title='bbox 893 3409 1139 3458; x_wconf 77' lang='lat' dir='ltr'><strong>Sententia</strong></span> <span class='ocrx_word' id='word_1_225' title='bbox 1193 3416 1355 3454; x_wconf 84' lang='lat' dir='ltr'><strong>tamen</strong></span> 
     </span>
     <span class='ocr_line' id='line_1_33' title="bbox 331 3484 1356 3554; baseline -0.007 -14"><span class='ocrx_word' id='word_1_226' title='bbox 331 3491 526 3540; x_wconf 81' lang='lat' dir='ltr'><strong>videtur</strong></span> <span class='ocrx_word' id='word_1_227' title='bbox 558 3487 804 3554; x_wconf 79' lang='lat' dir='ltr'><strong>postulare</strong></span> <span class='ocrx_word' id='word_1_228' title='bbox 842 3485 1152 3536; x_wconf 68' lang='lat' dir='ltr'><strong>observandis</strong></span> <span class='ocrx_word' id='word_1_229' title='bbox 1169 3518 1186 3546; x_wconf 88' lang='lat'><strong>,</strong></span> <span class='ocrx_word' id='word_1_230' title='bbox 1215 3484 1356 3548; x_wconf 83' lang='lat' dir='ltr'><strong>quod</strong></span> 
     </span>
     <span class='ocr_line' id='line_1_34' title="bbox 328 3555 1353 3636; baseline -0.004 -20"><span class='ocrx_word' id='word_1_231' title='bbox 328 3581 440 3636; x_wconf 82' lang='lat' dir='ltr'><strong>post</strong></span> <span class='ocrx_word' id='word_1_232' title='bbox 462 3569 738 3617; x_wconf 78' lang='lat' dir='ltr'><strong>Victoriam</strong></span> <span class='ocrx_word' id='word_1_233' title='bbox 757 3555 929 3616; x_wconf 80' lang='lat' dir='ltr'><strong>omnes</strong></span> <span class='ocrx_word' id='word_1_234' title='bbox 947 3573 1234 3630; x_wconf 81' lang='lat' dir='ltr'><strong>receperunt</strong></span> <span class='ocrx_word' id='word_1_235' title='bbox 1249 3564 1353 3612; x_wconf 84' lang='lat' dir='ltr'><strong>edi·</strong></span> 
     </span>
     <span class='ocr_line' id='line_1_35' title="bbox 333 3644 1355 3712; baseline -0.008 -12"><span class='ocrx_word' id='word_1_236' title='bbox 333 3663 484 3700; x_wconf 80' lang='lat' dir='ltr'><strong>tores.</strong></span> <span class='ocrx_word' id='word_1_237' title='bbox 529 3649 656 3698; x_wconf 81' lang='lat' dir='ltr'><strong>Natu</strong></span> <span class='ocrx_word' id='word_1_238' title='bbox 697 3647 917 3712; x_wconf 80' lang='lat' dir='ltr'><strong>quamvis</strong></span> <span class='ocrx_word' id='word_1_239' title='bbox 955 3646 1010 3693; x_wconf 90' lang='lat' dir='ltr'><strong>in</strong></span> <span class='ocrx_word' id='word_1_240' title='bbox 1047 3644 1283 3694; x_wconf 85' lang='lat' dir='ltr'><strong>Cicerone</strong></span> <span class='ocrx_word' id='word_1_241' title='bbox 1304 3654 1355 3692; x_wconf 85' lang='lat' dir='ltr'><strong>et</strong></span> 
     </span>
     <span class='ocr_line' id='line_1_36' title="bbox 334 3722 1355 3780; baseline -0.01 0"><span class='ocrx_word' id='word_1_242' title='bbox 334 3733 536 3780; x_wconf 79' lang='lat' dir='ltr'><strong>fortasse</strong></span> <span class='ocrx_word' id='word_1_243' title='bbox 558 3729 666 3777; x_wconf 84' lang='lat' dir='ltr'><strong>aliis</strong></span> <span class='ocrx_word' id='word_1_244' title='bbox 691 3728 858 3776; x_wconf 82' lang='lat' dir='ltr'><strong>amicis</strong></span> <span class='ocrx_word' id='word_1_245' title='bbox 877 3725 1126 3776; x_wconf 72' lang='lat' dir='ltr'><strong>servandis</strong></span> <span class='ocrx_word' id='word_1_246' title='bbox 1147 3722 1355 3772; x_wconf 84' lang='lat' dir='ltr'><strong>multum</strong></span> 
     </span>
     <span class='ocr_line' id='line_1_37' title="bbox 333 3803 1355 3868; baseline -0.01 -8"><span class='ocrx_word' id='word_1_247' title='bbox 333 3811 482 3860; x_wconf 82' lang='lat' dir='ltr'><strong>studii</strong></span> <span class='ocrx_word' id='word_1_248' title='bbox 505 3809 762 3868; x_wconf 77' lang='lat' dir='ltr'><strong>collocarit</strong></span> <span class='ocrx_word' id='word_1_249' title='bbox 789 3807 1039 3866; x_wconf 80' lang='lat' dir='ltr'><strong>Plancius,</strong></span> <span class='ocrx_word' id='word_1_250' title='bbox 1075 3815 1240 3852; x_wconf 81' lang='lat' dir='ltr'><strong>tamen</strong></span> <span class='ocrx_word' id='word_1_251' title='bbox 1263 3803 1355 3851; x_wconf 86' lang='lat' dir='ltr'><strong>ista</strong></span> 
     </span>
     <span class='ocr_line' id='line_1_38' title="bbox 332 3883 1353 3938; baseline -0.007 -1"><span class='ocrx_word' id='word_1_252' title='bbox 332 3905 408 3938; x_wconf 79' lang='lat' dir='ltr'><strong>res</strong></span> <span class='ocrx_word' id='word_1_253' title='bbox 435 3904 536 3937; x_wconf 89' lang='lat' dir='ltr'><strong>non</strong></span> <span class='ocrx_word' id='word_1_254' title='bbox 561 3887 766 3936; x_wconf 74' lang='lat' dir='ltr'><strong>inuitum</strong></span> <span class='ocrx_word' id='word_1_255' title='bbox 795 3883 1000 3936; x_wconf 71' lang='lat' dir='ltr'><strong>faciebat</strong></span> <span class='ocrx_word' id='word_1_256' title='bbox 1023 3883 1088 3933; x_wconf 84' lang='lat' dir='ltr'><strong>ad</strong></span> <span class='ocrx_word' id='word_1_257' title='bbox 1109 3883 1164 3932; x_wconf 86' lang='lat' dir='ltr'><strong>id</strong></span> <span class='ocrx_word' id='word_1_258' title='bbox 1186 3893 1353 3931; x_wconf 81' lang='lat' dir='ltr'><strong>osten·</strong></span> 
     </span>
     <span class='ocr_line' id='line_1_39' title="bbox 333 3961 1357 4038; baseline -0.006 -22"><span class='ocrx_word' id='word_1_259' title='bbox 333 3967 544 4016; x_wconf 63' lang='lat' dir='ltr'><strong>dandum</strong></span> <span class='ocrx_word' id='word_1_260' title='bbox 580 3965 716 4031; x_wconf 87' lang='lat' dir='ltr'><strong>quod</strong></span> <span class='ocrx_word' id='word_1_261' title='bbox 743 3965 938 4014; x_wconf 81' lang='lat' dir='ltr'><strong>volebat</strong></span> <span class='ocrx_word' id='word_1_262' title='bbox 969 3961 1218 4038; x_wconf 74' lang='lat' dir='ltr'><strong>iudicibus</strong></span> <span class='ocrx_word' id='word_1_263' title='bbox 1251 3977 1357 4010; x_wconf 79' lang='lat' dir='ltr'><strong>esse</strong></span> 
     </span>
    </p>
   </div>
   <div class='ocr_carea' id='block_1_4' title="bbox 1438 2377 2479 4025">
    <p class='ocr_par' dir='ltr' id='par_1_5' title="bbox 1438 2377 2479 3064">
     <span class='ocr_line' id='line_1_40' title="bbox 1442 2377 2477 2443; baseline -0.004 -13"><span class='ocrx_word' id='word_1_264' title='bbox 1442 2392 1667 2430; x_wconf 80' lang='lat' dir='ltr'><strong>testatum</strong></span> <span class='ocrx_word' id='word_1_265' title='bbox 1684 2416 1699 2441; x_wconf 89' lang='lat'><strong>,</strong></span> <span class='ocrx_word' id='word_1_266' title='bbox 1720 2381 1954 2430; x_wconf 81' lang='lat' dir='ltr'><strong>nimirum</strong></span> <span class='ocrx_word' id='word_1_267' title='bbox 1966 2377 2221 2428; x_wconf 76' lang='lat' dir='ltr'><strong>Plancium</strong></span> <span class='ocrx_word' id='word_1_268' title='bbox 2238 2389 2477 2443; x_wconf 78' lang='lat' dir='ltr'><strong>pes-petua</strong></span> 
     </span>
     <span class='ocr_line' id='line_1_41' title="bbox 1441 2457 2475 2526; baseline -0.006 -15"><span class='ocrx_word' id='word_1_269' title='bbox 1441 2463 1695 2526; x_wconf 67' lang='lat' dir='ltr'><strong>prasentia</strong></span> <span class='ocrx_word' id='word_1_270' title='bbox 1710 2496 1725 2522; x_wconf 89' lang='lat'><strong>,</strong></span> <span class='ocrx_word' id='word_1_271' title='bbox 1766 2471 1815 2509; x_wconf 88' lang='lat' dir='ltr'><strong>et</strong></span> <span class='ocrx_word' id='word_1_272' title='bbox 1850 2461 2125 2508; x_wconf 74' lang='lat' dir='ltr'><strong>amicorum</strong></span> <span class='ocrx_word' id='word_1_273' title='bbox 2164 2457 2475 2506; x_wconf 74' lang='lat' dir='ltr'><strong>observantia</strong></span> 
     </span>
     <span class='ocr_line' id='line_1_42' title="bbox 1440 2537 2475 2604; baseline -0.005 -15"><span class='ocrx_word' id='word_1_274' title='bbox 1440 2557 1499 2590; x_wconf 82' lang='lat' dir='ltr'><strong>ac</strong></span> <span class='ocrx_word' id='word_1_275' title='bbox 1522 2539 1809 2588; x_wconf 84' lang='lat' dir='ltr'><strong>liberalitate</strong></span> <span class='ocrx_word' id='word_1_276' title='bbox 1826 2555 1973 2604; x_wconf 76' lang='lat' dir='ltr'><strong>prava</strong></span> <span class='ocrx_word' id='word_1_277' title='bbox 1998 2537 2144 2586; x_wconf 82' lang='lat' dir='ltr'><strong>fuisse</strong></span> <span class='ocrx_word' id='word_1_278' title='bbox 2164 2537 2221 2583; x_wconf 87' lang='lat' dir='ltr'><strong>in</strong></span> <span class='ocrx_word' id='word_1_279' title='bbox 2246 2537 2475 2584; x_wconf 75' lang='lat' dir='ltr'><strong>comitiis.</strong></span> 
     </span>
     <span class='ocr_line' id='line_1_43' title="bbox 1440 2617 2475 2683; baseline -0.005 -17"><span class='ocrx_word' id='word_1_280' title='bbox 1440 2623 1642 2668; x_wconf 79' lang='lat' dir='ltr'><strong>Servare</strong></span> <span class='ocrx_word' id='word_1_281' title='bbox 1664 2631 1827 2667; x_wconf 83' lang='lat' dir='ltr'><strong>autem</strong></span> <span class='ocrx_word' id='word_1_282' title='bbox 1862 2634 1955 2683; x_wconf 84' lang='lat' dir='ltr'><strong>pro</strong></span> <span class='ocrx_word' id='word_1_283' title='bbox 1988 2617 2242 2664; x_wconf 71' lang='lat' dir='ltr'><strong>observare</strong></span> <span class='ocrx_word' id='word_1_284' title='bbox 2266 2633 2475 2680; x_wconf 71' lang='lat' dir='ltr'><strong>usurpa—</strong></span> 
     </span>
     <span class='ocr_line' id='line_1_44' title="bbox 1440 2692 2477 2762; baseline -0.005 -15"><span class='ocrx_word' id='word_1_285' title='bbox 1440 2710 1557 2747; x_wconf 85' lang='lat' dir='ltr'><strong>runt</strong></span> <span class='ocrx_word' id='word_1_286' title='bbox 1581 2696 1781 2762; x_wconf 83' lang='lat' dir='ltr'><strong>quidem</strong></span> <span class='ocrx_word' id='word_1_287' title='bbox 1806 2699 1860 2744; x_wconf 82' lang='lat' dir='ltr'><strong>in</strong></span> <span class='ocrx_word' id='word_1_288' title='bbox 1886 2696 2031 2744; x_wconf 74' lang='lat' dir='ltr'><strong>cenis</strong></span> <span class='ocrx_word' id='word_1_289' title='bbox 2054 2692 2295 2758; x_wconf 77' lang='lat' dir='ltr'><strong>loquendi</strong></span> <span class='ocrx_word' id='word_1_290' title='bbox 2328 2711 2477 2760; x_wconf 75' lang='lat' dir='ltr'><strong>gene·</strong></span> 
     </span>
     <span class='ocr_line' id='line_1_45' title="bbox 1439 2773 2479 2839; baseline -0.005 -13"><span class='ocrx_word' id='word_1_291' title='bbox 1439 2777 1603 2839; x_wconf 82' lang='lat' dir='ltr'><strong>ribus,</strong></span> <span class='ocrx_word' id='word_1_292' title='bbox 1628 2785 1687 2824; x_wconf 86' lang='lat' dir='ltr'><strong>nt</strong></span> <span class='ocrx_word' id='word_1_293' title='bbox 1715 2791 1951 2823; x_wconf 73' lang='lat' dir='ltr'><strong>nervam</strong></span> <span class='ocrx_word' id='word_1_294' title='bbox 1984 2775 2047 2822; x_wconf 81' lang='lat' dir='ltr'><strong>de</strong></span> <span class='ocrx_word' id='word_1_295' title='bbox 2082 2773 2239 2832; x_wconf 70' lang='lat' dir='ltr'><strong>celo,</strong></span> <span class='ocrx_word' id='word_1_296' title='bbox 2282 2789 2479 2822; x_wconf 73' lang='lat' dir='ltr'><strong>servare</strong></span> 
     </span>
     <span class='ocr_line' id='line_1_46' title="bbox 1440 2851 2477 2918; baseline -0.006 -12"><span class='ocrx_word' id='word_1_297' title='bbox 1440 2857 1603 2918; x_wconf 75' lang='lat' dir='ltr'><strong>dorni,</strong></span> <span class='ocrx_word' id='word_1_298' title='bbox 1640 2871 1829 2904; x_wconf 77' lang='lat' dir='ltr'><strong>servare</strong></span> <span class='ocrx_word' id='word_1_299' title='bbox 1854 2854 2041 2917; x_wconf 80' lang='lat' dir='ltr'><strong>vigilias</strong></span> <span class='ocrx_word' id='word_1_300' title='bbox 2060 2851 2204 2912; x_wconf 79' lang='lat' dir='ltr'><strong>-,sed</strong></span> <span class='ocrx_word' id='word_1_301' title='bbox 2236 2875 2263 2893; x_wconf 70' lang='lat' dir='ltr'><strong>c</strong></span> <span class='ocrx_word' id='word_1_302' title='bbox 2282 2869 2477 2900; x_wconf 74' lang='lat' dir='ltr'><strong>servare</strong></span> 
     </span>
     <span class='ocr_line' id='line_1_47' title="bbox 1440 2933 2475 3000; baseline -0.007 -15"><span class='ocrx_word' id='word_1_303' title='bbox 1440 2938 1659 2986; x_wconf 75' lang='lat' dir='ltr'><strong>amicos»</strong></span> <span class='ocrx_word' id='word_1_304' title='bbox 1686 2951 1780 3000; x_wconf 82' lang='lat' dir='ltr'><strong>pro</strong></span> <span class='ocrx_word' id='word_1_305' title='bbox 1800 2933 2137 2982; x_wconf 74' lang='lat' dir='ltr'><strong>«observare-</strong></span> <span class='ocrx_word' id='word_1_306' title='bbox 2166 2947 2319 2980; x_wconf 82' lang='lat' dir='ltr'><strong>nemo</strong></span> <span class='ocrx_word' id='word_1_307' title='bbox 2346 2943 2475 2980; x_wconf 74' lang='lat' dir='ltr'><strong>vete-</strong></span> 
     </span>
     <span class='ocr_line' id='line_1_48' title="bbox 1438 3014 1714 3064; baseline -0.007 0"><span class='ocrx_word' id='word_1_308' title='bbox 1438 3031 1550 3064; x_wconf 80' lang='lat' dir='ltr'><strong>rum</strong></span> <span class='ocrx_word' id='word_1_309' title='bbox 1568 3014 1714 3062; x_wconf 83' lang='lat' dir='ltr'><strong>dixit.</strong></span> 
     </span>
    </p>

    <p class='ocr_par' dir='ltr' id='par_1_6' title="bbox 1441 3087 2475 3772">
     <span class='ocr_line' id='line_1_49' title="bbox 1516 3087 2473 3154; baseline -0.005 -12"><span class='ocrx_word' id='word_1_310' title='bbox 1516 3093 1567 3143; x_wconf 85' lang='lat'><strong>6.</strong></span> <span class='ocrx_word' id='word_1_311' title='bbox 1594 3095 1676 3140; x_wconf 82' lang='lat' dir='ltr'><strong>Ea</strong></span> <span class='ocrx_word' id='word_1_312' title='bbox 1705 3103 1779 3140; x_wconf 81' lang='lat' dir='ltr'><strong>ese</strong></span> <span class='ocrx_word' id='word_1_313' title='bbox 1802 3107 1929 3140; x_wconf 75' lang='lat' dir='ltr'><strong>usus.</strong></span> <span class='ocrx_word' id='word_1_314' title='bbox 1958 3090 2041 3139; x_wconf 86' lang='lat' dir='ltr'><strong>Sic</strong></span> <span class='ocrx_word' id='word_1_315' title='bbox 2064 3087 2235 3138; x_wconf 80' lang='lat' dir='ltr'><strong>L-mb.</strong></span> <span class='ocrx_word' id='word_1_316' title='bbox 2258 3089 2473 3154; x_wconf 78' lang='lat' dir='ltr'><strong>optime,</strong></span> 
     </span>
     <span class='ocr_line' id='line_1_50' title="bbox 1444 3169 2473 3240; baseline -0.006 -18"><span class='ocrx_word' id='word_1_317' title='bbox 1444 3173 1751 3240; x_wconf 79' lang='lat' dir='ltr'><strong>pn‘ntusqne,</strong></span> <span class='ocrx_word' id='word_1_318' title='bbox 1784 3181 1843 3220; x_wconf 83' lang='lat' dir='ltr'><strong>nt</strong></span> <span class='ocrx_word' id='word_1_319' title='bbox 1875 3170 2109 3235; x_wconf 81' lang='lat' dir='ltr'><strong>opinatur</strong></span> <span class='ocrx_word' id='word_1_320' title='bbox 2142 3169 2389 3217; x_wconf 64' lang='lat' dir='ltr'><strong>Gar-ton.</strong></span> <span class='ocrx_word' id='word_1_321' title='bbox 2416 3185 2473 3215; x_wconf 67' lang='lat' dir='ltr'><strong>en</strong></span> 
     </span>
     <span class='ocr_line' id='line_1_51' title="bbox 1441 3247 2473 3317; baseline -0.006 -16"><span class='ocrx_word' id='word_1_322' title='bbox 1441 3252 1647 3317; x_wconf 76' lang='lat' dir='ltr'><strong>sumpsit</strong></span> <span class='ocrx_word' id='word_1_323' title='bbox 1669 3266 1700 3297; x_wconf 92' lang='lat' dir='ltr'><strong>a</strong></span> <span class='ocrx_word' id='word_1_324' title='bbox 1726 3249 1949 3298; x_wconf 77' lang='lat' dir='ltr'><strong>Lambin-</strong></span> <span class='ocrx_word' id='word_1_325' title='bbox 1976 3250 2243 3308; x_wconf 75' lang='lat' dir='ltr'><strong>Gruterus,</strong></span> <span class='ocrx_word' id='word_1_326' title='bbox 2280 3247 2347 3296; x_wconf 72' lang='lat' dir='ltr'><strong>ab</strong></span> <span class='ocrx_word' id='word_1_327' title='bbox 2380 3247 2473 3296; x_wconf 76' lang='lat' dir='ltr'><strong>hoc</strong></span> 
     </span>
     <span class='ocr_line' id='line_1_52' title="bbox 1444 3327 2475 3391; baseline -0.006 -11"><span class='ocrx_word' id='word_1_328' title='bbox 1444 3330 1621 3380; x_wconf 80' lang='lat' dir='ltr'><strong>deinde</strong></span> <span class='ocrx_word' id='word_1_329' title='bbox 1640 3327 2127 3386; x_wconf 58' lang='lat' dir='ltr'><strong>omnem—Ratione,</strong></span> <span class='ocrx_word' id='word_1_330' title='bbox 2146 3343 2271 3391; x_wconf 73' lang='lat' dir='ltr'><strong>qua.</strong></span> <span class='ocrx_word' id='word_1_331' title='bbox 2302 3327 2475 3375; x_wconf 74' lang='lat' dir='ltr'><strong>Lamb-</strong></span> 
     </span>
     <span class='ocr_line' id='line_1_53' title="bbox 1444 3405 2473 3470; baseline -0.004 -14"><span class='ocrx_word' id='word_1_332' title='bbox 1444 3409 1621 3470; x_wconf 78' lang='lat' dir='ltr'><strong>adjecit</strong></span> <span class='ocrx_word' id='word_1_333' title='bbox 1644 3405 1766 3456; x_wconf 71' lang='lat' dir='ltr'><strong>vica</strong></span> <span class='ocrx_word' id='word_1_334' title='bbox 1782 3441 1797 3462; x_wconf 88' lang='lat'><strong>,</strong></span> <span class='ocrx_word' id='word_1_335' title='bbox 1834 3417 1883 3453; x_wconf 81' lang='lat' dir='ltr'><strong>et</strong></span> <span class='ocrx_word' id='word_1_336' title='bbox 1900 3405 2019 3470; x_wconf 70' lang='lat' dir='ltr'><strong>legit</strong></span> <span class='ocrx_word' id='word_1_337' title='bbox 2064 3425 2086 3449; x_wconf 74' lang='grc' dir='ltr'><strong>ι</strong></span> <span class='ocrx_word' id='word_1_338' title='bbox 2108 3405 2300 3452; x_wconf 72' lang='lat' dir='ltr'><strong>ratim</strong></span> <span class='ocrx_word' id='word_1_339' title='bbox 2322 3406 2443 3454; x_wconf 75' lang='lat' dir='ltr'><strong>vitae</strong></span> <span class='ocrx_word' id='word_1_340' title='bbox 2459 3439 2473 3458; x_wconf 90' lang='lat'>.</span> 
     </span>
     <span class='ocr_line' id='line_1_54' title="bbox 1442 3484 2473 3551; baseline -0.005 -16"><span class='ocrx_word' id='word_1_341' title='bbox 1442 3501 1539 3551; x_wconf 80' lang='lat' dir='ltr'><strong>qua</strong></span> <span class='ocrx_word' id='word_1_342' title='bbox 1558 3508 1583 3529; x_wconf 75' lang='lat' dir='ltr'><strong>a·</strong></span> <span class='ocrx_word' id='word_1_343' title='bbox 1606 3519 1621 3544; x_wconf 83' lang='lat'><strong>,</strong></span> <span class='ocrx_word' id='word_1_344' title='bbox 1661 3497 1720 3535; x_wconf 87' lang='lat' dir='ltr'><strong>ut</strong></span> <span class='ocrx_word' id='word_1_345' title='bbox 1765 3501 1859 3550; x_wconf 77' lang='lat' dir='ltr'><strong>pro</strong></span> <span class='ocrx_word' id='word_1_346' title='bbox 1904 3484 2137 3534; x_wconf 85' lang='lat' dir='ltr'><strong>Cluentio</strong></span> <span class='ocrx_word' id='word_1_347' title='bbox 2154 3517 2169 3540; x_wconf 89' lang='lat'><strong>,</strong></span> <span class='ocrx_word' id='word_1_348' title='bbox 2220 3499 2333 3548; x_wconf 76' lang='lat' dir='ltr'><strong>cap.</strong></span> <span class='ocrx_word' id='word_1_349' title='bbox 2378 3491 2437 3538; x_wconf 69' lang='lat'><strong>1⁴</strong></span> <span class='ocrx_word' id='word_1_350' title='bbox 2460 3518 2473 3534; x_wconf 87' lang='lat'><em>.</em></span> 
     </span>
     <span class='ocr_line' id='line_1_55' title="bbox 1446 3561 2471 3614; baseline 0.002 -4"><span class='ocrx_word' id='word_1_351' title='bbox 1446 3588 1469 3610; x_wconf 80' lang='grc' dir='ltr'><strong>ι</strong></span> <span class='ocrx_word' id='word_1_352' title='bbox 1490 3564 1615 3614; x_wconf 85' lang='lat' dir='ltr'><strong>nihil</strong></span> <span class='ocrx_word' id='word_1_353' title='bbox 1634 3576 1733 3612; x_wconf 83' lang='lat' dir='ltr'><strong>tam</strong></span> <span class='ocrx_word' id='word_1_354' title='bbox 1758 3575 2001 3612; x_wconf 76' lang='lat' dir='ltr'><strong>nemomm</strong></span> <span class='ocrx_word' id='word_1_355' title='bbox 2035 3561 2099 3610; x_wconf 84' lang='lat' dir='ltr'><strong>ab</strong></span> <span class='ocrx_word' id='word_1_356' title='bbox 2134 3565 2471 3612; x_wconf 75' lang='lat' dir='ltr'><strong>accusatione.</strong></span> 
     </span>
     <span class='ocr_line' id='line_1_56' title="bbox 1443 3643 2471 3709; baseline -0.006 -17"><span class='ocrx_word' id='word_1_357' title='bbox 1443 3659 1589 3709; x_wconf 87' lang='lat' dir='ltr'><strong>quam</strong></span> <span class='ocrx_word' id='word_1_358' title='bbox 1606 3643 1879 3702; x_wconf 82' lang='lat' dir='ltr'><strong>Cluentius,</strong></span> <span class='ocrx_word' id='word_1_359' title='bbox 1887 3653 1939 3690; x_wconf 83' lang='lat' dir='ltr'><strong>et</strong></span> <span class='ocrx_word' id='word_1_360' title='bbox 1960 3653 2155 3700; x_wconf 83' lang='lat' dir='ltr'><strong>natura,</strong></span> <span class='ocrx_word' id='word_1_361' title='bbox 2174 3652 2227 3689; x_wconf 89' lang='lat' dir='ltr'><strong>et</strong></span> <span class='ocrx_word' id='word_1_362' title='bbox 2252 3643 2471 3690; x_wconf 72' lang='lat' dir='ltr'><strong>instituta</strong></span> 
     </span>
     <span class='ocr_line' id='line_1_57' title="bbox 1442 3723 1825 3772; baseline -0.005 0"><span class='ocrx_word' id='word_1_363' title='bbox 1442 3724 1630 3772; x_wconf 85' lang='lat' dir='ltr'><strong>ratione</strong></span> <span class='ocrx_word' id='word_1_364' title='bbox 1653 3723 1767 3771; x_wconf 64' lang='lat' dir='ltr'><strong>vita</strong></span> <span class='ocrx_word' id='word_1_365' title='bbox 1778 3743 1825 3770; x_wconf 74' lang='grc' dir='ltr'><strong>ιι.</strong></span> 
     </span>
    </p>

    <p class='ocr_par' dir='ltr' id='par_1_7' title="bbox 1443 3798 2471 4025">
     <span class='ocr_line' id='line_1_58' title="bbox 1518 3798 2467 3864; baseline -0.005 -14"><span class='ocrx_word' id='word_1_366' title='bbox 1518 3803 1753 3850; x_wconf 76' lang='lat' dir='ltr'><strong>xxvm.</strong></span> <span class='ocrx_word' id='word_1_367' title='bbox 1784 3818 1829 3851; x_wconf 73' lang='grc' dir='ltr'><strong>ι.</strong></span> <span class='ocrx_word' id='word_1_368' title='bbox 1857 3801 1955 3849; x_wconf 76' lang='lat' dir='ltr'><strong>Sed</strong></span> <span class='ocrx_word' id='word_1_369' title='bbox 1979 3800 2161 3859; x_wconf 61' lang='lat' dir='ltr'><strong>edam,</strong></span> <span class='ocrx_word' id='word_1_370' title='bbox 2196 3798 2257 3847; x_wconf 79' lang='lat' dir='ltr'><strong>Its‘</strong></span> <span class='ocrx_word' id='word_1_371' title='bbox 2282 3799 2467 3864; x_wconf 71' lang='lat' dir='ltr'><strong>quib-s.</strong></span> 
     </span>
     <span class='ocr_line' id='line_1_59' title="bbox 1446 3878 2471 3946; baseline -0.003 -17"><span class='ocrx_word' id='word_1_372' title='bbox 1446 3881 1493 3929; x_wconf 71' lang='lat'><strong>11·</strong></span> <span class='ocrx_word' id='word_1_373' title='bbox 1514 3879 1687 3946; x_wconf 73' lang='lat' dir='ltr'><strong>quibus</strong></span> <span class='ocrx_word' id='word_1_374' title='bbox 1712 3897 1775 3930; x_wconf 79' lang='lat' dir='ltr'><strong>ex</strong></span> <span class='ocrx_word' id='word_1_375' title='bbox 1797 3878 1977 3929; x_wconf 72' lang='lat' dir='ltr'><strong>Venet.</strong></span> <span class='ocrx_word' id='word_1_376' title='bbox 2012 3880 2159 3928; x_wconf 79' lang='lat' dir='ltr'><strong>Junt.</strong></span> <span class='ocrx_word' id='word_1_377' title='bbox 2184 3879 2323 3930; x_wconf 77' lang='lat' dir='ltr'><strong>cm.</strong></span> <span class='ocrx_word' id='word_1_378' title='bbox 2346 3879 2471 3928; x_wconf 70' lang='lat' dir='ltr'><strong>ent</strong></span> 
     </span>
     <span class='ocr_line' id='line_1_60' title="bbox 1443 3958 1695 4025; baseline -0.004 -18"><span class='ocrx_word' id='word_1_379' title='bbox 1443 3959 1610 4025; x_wconf 76' lang='lat' dir='ltr'><strong>Vulgo</strong></span> <span class='ocrx_word' id='word_1_380' title='bbox 1630 3958 1695 4007; x_wconf 74' lang='lat' dir='ltr'><strong>Iu&#39;.</strong></span> 
     </span>
    </p>
   </div>
  </div>
 </body>
</html>
