2594 4537
596 251 991 320 oRATm
1042 253 1251 320 Pno
1302 255 1378 320 L.
1433 249 1856 321 FLACCO.
2089 207 2092 212 ’
2155 273 2329 320 201·

155 372 349 444 1513ae
387 371 813 446 criminibus
846 371 1422 469 testimoniisque
1451 374 1862 444 convictum
1881 425 1900 460 ‚
1934 371 2104 468 quia
2131 395 2301 444 cum

160 479 539 578 fugitivis²
578 478 857 552 fortiter
904 480 1178 560 bellum
1226 495 1582 578 gesserat,
1628 481 1900 577 judicio
1957 479 2302 556 liberave-

163 605 361 662 runt.
392 589 668 662 Consul
690 615 823 688 ego
854 615 1091 688 nuper
1119 589 1416 662 defendi
1449 595 1528 662 C.
1557 592 1939 662 Pisonem.
1978 591 2105 688 qui
2130 593 2300 716 quia

162 701 426 778 consul
462 699 671 774 fortis
702 715 1187 798 constansque
1214 699 1486 789 fuerat,
1521 701 1900 774 incolumis
1933 715 2042 772 est
2073 703 2303 798 reipu-

162 810 374 884 blicae
402 827 888 886 conservatus.
926 810 1238 884 Defendi
1273 813 1447 884 item
1479 811 1730 884 consul
1767 819 1846 885 L.
1879 815 2298 898 Murenam,

165 921 545 996 consulem
596 921 1046 1020 designatum
1097 949 1139 992 :1
1163 945 1382 994 nemo
1435 921 1723 993 illorum
1757 921 2124 1018 judicum,
2161 921 2300 992 cla-

160 1032 463 1110 rissimis
475 1030 689 1104 viris-³
713 1031 1251 1121 accusantibus,
1273 1031 1716 1108 audiendum
1741 1029 1878 1102 sibi
1904 1030 1995 1102 de
2019 1027 2300 1102 ambitu

162 1143 487 1238 putavit,
524 1167 792 1239 quum,
832 1142 1110 1214 bellum
1132 1143 1281 1239 jam
1305 1157 1600 1238 gerente
1627 1141 1971 1230 Catilina,
2009 1165 2297 1227 omneS,

164 1275 289 1322 me
321 1255 700 1342 auctore4,
738 1252 923 1324 duos
950 1253 1281 1326 consules
1306 1251 1629 1326 kalendis
1651 1253 1798 1349 J'an.
1835 1255 2100 1326 scirent
2141 1276 2295 1323 esse

160 1376 531 1458 oportere.
576 1367 935 1434 Innocens
982 1377 1057 1434 et
1104 1362 1350 1435 bonus
1387 1365 1538 1453 vir,
1587 1378 1660 1436 et
1705 1362 2042 1435 omnibus
2081 1360 2300 1433 rebus

162 1487 501 1555 ornatus,
538 1471 651 1544 bis
689 1472 831 1546 hoc
872 1499 1065 1545 anno
1086 1528 1106 1563 ,
1144 1499 1262 1548 me
1289 1472 1760 1562 defendente,
1795 1473 2166 1546 absolutus
2189 1487 2299 1543 est

166 1584 261 1654 A.
296 1580 671 1668 Thermus,
705 1585 1031 1672 Quanta,
1062 1582 1475 1681 reipublicae
1505 1609 1748 1675 causa,
1773 1585 2012 1656 laetitia
2042 1581 2299 1682 populi

162 1693 453 1766 romani
466 1745 489 1780 ,
503 1707 775 1789 quanta
800 1694 1185 1790 gratulatio
1205 1711 1652 1792 consequuta
1671 1711 1780 1770 est
1800 1695 1814 1768 !
1843 1701 2138 1794 Semper
2149 1717 2304 1792 gra-

162 1823 293 1870 ves
324 1815 397 1871 et
430 1802 787 1899 sapientes
806 1827 833 1900 J
845 1803 1087 1876 udices
1113 1806 1189 1874 in
1218 1803 1436 1876 rebus
1455 1805 1858 1902 judicandis
1878 1861 1898 1894 ‚
1937 1805 2117 1903 quid
2151 1808 2295 1876 uti-

162 1909 325 1980 litas
366 1911 707 2002 civitatis,
744 1913 922 2011 quid
956 1916 1364 1988 communis
1403 1915 1626 2002 saluS,
1665 1915 1840 2012 quid
1879 1913 2292 2012 reipublicae

162 2033 495 2116 tempora
512 2037 895 2119 poscerent
909 2078 931 2111 ,
948 2028 1463 2121 cogitaverunt.
1484 2026 1728 2114 Quum
1739 2023 2014 2100 'tabella
2025 2022 2055 2068 ⁵
2087 2023 2294 2094 vobis

156 2129 495 2218 dabitur,
538 2131 853 2227 judices»,
875 2159 1031 2228 non
1064 2134 1155 2207 de
1190 2134 1444 2210 Flacco
1471 2132 1764 2208 dabitur
1793 2133 2070 2220 solum;
2102 2131 2296 2204 dabi-

162 2255 287 2313 tur
322 2239 413 2313 de
454 2239 759 2317 ducibus
801 2243 1364 2343 auctoribusque
1407 2243 1914 2319 conservandae
1955 2244 2288 2332 civitatis;

158 2349 456 2425 dabitur
504 2352 597 2427 de
646 2354 985 2427 omnibus
1010 2354 1243 2431 bonis
1286 2350 1653 2443 civibus⁶;
1705 2352 1996 2427 dabitur
2035 2354 2126 2427 de
2167 2380 2292 2425 vo·

160 2459 426 2533 bismet
464 2464 672 2561 ipsis;
710 2462 1001 2537 dabitur
1042 2464 1133 2537 de
1177 2462 1424 2539 liberis
1471 2464 1724 2537 vestris
1744 2519 1766 2552 ,
1821 2462 1914 2537 de
1951 2467 2098 2537 vita
2123 2519 2146 2554 ,
2197 2463 2290 2537 de

162 2572 429 2667 patria,
458 2571 549 2645 de
570 2574 798 2646 salute
831 2576 1225 2650 communi.
1250 2579 1418 2649 Non
1439 2574 1773 2671 judicatis
1805 2578 1878 2647 in
1908 2566 2047 2648 hac
2080 2600 2292 2650 causa

160 2680 257 2753 de
290 2684 551 2759 exteris
585 2684 1039 2771 nationibus,
1092 2710 1244 2759 non
1284 2684 1376 2756 de
1427 2686 1638 2759 sociis
1699 2713 1715 2755 ε
1769 2684 1865 2757 de
1921 2684 2168 2775 vobis»,
2209 2712 2291 2757 ac

163 2806 401 2863 vestra
428 2792 803 2891 republica
837 2795 1195 2890 judicatis,

258 2909 403 2977 XL.
450 2907 668 2999 Quod
694 2910 754 2991 si
788 2910 1320 3007 provinciarum
1365 2934 1493 2981 vos
1531 2909 1718 2979 ratio
1754 2910 1980 3005 magis
2013 2922 2292 2995 movet,

165 3040 385 3113 quam
426 3032 660 3089 vestra
694 3072 717 3111 ,
778 3044 913 3117 ego
956 3045 1131 3093 vero
1186 3047 1334 3093 non
1373 3020 1594 3092 modo
1633 3044 1786 3090 non
1824 3043 2081 3091 recuso
2105 3072 2126 3106 ‚
2171 3016 2299 3091 sed
2371 3032 2376 3039 '

165 3128 379 3197 etiam
424 3129 721 3225 postulo
743 3184 763 3217 ,
806 3145 891 3201 ut
940 3133 1474 3229 provinciarum
1527 3128 1954 3201 auctoritate
2004 3152 2294 3199 movea-

166 3278 218 3325 in
232 3296 377 3328 enus·
392 3244 669 3344 peroranda
686 3282 901 3333 defendit
914 3284 1176 3343 Antonius,
1341 3291 1393 3339 4.
1417 3285 1606 3347 Quum,
1647 3280 1824 3329 bellum
1835 3279 1950 3345 jam
1969 3292 2168 3346 gerente
2195 3282 2295 3330 Ca·

164 3366 247 3415 ut,
266 3358 477 3407 thuein·
509 3361 697 3419 tunica,
724 3363 853 3410 nenio
877 3363 1181 3427 imperatoris
1270 3362 1438 3425 eilika,
1481 3376 1648 3409 omnes
1688 3376 1766 3408 me
1803 3372 2022 3410 auctore.
2057 3364 2296 3411 monente

166 3434 413 3485 cte-trice·
456 3438 687 3488 advetus
720 3440 971 3503 indicibus
1020 3454 1183 3493 onen-
1268 3453 1320 3491 et
1359 3442 1604 3491 hortante.

164 3514 305 3564 derit.
1345 3523 1392 3571 5.
1426 3520 1643 3571 Tabana.
1680 3520 1800 3567 Tre·
1837 3518 2027 3568 tabella
2049 3520 2302 3581 jndicibus

232 3610 283 3645 ².
308 3595 425 3645 cam
434 3596 675 3662 fiagitivh.
699 3600 790 3650 Μ’.
799 3599 1045 3665 Aquillius
1064 3616 1186 3650 oon·
1272 3599 1532 3659 dabantur,
1552 3598 1730 3663 quibus
1756 3608 1842 3647 ant
1867 3597 2192 3655 abflolverent,
2211 3612 2301 3648 aut

162 3672 239 3720 nul
264 3674 319 3721 in
352 3675 517 3725 siem·
554 3677 735 3727 benun
771 3681 945 3729 neuile
970 3681 1187 3730 concita·
1280 3680 1590 3739 damn-mut,
1629 3688 1715 3725 aut
1740 3693 1842 3725 rem
1869 3692 1972 3725 non
2009 3675 2196 3741 liquere
2219 3678 2305 3727 do-

166 3761 267 3799 tum
294 3754 523 3804 eonfedt.
1276 3760 1530 3813 chramni.

234 3832 285 3879 3.
302 3831 588 3883 Glarbss'mis
598 3834 743 3886 viris.
765 3839 932 3888 Servio
954 3839 1191 3907 Sulpicio,
1351 3839 1404 3891 6.
1421 3842 1608 3889 Vocem
1627 3838 1756 3887 hanc
1772 3837 1994 3887 Lmbin.
2011 3838 2302 3888 auctoritate

164 3924 353 3959 nuno
380 3912 765 3976 jurisconsulto,
802 3926 853 3965 et
877 3919 949 3967 M.
976 3920 1193 3987 Οιιοιιο,
1280 3919 1432 3969 codd.
1463 3918 1659 3978 omisit·
1697 3918 1843 3967 Beck.
1893 3916 2034 3966 uncis
2074 3916 2298 3981 inclusit,

168 3986 251 4049 qni
280 4001 448 4053 postes
477 3991 722 4041 Uticensi·
746 3994 853 4045 fnit.
1284 4009 1342 4047 ut
1361 3998 1809 4049 dubim.1.v.1..
