2594 4537
315 274 459 347 608
611 220 614 223 ¹
717 274 817 341 IN
862 272 1418 344 ORATIONEM
1469 274 2066 348 PLANCIANAM

388 396 562 455 Varia
600 394 962 453 cavillatione
1001 394 1326 453 Laterensis
1373 407 1712 454 exercuerat
1747 395 2122 474 asperitatem
2165 397 2466 457 stomachi

312 496 401 555 sui
426 495 487 552 in
510 498 591 552 M.
611 492 865 553 Tullium
882 534 901 560 ,
934 505 1000 549 ut
1024 492 1197 551 etiam
1220 512 1320 561 ea,
1337 491 1549 571 quibus
1569 493 1722 551 illius
1749 493 1940 551 oratio
1960 494 2212 553 maxime
2239 495 2466 565 floruit,

313 596 537 652 elevare
557 589 665 671 (1).
690 633 705 645 .
730 635 745 647 .
784 604 1199 668 perseveraret.
1229 594 1354 649 Nec
1380 590 1716 667 ignoramus
1743 604 1984 649 auctore
2007 591 2141 669 ipso
2174 592 2464 651 Cicerone

316 706 376 751 et
401 695 463 752 C.
491 688 750 749 Antonio
778 706 935 745 cons.
982 687 1166 766 legem
1197 688 1550 747 severiorem
1590 688 1663 745 de
1699 688 2002 767 puniendo
2043 687 2278 747 ambitu
2325 689 2466 747 scri-

315 804 509 868 ptam‚
534 784 698 863 cujus
720 784 982 843 meminit
1008 804 1119 863 pro
1154 790 1404 844 Murena
1421 785 1521 866 (a).
1547 788 1698 844 Nam
1723 783 2070 844 clementior
2093 785 2462 863 aliquatenus

312 884 623 945 videbatur
648 883 741 941 lex
769 882 945 941 fuisse
974 883 1306 962 Calpurnia.
1332 883 1444 942 Hic
1465 902 1607 962 ergo
1637 896 1933 943 mutuatus
1961 896 2052 942 est
2076 883 2464 943 occasiuncu-

314 986 427 1042 lam
456 979 764 1059 quamdam
788 980 1038 1039 amarius
1063 979 1410 1053 lacessendi,
1432 994 1498 1039 ut
1525 979 1819 1039 videretur
1847 980 2202 1039 atrociorem
2229 999 2459 1059 poenam

312 1086 624 1155 eapropter
650 1073 927 1134 adversus
954 1073 1236 1133 ambitum
1266 1072 1626 1141 decrevisse,
1655 1085 1723 1132 ut
1749 1094 1861 1153 pro
1889 1073 2006 1131 reis
2045 1074 2236 1133 multo
2273 1076 2462 1151 lacry-

312 1174 525 1232 mosius
552 1184 871 1252 peroraret.
898 1174 1033 1231 Non
1062 1170 1252 1229 minus
1282 1184 1470 1230 tamen
1499 1169 1724 1230 urbane
1750 1184 1810 1229 et
1827 1171 1952 1249 ipse
1979 1171 2337 1249 respondet,
2358 1171 2456 1229 de-

311 1285 520 1339 notans
544 1270 781 1329 nimiam
808 1268 1131 1328 Laterensis
1159 1281 1218 1327 et
1244 1268 1686 1328 immoderatam
1725 1268 2164 1328 contumeliosae
2203 1268 2456 1327 audaciae

310 1368 695 1429 insulsitatem
720 1364 967 1425 dicendo
993 1387 1008 1422 ε

409 1555 473 1599 2.
511 1525 653 1598 Sed
684 1524 838 1595 haec
872 1524 1117 1595 nescio
1150 1522 1524 1619 quomodo
1556 1520 1981 1620 frequenter
2015 1522 2096 1592 in
2132 1544 2254 1594 me
2287 1546 2452 1594 cou-

314 1639 630 1739 gessisti,
668 1658 987 1743 saneque
1026 1634 1101 1705 in
1140 1658 1231 1704 eo
1272 1632 1530 1705 creber
1563 1632 1782 1706 fuisti.

392 1818 475 1873 Ut
499 1811 623 1869 haec
666 1806 979 1867 immodica
1016 1806 1225 1867 creber
1262 1808 1459 1882 fuisti,
1485 1822 1548 1867 et
1585 1806 1660 1867 ab
1709 1806 2088 1887 impudentiae
2129 1807 2447 1867 temeritate

316 1908 609 1969 venientia
630 1906 739 1986 (3).
765 1948 779 1963 .
806 1948 823 1964 .
1659 1902 1671 1919 “

402 2060 468 2133 3.
524 2056 769 2133 Rhodi
823 2058 1061 2145 enim,
1109 2058 1394 2154 inquit,
1449 2078 1585 2153 ego
1621 2058 1699 2139 (4)
1748 2079 1900 2127 non
1952 2053 2081 2127 fui.
2129 2060 2252 2127 Me
2295 2054 2446 2127 vult

312 2173 555 2245 fuisse.

391 2349 465 2403 Et
498 2340 795 2402 verissime
829 2349 1057 2398 constat
1100 2338 1163 2395 in
1198 2338 1398 2422 prima
1421 2336 1808 2396 adolescentia
1839 2335 2117 2396 Rhodum
2157 2337 2443 2414 navigasse

313 2441 684 2509 M.Tullium‚
701 2451 767 2496 ut
780 2449 903 2496 arte
917 2437 1194 2506 oratoria,
1208 2436 1268 2494 in
1282 2456 1397 2513 qua
1407 2435 1490 2516 (5)
1507 2435 1803 2514 insigniter
1819 2435 2108 2513 praestitit,
2119 2434 2442 2492 erudiretur

310 2536 470 2615 apud
496 2528 857 2593 notissimum
878 2531 1117 2590 rhetora
1136 2543 1195 2590 et
1215 2532 1552 2611 magistrum
1575 2531 1730 2590 illius
1752 2530 1933 2590 aetatis
1946 2530 2332 2608 Apollonium
2347 2529 2437 2610 (6).

310 2637 424 2691 Hic
444 2644 532 2690 est
559 2629 661 2708 qui
688 2629 851 2688 Molo
873 2629 1314 2706 cognominatus
1340 2639 1450 2691 est.
1523 2663 1528 2674 ·

307 2937 374 2968 ex
395 2917 489 2967 iseo
513 2915 697 2965 ambitu
720 2914 947 2965 traxisse.
975 2911 1202 2964 Notetur
1227 2911 1390 2966 etiam
1410 2914 1655 2975 sanxisse,
1680 2929 1851 2984 quum
1877 2929 1980 2982 pro
2001 2909 2181 2974 Sulla,
2203 2909 2272 2978 V,
2292 2911 2343 2979 5,
2358 2930 2421 2966 ω

311 2998 413 3052 dex
438 2995 688 3050 habuerit
712 3008 989 3047 suaserunt.

379 3083 457 3152 (ι)
483 3079 721 3152 Spatium
755 3090 835 3131 est
864 3077 919 3130 in
954 3076 1140 3131 codice
1177 3079 1340 3132 unius
1368 3079 1638 3134 vocabuli.

380 3168 457 3233 (a)
490 3163 685 3217 Recole
710 3163 1053 3234 interpretem
1080 3161 1152 3216 ad
1174 3175 1310 3216 orat.
1333 3182 1434 3235 pro
1458 3163 1624 3231 Sulla,
1641 3164 1716 3228 V,
1751 3163 1782 3218 5
1798 3201 1815 3229 ,
1849 3181 2008 3235 supra
2035 3181 2096 3234 p.
2130 3164 2229 3233 73,
2265 3162 2430 3236 ibique

312 3261 515 3302 notam.

376 3332 456 3400 (3)
488 3331 664 3384 Locus
688 3329 937 3392 mutilus,
962 3341 1023 3382 ut
1046 3329 1282 3396 videtur,
1309 3330 1550 3403 quamvis
1567 3333 1716 3386 nullo
1739 3332 1926 3386 relicto
1951 3331 2140 3404 spatio.

374 3418 455 3486 (4)
484 3413 623 3466 Cum
642 3413 1000 3468 Ambrosiano
1022 3413 1181 3468 etiam
1199 3415 1489 3471 Bavaricus
1509 3415 1682 3470 codex
1695 3415 1844 3470 addit
1865 3434 2166 3488 pronomen
2193 3435 2283 3485 ego
2301 3413 2428 3488 apud

306 3496 675 3553 Garatonium.

378 3585 458 3654 (5)
490 3580 626 3636 Cod.
654 3584 707 3632 in
736 3601 902 3649 quam.

374 3671 453 3736 (6)
488 3669 623 3719 Rem
655 3677 837 3718 narrat
862 3665 978 3737 ipse
1001 3665 1211 3719 Tullius
1232 3667 1291 3718 in
1317 3667 1506 3736 Bruto,
1541 3685 1604 3736 91
1639 3687 1654 3719 ε
1687 3691 1710 3714 ι
1732 3665 1978 3718 Rhodum
2003 3664 2146 3729 veni,
2163 3683 2348 3737 meque
2365 3663 2424 3717 ad

305 3755 573 3819 eumdem,
600 3773 761 3826 quem
780 3757 956 3807 Roma
976 3754 1285 3810 audiveram
1300 3796 1316 3823 ,
1339 3757 1631 3823 Molonem,
1643 3754 1922 3828 applicavi,
1941 3773 2114 3827 quum
2134 3768 2356 3808 actorem
2372 3753 2420 3804 in

304 3840 443 3892 veris
468 3839 663 3902 causis,
680 3839 1098 3911 scriptoremque
1120 3852 1483 3912 prestantem,
1501 3852 1616 3893 tnm
1641 3840 1699 3893 in
1721 3838 2000 3905 notandis,
2027 3837 2422 3892 animadverten-

300 3922 488 3994 disque
514 3923 683 3987 vitiis‚
721 3935 775 3976 et
804 3921 1132 3976 instituendo
1155 3923 1504 3998 docendoque
1530 3922 2026 3997 prudentissimum.
2055 3924 2110 3976 Is
2137 3921 2284 3976 dedit
2315 3937 2418 3992 ope-

296 4023 411 4058 ram
449 4006 532 4074 (si
566 4004 727 4058 modo
758 4007 814 4059 id
840 4009 1095 4078 consequi
1116 4009 1289 4080 potuit
1309 4007 1348 4073 ),
1372 4023 1436 4064 ut
1463 4009 1618 4062 nimis
1639 4005 2000 4060 redundantes
2029 4025 2148 4070 nos,
2183 4019 2237 4060 et
2257 4023 2414 4078 snper-
