2594 4537
500 242 1243 341 ‘colvaNTARms
1290 272 1606 342 scnoL.
1657 274 2048 345 AMBRos.
2145 370 2154 377 ·
2200 275 2348 374 609

302 396 377 477 4.
430 398 521 465 In'
572 418 661 466 eo
712 418 829 465 me
850 394 1446 491 reprehendisti,
1487 393 1692 491 quod
1733 395 2038 467 nimium
2073 398 2344 471 multos

178 502 675 577 defenderem
705 508 831 590 (1):
876 504 1154 575 utinam
1210 517 1285 575 et
1340 518 1420 575 tu
1481 504 1615 602 qui
1667 518 1878 603 potes
1897 558 1917 595 ,
1961 518 2034 577 et
2077 510 2342 595 ceteri,

184 618 341 713 qui
381 612 767 711 defugiunt
786 668 806 703 ,
845 613 1113 686 vellent
1149 637 1267 686 me
1296 612 1548 685 labore
1580 612 1726 687 hoc
1759 611 2026 686 levare!

278 788 441 847 Mira
468 808 601 847 cum
626 786 977 847 verecundia
1003 801 1065 847 et
1096 786 1496 847 moderatione
1523 799 1586 845 et
1603 799 1931 847 ceterorum
1957 788 2188 868 ingenia
2227 790 2340 850 de-

186 884 445 965 pressit,
460 898 520 945 et
533 905 695 945 suam
712 885 775 943 in
793 884 1042 944 dicendo
1061 885 1453 964 praestantiam
1479 883 1752 944 omnibus
1769 887 2100 965 anteposuit
2113 930 2131 961 ,
2149 906 2341 966 quan-

188 983 281 1041 do
311 982 607 1067 graviores
658 1001 858 1042 causas
906 982 993 1042 illi
1022 981 1464 1055 declinaverint,
1497 1000 1620 1040 non
1660 982 2008 1043 sufficientes
2035 984 2342 1063 implendae

194 1078 559 1153 defensioni,
586 1078 711 1159 ipse
747 1100 890 1139 vero
931 1078 1414 1139 confidentissime
1455 1077 1805 1157 susceperit:
1826 1099 1946 1157 quo
1975 1095 2181 1161 agente
2209 1103 2344 1143 reus

194 1176 482 1235 innocens
507 1174 893 1235 indubitatam
914 1175 1030 1236 sibi
1057 1194 1222 1255 spem
1245 1174 1506 1233 victoriae
1531 1173 1926 1254 polliceretur.

308 1329 372 1403 5.
421 1332 985 1407 Admonefecisti
1022 1334 1268 1421 etiam,
1309 1330 1510 1430 quod
1545 1332 1622 1403 in
1659 1335 1874 1403 Creta
1903 1330 2195 1426 fuisseS‚
2237 1337 2342 1409 di-

200 1454 404 1513 ctum
438 1440 735 1543 aliquod
768 1448 845 1513 in
878 1444 1304 1543 petitionem
1337 1456 1541 1513 tuam
1572 1462 1655 1531 (ο)
1689 1440 1830 1513 dici
1861 1446 2203 1542 potuisse.

282 1624 385 1677 Ad
393 1620 767 1682 scolasticam
786 1620 1081 1680 levitatem
1102 1635 1161 1680 ct
1180 1623 1348 1700 quasi
1366 1622 1653 1681 mimicam
1672 1634 1893 1701 spectat
1902 1622 1984 1703 (3)
2012 1624 2348 1703 hujusmodi

202 1718 388 1775 locus.
403 1722 486 1776 M.
498 1716 753 1776 Tullium
772 1716 1083 1777 videbatur
1103 1717 1406 1777 denotasse
1439 1717 1796 1793 Laterensis,
1813 1719 1974 1797 quod
2003 1722 2186 1781 multa
2215 1744 2348 1803 quae

200 1813 444 1873 facetius
457 1814 574 1873 dici
599 1828 839 1893 possent
864 1835 999 1874 cum
1024 1815 1217 1893 aliqua
1244 1814 1531 1893 figurandi
1547 1816 1864 1875 subtilitate
1879 1816 1962 1897 (l.)
1980 1838 2100 1878 non
2115 1836 2349 1900 praeter-

198 1911 474 1969 mitteret.
503 1915 723 1989 Itaque,
751 1911 867 1970 boc
909 1932 1043 1969 eum
1080 1910 1240 1971 dicto
1269 1912 1717 1989 perstrinxerat,
1745 1912 2016 1973 hahuisse
2045 1919 2344 1977 materiam

200 2006 281 2065 de
306 2008 593 2067 vocabulo
620 2012 805 2067 Cretae
831 2010 1034 2070 insulae
1062 2008 1279 2086 aliquid
1309 2008 1371 2066 in
1398 2028 1460 2067 se
1482 2008 1825 2086 joculariter
1845 2010 2111 2085 dicendi,
2138 2034 2246 2073 nec
2271 2029 2347 2075 ta-

198 2124 338 2163 men
362 2104 427 2163 id
470 2107 839 2185 excogitasse.
888 2105 1208 2166 Constabat
1238 2105 1394 2163 enim
1445 2110 1814 2165 Laterensem
1852 2107 2026 2167 fuisse
2065 2110 2130 2167 in
2170 2115 2344 2171 Creta

197 2199 525 2280 provincia.
552 2207 627 2261 Et
658 2202 922 2261 solebant
947 2221 1148 2262 omnes
1193 2199 1485 2259 candidati
1512 2200 1645 2260 alba
1683 2214 1843 2260 creta
1873 2200 2110 2262 obliniri
2153 2208 2343 2267 cervi-

200 2319 331 2358 cem
351 2297 464 2378 (5),
494 2315 561 2359 ut
586 2303 809 2381 populo
840 2299 1216 2359 notabiliores
1247 2311 1459 2358 essent.
1499 2303 1657 2376 Ergo
1686 2298 1828 2358 dicit
1853 2319 1987 2359 eum
2011 2300 2198 2379 jocari
2225 2325 2340 2384 po-

198 2551 427 2604 flnentea
448 2549 670 2623 juvenili
704 2547 940 2623 quadam
974 2547 1189 2602 dicendi
1232 2547 1548 2620 impunitate
1585 2559 1638 2601 et
1669 2546 1880 2602 licentia
1915 2549 2251 2622 reprimeret,
2287 2566 2342 2608 et

199 2633 354 2708 qnasi
372 2645 515 2688 extra
532 2634 676 2707 ripas,
702 2633 1003 2688 diffluentes
1030 2642 1342 2686 coerceret·

273 2737 355 2806 (r)
385 2735 521 2788 Cum
539 2735 893 2788 Ambrosiano
909 2733 1110 2786 habent
1124 2735 1436 2800 dffendercm
1451 2697 1662 2786 codices
1678 2728 1789 2785 dno
1801 2730 1947 2804 apud
1957 2732 2337 2793 Garatoninm:

200 2831 257 2872 at
270 2817 527 2871 editiones
548 2819 861 2887 defenderim.

274 2903 349 2969 (a)
380 2898 565 2954 Edd.1
548 2904 599 2950 in
628 2903 866 2968 petitione
890 2914 993 2972 tua:
1020 2895 1203 2951 Codex
1217 2895 1598 2949 Ambrosianus
1613 2893 1906 2949 mendose'
1883 2917 1936 2948 m
1950 2901 2188 2966 petitione
2215 2916 2336 2958 tam.

200 2987 402 3038 Veram
419 2984 701 3038 lectionem
718 2982 929 3037 exhibet
952 2979 1095 3052 apud
1119 2978 1478 3033 Garatoninm
1497 2977 1776 3030 Bavaricua
1801 2980 1853 3028 in
1865 2980 2156 3046 petitionem
2180 2993 2334 3035 mam.

272 3073 351 3142 (3)
376 3071 557 3125 Codex
587 3073 853 3124 scolastica
878 3072 1073 3122 levitate
1096 3069 1243 3137 quasi
1267 3067 1452 3117 nimico
1488 3077 1753 3132 spectante.
1777 3062 1944 3117 Porro
1973 3063 2122 3137 quod
2148 3068 2338 3124 attinet

203 3155 277 3210 ad
294 3155 610 3210 vocabulum
631 3158 889 3206 scolastica
902 3193 919 3219 ,
933 3152 989 3207 id
1006 3153 1120 3206 sine
1138 3149 1498 3224 adspiratione
1513 3146 1788 3214 scribitur,
1806 3147 1919 3202 aive
1934 3147 2208 3216 mendose,
2225 3153 2340 3207 sive

204 3241 368 3295 etiam
395 3238 464 3293 de
486 3236 770 3292 industria.
793 3237 976 3291 Cicero
996 3234 1213 3309 quidem
1232 3233 1289 3286 in
1313 3231 1542 3286 Oratore
1557 3267 1574 3293 ,
1606 3231 1696 3294 48,
1721 3229 1828 3284 ait:
1863 3255 1890 3276 κ
1907 3230 2052 3296 Quin
2079 3251 2176 3304 ego
2201 3233 2336 3306 ipae,

201 3341 373 3396 quum
398 3321 587 3375 scirem
614 3321 687 3374 ita
710 3322 934 3393 majores
956 3321 1207 3393 loquutus
1224 3335 1356 3382 ease,
1378 3328 1436 3368 ut
1452 3331 1732 3387 nunquam,
1746 3313 1850 3367 nisi
1875 3311 1932 3366 in
1951 3315 2144 3378 vocali,
2162 3315 2340 3392 adspi-

199 3406 408 3460 ratione
433 3415 726 3466 nterentur,
758 3403 1017 3477 loquebar
1032 3403 1107 3456 sic
1120 3441 1135 3467 ,
1160 3412 1219 3454 ut
1233 3405 1451 3470 pulcros,
1470 3402 1674 3468 Cetego:
1687 3436 1703 3460 ‚
1728 3399 1959 3466 triumpos
1975 3435 1992 3463 ,
2011 3405 2336 3471 Kartaginem

202 3491 472 3545 dicerem:
505 3485 813 3561 aliquando,
849 3488 1011 3561 idque
1042 3503 1190 3552 aero,
1234 3481 1474 3538 convicio
1507 3481 1743 3547 aurium,
1762 3499 1932 3553 quum
1969 3495 2174 3536 extorta
2199 3487 2338 3540 mihi

92 3597 99 3602 ·
200 3575 397 3628 veritas
414 3584 569 3640 esset,
594 3590 753 3625 nsum
773 3571 1027 3645 loquendi
1058 3571 1261 3644 populo
1290 3566 1548 3634 concessi,
1567 3565 1838 3621 scientiam
1863 3565 1998 3618 mihi
2018 3569 2334 3625 reservavi„

198 3657 340 3711 Vide
367 3655 601 3721 Quintil.
629 3657 760 3710 Inat.
786 3657 850 3721 1,
878 3655 927 3709 5.

270 3743 349 3813 (4)
383 3740 516 3794 Cod.
542 3743 811 3810 suptiliaeaei.

276 3826 353 3895 (5)
384 3825 523 3878 Nota
541 3843 742 3878 morem
762 3793 1161 3880 candidatorum
1192 3779 1485 3875 obliniendi
1513 3817 1770 3873 cervicem
1794 3829 1970 3872 creta·
2009 3833 2134 3870 nam
2173 3819 2336 3891 pleri-

178 3929 307 3983 .que
326 3907 613 3980 antiquarii
648 3921 821 3982 togam
842 3909 1043 3984 ntique,
1060 3906 1167 3962 aed
1194 3925 1307 3961 non
1331 3908 1592 3960 cervicem
1615 3915 1775 3958 creta
1789 3901 2008 3956 oblitam
2041 3919 2076 3955 ι
2093 3902 2334 3975 petitori-

200 3995 303 4047 bus
329 4003 569 4046 narrant.

396 4085 520 4153 lV,
567 4099 656 4144 cie.
673 4113 789 4161 pm
806 4096 1020 4145 secunda.
1779 4026 1784 4036 Ι
2010 4072 2102 4170 39
