2594 4537
352 280 488 355 252
749 234 1395 353 MARKLANDI
1442 283 1573 352 ET
1622 248 2079 351 GESNERI

351 427 519 492 quos
539 452 558 486 ,
593 424 893 492 magnam
925 424 1058 467 suae
1089 402 1294 467 laudis
1322 403 1657 469 materiam
1674 449 1693 483 ,
1725 401 1967 491 pignus
2000 400 2184 465 velut
2214 401 2497 469 immor·

351 510 608 573 talitatis
627 557 648 591 ,
683 531 820 573 non
857 530 1010 573 suos
1042 508 1169 573 dici
1203 508 1396 592 velit,
1432 496 1549 573 sed
1578 506 2062 573 celebratissimi
2096 507 2401 571 hominis
2420 557 2439 589 ,
2464 531 2498 569 a

350 639 485 703 quo
515 614 784 679 homine
814 614 978 679 nihil
1006 616 1109 679 vel
1136 614 1299 679 boni
1326 616 1463 703 ipse
1492 630 1845 705 exspectet,
1879 612 1983 677 vel
2014 612 2168 677 mali
2200 611 2495 677 metuat?

347 720 611 802 Vereor,
647 742 730 784 ne
764 720 866 784 vel
894 721 1109 784 solum
1143 718 1307 784 illud
1336 720 1715 784 Cassianum
1742 742 1759 783 t
1795 718 1919 783 Cui
1952 718 2491 784 bono?securim

348 824 471 889 toti
499 825 591 889 illi
622 826 954 890 sententiae
977 824 1330 914 impingat,
1357 842 1531 891 certe
1556 826 1807 915 plagam
1834 823 2165 912 imponat,
2194 846 2343 889 non
2373 824 2487 887 nisi

348 931 599 1020 magnis
631 930 816 995 valde
853 947 918 995 et
948 931 1325 1020 potentibus
1360 930 1663 996 remediis
1695 930 2064 995 sanabilem.

434 1036 735 1125 Denique
765 1037 1019 1126 egregie
1059 1038 1357 1126 oportuit
1390 1059 1529 1101 esse
1564 1036 2047 1125 impudentem,
2080 1036 2135 1100 si
2170 1036 2325 1124 quis
2363 1050 2483 1098 tam

349 1142 718 1232 propinqua
746 1128 1046 1207 Tulliano
1077 1142 1313 1208 saeculo
1348 1160 1533 1207 oetate
1558 1141 1799 1207 audere
1824 1140 2019 1206 talem
2048 1139 2351 1205 fraudem
2379 1163 2484 1229 po-

345 1248 508 1330 tuit,
555 1271 684 1337 qua
729 1250 910 1313 fuere
946 1272 1142 1337 quam
1173 1249 1477 1339 plurimi,
1512 1248 1628 1338 qui
1657 1248 1803 1311 vitae
1834 1265 1900 1312 et
1934 1270 2155 1312 rerum
2189 1263 2257 1312 et
2286 1246 2479 1311 libro-

343 1374 494 1417 rum
540 1369 606 1418 et
649 1356 796 1443 styli
839 1355 1196 1444 praesertim
1245 1354 1791 1422 accuratissimam
1822 1352 2114 1418 habuere
2142 1352 2475 1431 notitiam,

348 1460 588 1547 quibus
621 1462 817 1527 verba
853 1462 1006 1526 dare
1043 1459 1305 1526 difficile
1340 1462 1483 1526 fuit.

436 1568 518 1631 ΙΙ.
565 1567 900 1654 objicitur,
919 1570 1204 1656 potuzkse
1235 1583 1453 1632 tamen
1495 1566 1707 1655 decipi
1742 1572 1949 1655 ipsum
1986 1564 2469 1653 Quintilium,

345 1683 411 1733 et
451 1671 876 1759 respondetur.
925 1671 1134 1736 Video
1155 1720 1173 1753 ,
1225 1671 1387 1759 quid
1435 1669 1562 1735 dici
1606 1670 1812 1759 possit
1829 1718 1848 1751 ,
1904 1669 2067 1757 quid
2114 1669 2289 1735 dicat
2324 1668 2473 1733 adeo

347 1774 790 1841 MarklanduS.
838 1776 1051 1841 Verba
1095 1777 1420 1842 *nimirum
1462 1775 1607 1841 data
1638 1777 1761 1865 ipsi
1797 1775 2206 1858 Quintiliano
2239 1774 2389 1861 (lv,
2424 1798 2471 1853 1,

349 1881 472 1965 68;
510 1883 644 1964 IX,
677 1881 716 1947 3
741 1932 760 1965 ,
794 1883 958 1972 89),
1004 1884 1070 1948 in
1105 1883 1605 1964 declamatione,
1654 1905 1799 1971 quae
1842 1898 2050 1948 exstat
2092 1882 2373 1947 Sallustii
2408 1881 2471 1943 in

348 1988 732 2053 Ciceronem
754 2038 773 2073 ,
824 2013 1021 2078 quam
1073 2013 1198 2080 pro
1247 1991 1582 2078 supposita
1629 1989 1913 2053 habeant
1936 2070 1942 2077 ἱ
1963 1986 2162 2051 hodie
2218 2010 2468 2065 omnes,

348 2117 544 2183 quam
573 2095 788 2161 Tullio
815 2098 1060 2162 tribuat
1091 2112 1312 2185 aperte
1342 2094 1603 2160 Fabius.
1628 2093 1756 2159 Sed
1780 2117 1917 2158 non
1941 2092 2211 2183 poenitet
2233 2115 2469 2173 eorum,

344 2223 488 2290 quae
516 2201 598 2267 ad
621 2202 898 2267 Fabium
928 2218 1080 2267 ante
1101 2203 1224 2267 hos
1248 2202 1373 2265 XV
1394 2223 1603 2265 annos
1635 2199 1959 2290 disputavi
1980 2246 2000 2282 ,
2026 2199 2228 2263 fuisse
2250 2221 2468 2288 nempe

346 2307 504 2372 olim
538 2308 819 2396 aliquam
850 2307 1132 2372 Sallustii
1161 2307 1525 2371 orationem
1550 2307 1617 2370 in
1653 2305 2033 2370 Ciceronem
2051 2353 2069 2386 ,
2102 2327 2248 2393 quae
2277 2327 2465 2393 quum

343 2410 707 2494 interisset,
755 2434 834 2476 ex
867 2409 1038 2476 illius
1082 2410 1258 2500 apud
1303 2410 1581 2476 Fabium
1614 2410 1993 2500 fragmentis
2025 2425 2245 2474 natam
2278 2409 2466 2474 decla·

350 2518 585 2582 matori
617 2515 957 2584 exercendi
989 2518 1238 2608 ingenii
1270 2518 1698 2583 occasionem.
1740 2519 2092 2582 Versamur
2122 2533 2337 2582 autem
2368 2517 2463 2580 hic

235 2713 240 2717 υ
350 2622 418 2684 in
467 2622 614 2686 loco
659 2624 1062 2712 aliquantum
1097 2623 1373 2690 lubrico.
1411 2624 1723 2690 Laudavit
1754 2625 1991 2688 Fabius
2032 2622 2164 2710 (X,
2206 2647 2233 2687 1
2256 2671 2275 2706 ,
2312 2622 2385 2688 23
2406 2623 2460 2709 ),

355 2727 550 2792 etiam
603 2730 966 2794 orationem
1008 2728 1089 2794 de
1127 2731 1386 2795 Domo:
1436 2728 1720 2794 laudavit
1754 2728 1876 2817 (V,
1916 2751 1988 2793 11
2010 2777 2029 2811 ,
2066 2727 2195 2816 42)
2242 2728 2460 2793 librum

351 2830 434 2897 de
481 2833 916 2923 Haruspicum
965 2837 1311 2925 responsis.
1363 2834 1541 2918 Quid
1563 2882 1583 2917 ,
1618 2835 1672 2898 si
1707 2833 1940 2898 dixerit
1974 2834 2204 2922 aliquis
2238 2833 2316 2899 ad
2348 2834 2459 2897 hoc

354 2940 727 3028 exemplum
758 2964 775 3005 :
810 2941 964 3005 Fuit
997 2941 1152 3006 olim
1185 2940 1325 3006 talis
1357 2940 1558 3023 liber3
1596 2963 1727 3004 non
1752 2939 1893 3022 hic,
1935 2961 2133 3028 quem
2167 2939 2457 3004 habemus

349 3046 598 3138 hodie?
642 3049 924 3114 Protulit
957 3050 1248 3114 Valerius
1279 3049 1603 3116 Maximus
1638 3049 1707 3112 in
1752 3049 1897 3137 ipso
1930 3038 2143 3137 operis
2173 3049 2272 3113 sui
2298 3049 2457 3137 prin-

349 3153 558 3243 cipio,
591 3154 646 3218 si
691 3177 826 3219 non
863 3155 1114 3245 singula
1149 3155 1346 3220 verba
1366 3202 1385 3237 ,
1423 3170 1598 3219 certe
1629 3154 2015 3218 sententiam
2033 3201 2051 3234 ,
2082 3153 2290 3218 verbis
2317 3154 2457 3218 levi·

347 3276 448 3324 ter
477 3261 834 3326 immutatis
863 3261 943 3326 de
973 3261 1269 3328 oratione
1293 3283 1417 3350 pro
1441 3259 1713 3348 Domo'(
1730 3284 1787 3325 c.
1814 3258 1921 3347 9).
1951 3258 2158 3342 Quid,
2184 3258 2268 3340 si,
2294 3257 2455 3348 quod

345 3366 729 3456 suspicatur,
783 3369 942 3455 quin
997 3390 1181 3457 paene
1235 3381 1553 3432 asseverat
1598 3365 2019 3431 Marklandus
2038 3413 2055 3446 ,
2102 3364 2239 3430 haec
2280 3365 2451 3430 verba

345 3470 584 3537 Valerii
627 3471 732 3535 vix
771 3471 1030 3562 vulgata
1064 3471 1340 3561 arripuit
1373 3468 1796 3554 declamator,
1844 3486 1911 3536 et
1944 3467 2321 3558 persuadere
2348 3494 2450 3560 po·

353 3579 481 3643 tuit
507 3577 829 3659 Asconi0‚
866 3601 1007 3643 eam
1053 3601 1089 3643 a
1129 3576 1347 3642 Tullio
1390 3576 1750 3641 orationem
1815 3575 1997 3641 esse?
2032 3575 2451 3640 verumenim-

353 3705 508 3748 vero
543 3707 754 3772 quum
790 3683 1122 3749 Ciceronis
1150 3705 1391 3748 nomen
1428 3705 1565 3746 non
1600 3698 1803 3772 ponat
1834 3681 2129 3774 Valerius
2158 3703 2173 3744 :
2208 3681 2369 3746 unde
2392 3681 2449 3744 in

354 3804 643 3874 mentem
675 3789 855 3854 venit
887 3787 1335 3871 declamatori,
1366 3788 1490 3852 hac
1524 3811 1813 3877 purpura
1834 3811 1903 3852 se
1924 3808 2115 3876 posse
2140 3783 2447 3853 centonem

352 3917 547 3958 suum
574 3895 935 3960 exornare?
966 3896 1170 3960 Porro
1200 3893 1447 3958 diversa
1475 3892 1829 3960 admodum
1858 3894 2021 3958 ratio
2049 3907 2146 3955 est
2168 3889 2447 3957 declama·

354 3999 656 4071 tiunculae
679 4001 848 4066 illius
865 4049 884 4082 ,
908 4018 1252 4090 antequam
1285 3997 1407 4066 iret
1434 4001 1498 4065 in
1526 4000 1819 4066 exsilium
1838 4051 1855 4085 ,
1880 4017 1945 4066 et
1969 3998 2355 4083 orationum,
2380 4001 2447 4066 de
