2594 4537
670 303 1054 374 ORATIO
1101 304 1309 373 PRO
1356 302 1673 371 DOMO
1720 302 1939 374 sUA.
2220 245 2360 397 437

225 423 657 524 respondit,
717 424 918 522 quod
968 427 1045 496 in
1081 425 1244 497 loco
1293 422 1592 523 publico
1640 424 1909 494 Licinia
1930 477 1947 508 ,
1990 423 2138 493 Caii
2172 421 2315 494 filia
2345 479 2363 512 ‚

224 537 520 631 injussu
550 535 808 634 populi
825 534 1224 607 dedicasset
1243 587 1262 623 ,
1291 557 1574 606 sacrum
1598 557 1753 604 non
1780 532 2009 605 videri
2033 535 2084 603 4.
2126 537 2363 626 Quam

223 645 540 744 quidem
579 669 732 724 rem
776 659 1048 743 quanta
1086 645 1497 732 severitate,
1542 658 1963 740 quantaque
2001 643 2367 742 diligentia

224 769 526 826 senatus
591 751 1012 828 sustulerit⁵
1032 809 1053 842 ‚
1113 779 1202 826 ex
1269 755 1429 852 ipso
1490 753 2113 826 senatusconsulto
2162 753 2368 827 facile

105 934 116 942 .
225 867 701 962 cognoscetis.
751 866 998 938 Recita
1053 861 1761 936 senatusconsultum
1814 893 1830 935 :
1876 869 2367 939 Snuxrnscou·

221 997 536 1054 sus-run.
583 974 957 1046 Videtisne
973 1029 992 1060 ,
1038 975 1333 1073 praetori
1364 972 1643 1060 urbano
1670 976 2045 1071 negotium
2082 975 2368 1062 datum,

223 1098 318 1154 ut
347 1097 632 1156 curaret
652 1138 673 1172 ,
708 1109 804 1156 ne
843 1083 920 1155 id
962 1108 1242 1156 sacrum
1293 1084 1535 1156 esset?
1580 1098 1655 1154 et
1688 1097 1807 1173 ut,
1841 1087 1901 1155 si
1936 1109 2098 1182 quae
2129 1101 2369 1158 essent

223 1195 468 1266 incisae
509 1208 636 1266 aut
681 1195 1046 1292 inscriptae
1081 1195 1341 1282 literae,
1376 1193 1849 1266 tollerentur?
1900 1197 1965 1265 O
2006 1193 2365 1294 tempora!

221 1329 274 1374 o
317 1301 599 1376 mores!
648 1309 832 1376 Tum
893 1328 1313 1391 censorem,
1369 1302 1747 1376 hominem
1806 1307 2371 1394 sanctissimum,

217 1413 692 1485 simulacrum
727 1412 1148 1486 Concordiae
1189 1411 1523 1508 dedicare
1557 1412 1992 1532 pontifices
1973 1439 2079 1484 ιιι
2089 1416 2367 1515 templo

219 1521 710 1622 inauguratofi
734 1501 1313 1621 prohibuerunt3
1340 1537 1506 1622 post
1522 1523 1763 1594 autem
1792 1537 2079 1594 senatus
2106 1525 2180 1595 in
2204 1524 2370 1596 loco

221 1648 534 1730 augusto
562 1648 1054 1706 consecratam
1089 1659 1248 1706 eam
1280 1657 1516 1722 aram,
1566 1631 1977 1722 tollendam
2000 1659 2089 1705 ex
2122 1650 2371 1706 aucto-

223 1746 436 1818 ritate
469 1743 902 1842 pontificum
947 1748 1262 1832 censuit,
1304 1768 1549 1842 neque
1590 1742 1823 1814 ullum
1858 1759 1969 1814 est
1993 1769 2245 1842 passus
2282 1771 2371 1832 εις

221 1877 311 1925 ea
349 1853 802 1926 dedicatione
849 1855 1220 1926 literarum
1259 1869 1541 1926 exstare
1584 1869 2201 1946 monumentum:
2245 1871 2328 1927 tu
2348 1912 2365 1944 ‚

223 1961 542 2064 procella
570 1966 856 2064 patriae,
885 1964 1106 2038 turbo
1143 1989 1226 2036 ac
1273 1977 1661 2061 tempestas
1707 1964 1899 2061 pacis
1946 1979 2169 2062 atque
2200 1965 2368 2055 otii,

221 2071 430 2170 quod
461 2076 540 2144 in
573 2071 952 2172 naufragio
1003 2071 1460 2172 reipublicae‚
1520 2070 1840 2144 tenebris
1908 2071 2202 2162 offusis,
2238 2073 2367 2146 de-

217 2207 462 2256 merso
506 2183 782 2284 populo
831 2209 1172 2268 romano,
1227 2207 1485 2268 everso
1529 2197 1750 2280 atque
1800 2184 2035 2279 ejecto
2072 2199 2325 2266 senatu
2347 2240 2366 2273 ‚

217 2292 532 2365 dis-ueris
553 2349 572 2383 ‚
635 2292 1002 2367 aedificaris
1034 2350 1054 2383 ,
1114 2294 1467 2393 neligioue
1510 2295 1719 2365 omni
1768 2294 2062 2393 violata,
2119 2297 2364 2393 reipu-

219 2402 426 2475 blicae
499 2418 782 2477 tantum
849 2406 1148 2477 nomine
1217 2404 1767 2491 contaminari53
1833 2408 1909 2473 in
1985 2404 2159 2475 civis
2235 2405 2367 2478 hu-

213 2515 466 2609 jusce⁷
507 2514 825 2602 aedibus,
889 2530 964 2585 et
1019 2519 1095 2585 in
1137 2512 1359 2601 urbe,
1400 2538 1619 2611 quam
1674 2515 1821 2584 suis
1860 2511 2232 2584 laboribus
2280 2539 2364 2585 ac

219 2623 561 2721 periculis
600 2618 1170 2711 conservassetss,
1213 2636 1773 2695 monumentum
1820 2622 2071 2694 deletae
2118 2626 2359 2723 reipu-

217 2730 428 2804 blicae
462 2732 866 2827 collocaris»,
891 2730 984 2807 ad
1015 2734 1347 2830 equitum
1385 2747 1635 2808 notam
1656 2742 1722 2822 9,
1750 2730 1841 2805 ad
1869 2731 2195 2805 dolorem
2233 2732 2362 2807 bo-

1400 2895 1449 2941 9.
1485 2876 1567 2924 Ad
1592 2874 2017 2941 equitum-nocam.
2042 2878 2353 2941 Quamquam

1328 2954 1505 3004 etenim
1524 2957 1711 3019 equites
1722 2956 1909 3003 romani
1922 2953 2211 3003 Ciceronem
2228 2972 2349 3006 con-

1327 3033 1479 3082 sulem
1516 3032 1748 3099 praesidIo
1774 3033 1984 3082 texerint
2003 3068 2021 3095 ,
2056 3050 2265 3099 eumque
2302 3038 2356 3085 in

292 2884 346 2932 4.
373 2876 456 2925 Al.
483 2892 584 2923 non
605 2876 713 2925 vid.
735 2892 850 2925 esse.

293 2956 343 3004 5.
358 2954 626 3004 Sassula-it.
641 2958 769 3005 Rem
787 2956 930 3003 ἱιιειιι
958 2972 1152 3004 omnem
1175 2955 1237 3003 ab

215 3034 400 3084 Licinia
438 3036 626 3099 virgine
660 3046 816 3085 actam
832 3071 848 3094 ,
885 3035 948 3082 ad
982 3046 1200 3083 senatum
1226 3071 1239 3094 ,

215 3125 268 3163 et
311 3112 582 3179 pontifices·
616 3130 645 3162 a
687 3114 966 3179 magistratu
1015 3113 1210 3163 relatam
1223 3149 1239 3173 ‚

216 3203 414 3249 senatus
457 3192 524 3239 ita
559 3191 757 3241 sustulit
772 3226 793 3253 ,ι
821 3202 880 3240 ut
918 3190 1114 3248 nullum.
1134 3192 1238 3252 ejus

215 3258 476 3335 maginni
513 3282 702 3331 mure
734 3272 964 3321 voluerit.
1009 3268 1239 3321 Similiter

213 3352 270 3403 in
296 3350 436 3409 Vett-
459 3352 533 3419 ΙΙ,
577 3347 680 3413 57:
719 3366 908 3414 «quum
933 3366 1020 3413 ea,
1042 3366 1151 3413 quae
1186 3350 1238 3396 in

213 3430 501 3494 magistratu
522 3428 726 3493 gessisti,
747 3428 942 3477 sustulit
960 3451 1005 3477 ι.

285 3510 340 3557 ὃ.
376 3510 436 3555 In
464 3510 641 3573 templo
685 3508 1004 3573 inaugurato.
1047 3507 1234 3555 Notum

193 3576 289 3645 :est
307 3598 528 3636 senatum
563 3588 657 3636 nisi
694 3587 1086 3653 injnategumto
1125 3587 1237 3634 Ioco

207 3666 384 3717 haberi
399 3668 472 3715 fas
491 3682 595 3716 non
617 3667 782 3717 fuisse.

287 3762 337 3807 7.
383 3745 609 3811 Hujmce.
656 3746 719 3795 Se
751 3745 910 3811 ipsum
935 3747 1032 3795 hoc
1071 3744 1236 3793 dicens

207 3824 478 3874 indicabat.
901 3888 906 3893 ἱ

287 3904 336 3953 8.
378 3894 727 3967 conservasset.
777 3910 968 3954 Frustra
1015 3902 1236 3951 Graevius

206 4002 273 4033 ex
312 3983 565 4031 nonnullis
593 3984 850 4045 codicibus
891 3994 1232 4038 comem-asset,

205 4062 350 4129 quod
375 4061 602 4111 subtilius
631 4074 720 4112 cst.

1327 3112 1649 3179 opprimenda
1676 3112 2013 3173 coniuratione
2040 3113 2349 3173 ,vehementer

1327 3192 1631 3255 adjuverint,
1658 3203 1714 3239 ut
1739 3202 1912 3255 notum
1935 3201 2037 3247 est,
2061 3208 2118 3241 ac
2144 3195 2355 3259 proinde

1326 3286 1421 3337 pro
1440 3274 1579 3321 Sext.
1604 3285 1689 3342 ις,
1707 3266 1987 3319 ex'Gabinii
2006 3274 2245 3322 concione
2262 3274 2353 3322 ista

1329 3352 1599 3399 referantur
1622 3366 1636 3399 τ
1684 3372 1709 3393 α
1734 3349 1925 3414 equites
1969 3366 2089 3399 vero
2126 3368 2355 3401 romanos

1329 3429 1529 3479 daturos
1568 3430 1699 3479 illius
1731 3428 1828 3477 diei
1864 3445 2033 3495 poenas
2054 3465 2069 3489 ,
2109 3448 2213 3495 quo
2232 3466 2248 3491 ,
2278 3448 2356 3479 me

1329 3508 1549 3567 consule,
1579 3523 1688 3557 cum
1716 3507 1892 3573 gladiis
1919 3509 1970 3557 in
1998 3509 2130 3557 clivo
2154 3510 2357 3575 Capito-

1326 3587 1431 3635 lino
1452 3588 1653 3637 fuissent
1668 3608 1689 3629 ι
1709 3603 1722 3636 :
1744 3603 1895 3651 quum
1919 3588 2149 3635 nimirum
2168 3588 2353 3655 perditi

1325 3666 1565 3728 homines,
1592 3677 1641 3714 et
1657 3666 2021 3726 conjuratorum
2042 3666 2161 3717 novi
2182 3666 2348 3724 duces,

1327 3744 1531 3795 Clodius
1570 3755 1618 3793 et
1657 3743 1923 3803 Gabinius,
1960 3745 2065 3804 ejus
2109 3745 2354 3809 criminis,

1327 3826 1464 3885 cujus
1487 3824 1581 3887 ipsi
1608 3840 1719 3871 vere
1742 3824 1958 3871 accusari
1983 3834 2234 3893 poterant,
2261 3824 2353 3887 de-

1325 3904 1541 3953 fensores
1594 3904 1715 3967 reip.
1769 3901 2104 3971 insimularent.
2128 3918 2141 3951 ε
2185 3920 2355 3967 quam·

1325 4000 1469 4047 quam
1488 4000 1633 4049 poena
1653 3982 1981 4031 conservatori
1993 3984 2352 4049 patriaeinflicta

1326 4062 1455 4111 istud
1484 4065 1701 4128 equitum
1724 4079 2035 4125 romanorum
2062 4064 2245 4117 factum
2266 4079 2349 4115 ne-
