2594 4537
288 270 429 367 598
688 272 789 342 IN
836 273 1380 345 ORATIONEM
1429 274 2030 345 PLANGIANAM

360 398 433 453 Et
460 394 715 453 oratorie
758 404 945 456 totum
989 394 1103 453 hoc
1136 394 1416 473 explicat,
1459 394 1800 455 invidiosius
1829 396 1996 473 quasi
2022 393 2100 453 de
2129 396 2324 456 nimia
2365 401 2430 457 li-

279 490 505 549 bertate
537 495 643 551 Cn.
671 491 887 549 Plancii
912 491 1158 549 senioris
1184 492 1468 569 quosdam
1495 492 1658 570 loqui
1675 535 1692 563 ‚
1725 512 1901 570 quam
1924 493 2138 553 veritas
2171 496 2308 572 ipsa
2331 517 2430 574 pa-

275 589 457 646 tiatur
492 610 509 645 z
546 588 621 647 ad
662 587 823 667 quod
872 586 1255 648 obtinendum
1303 604 1508 649 contra
1542 590 2000 649 insimulationes
2046 591 2422 650 inimicorum

274 684 566 745 subnectit
592 683 919 762 exemplum
949 687 1154 745 Cicero
1190 687 1318 765 ipse
1339 685 1418 745 de
1443 706 1536 757 se,
1569 706 1742 764 quem
1769 706 1887 744 non
1907 687 2252 765 ignoramus
2275 690 2424 746 mul-

275 796 401 841 tum
446 782 665 841 facetiis
710 794 769 839 et
814 781 1229 842 urbanioribus
1272 783 1444 841 dictis
1490 783 1796 842 indulsisse
1827 781 1944 864 (1),
1969 783 2030 843 id
2077 786 2248 863 quod
2284 787 2422 845 locis

275 878 543 956 pluribus
564 880 623 936 in
647 879 907 939 verrinis
935 880 1297 939 orationibus
1322 882 1622 959 potuimus
1650 901 1960 959 agnoscere
1983 882 2085 961 (a).
2122 882 2256 941 noc
2285 904 2420 960 ergo

271 978 352 1033 ait
378 997 391 1030 ε
419 975 695 1053 quoniam
716 977 875 1034 soleo
902 976 1166 1054 quaedam
1191 998 1310 1035 non
1337 978 1564 1057 ingrata
1587 978 1898 1037 festivitate
1925 978 2250 1036 secundum
2277 980 2418 1037 sales

269 1071 613 1130 urbanitatis
651 1072 875 1147 dicere,
904 1074 1123 1132 idcirco
1144 1074 1409 1154 plerique
1439 1074 1774 1152 hujusmodi
1797 1094 1966 1133 omne
1991 1074 2154 1152 quod
2181 1076 2418 1145 dicitur,

272 1168 496 1229 etiamsi
510 1169 587 1227 ab
606 1171 721 1229 alio
745 1171 967 1230 dictum
993 1172 1095 1243 sit,
1117 1172 1176 1229 in
1196 1192 1288 1231 me
1321 1173 1644 1231 conferunt.
1671 1177 1864 1246 Quare
1892 1172 2040 1231 nihil
2061 1173 2286 1231 mirum
2305 1186 2416 1243 est,

268 1267 319 1325 si
341 1267 607 1345 quaedam
636 1269 782 1327 falso
806 1270 979 1327 etiam
1006 1268 1079 1327 de
1104 1268 1324 1329 Plancii
1349 1268 1618 1329 libertate
1633 1270 1944 1348 jactentur.

316 1493 327 1503 .
372 1436 437 1509 5.
478 1442 660 1511 Nam
697 1439 901 1538 quod
938 1442 1217 1538 primus
1254 1442 1458 1513 scivit
1489 1452 1572 1525 (3)
1612 1426 1852 1537 legem
1883 1440 1973 1511 de
2010 1440 2420 1540 publicanis

52 1618 65 1625 -
172 1614 187 1627 .
268 1564 427 1621 tum
465 1575 696 1647 quum
735 1552 844 1621 vir
884 1551 1371 1649 amplissimus
1407 1551 1667 1625 consul
1701 1551 1806 1622 illi
1843 1549 2082 1621 ordini
2122 1576 2264 1649 per
2299 1578 2418 1651 po-

266 1660 524 1757 pulum
556 1658 791 1748 dedit,
818 1660 1019 1757 quod
1046 1686 1174 1758 per
1204 1678 1532 1734 senatum
1553 1718 1573 1751 ,
1601 1665 1658 1733 si
1688 1662 2043 1751 licuisset,
2079 1660 2411 1733 dedisset.

362 1828 567 1885 Paullo
602 1846 781 1906 supra
808 1825 1086 1905 loquutus
1107 1846 1234 1887 sum
1268 1827 1420 1885 nihil
1445 1826 1700 1885 obtineri
1721 1826 1979 1906 potuisse
2001 1846 2112 1905 per
2139 1831 2204 1886 C.
2231 1831 2414 1887 Caesa-

270 1944 419 1995 rem,
443 1943 628 2002 quum
647 1922 972 2003 publicanis
1001 1920 1158 2004 apud
1181 1937 1445 1983 senatum
1470 1924 1954 2002 patrocinaretur,
1977 1924 2414 1983 contradicente

269 2021 490 2079 scilicet
520 2024 602 2079 M.
624 2024 860 2080 Catone.
888 2024 1106 2079 Verum
1130 2035 1332 2101 postea
1355 2020 1556 2086 consul
1583 2020 1737 2079 idem
1768 2024 1830 2080 C.
1859 2025 2051 2080 Caesar
2073 2021 2266 2099 legem
2289 2022 2413 2079 tulit

272 2119 347 2177 ad
376 2117 825 2198 publicanorum
858 2117 1163 2177 commoda
1191 2119 1582 2196 pertinentem
1607 2116 1690 2197 (l.)
1734 2118 1830 2176 cui
1867 2116 2064 2175 favore
2093 2119 2412 2197 promptis-

267 2215 414 2274 simo
433 2214 519 2296 (5)
555 2220 659 2276 Cu.
680 2215 899 2274 Plancii
926 2228 1094 2295 pater
1124 2216 1247 2274 sine
1278 2214 1461 2275 dubio
1490 2214 1744 2290 adstitit,
1777 2216 2052 2294 quoniam
2081 2236 2176 2274 res
2209 2216 2414 2275 utilita-

268 2313 341 2372 tis
358 2333 491 2399 ‘suae
513 2312 809 2392 agebatur.
837 2319 965 2372 Hoc
988 2310 1130 2392 erg'o
1155 2312 1444 2392 quidquid
1475 2325 1624 2372 esset
1652 2312 2130 2392 reprehensionis
2158 2333 2412 2372 remove-

271 2423 366 2472 tur
389 2410 449 2470 in
471 2412 663 2489 ipsum
690 2415 979 2470 Canai-em
1012 2411 1152 2489 legis
1186 2423 1486 2470 auctorem
1513 2431 1703 2488 nuper
1723 2411 1853 2470 latae
1871 2409 1972 2488 (6).

366 2557 520 2624 XV.
568 2555 717 2624 Nec
770 2555 964 2624 enim
1022 2551 1427 2656 quidquam
1470 2553 1666 2626 aliud
1713 2554 1792 2624 in
1846 2553 1984 2625 hac
2033 2553 2194 2652 lege
2218 2611 2240 2639 ,
2286 2554 2412 2624 nisi

270 2659 587 2734 edititios
622 2661 904 2757 judices
944 2678 1300 2762 sequutus
1335 2687 1432 2736 es.

348 2823 443 2884 Ad
470 2844 539 2888 ca
570 2845 700 2904 quae
732 2838 870 2888 sunt
908 2827 1235 2898 necessaria
1278 2826 1564 2886 conclusis
1610 2825 1908 2906 prioribus
1937 2828 2178 2900 transit,
2211 2841 2274 2885 ct
2301 2847 2412 2906 po-

341 3095 417 3166 (1)
454 3091 593 3149 Cod.
619 3096 889 3156 induxisse.

340 3181 417 3248 (π)
451 3177 683 3232 Videtur
720 3177 811 3231 hic
850 3175 1088 3232 indicare
1126 3178 1385 3248 interpres
1426 3196 1482 3230 se
1519 3189 1936 3230 commentatum
1977 3195 2197 3250 quoque
2222 3197 2335 3231 esse
2361 3179 2412 3230 in

266 3259 536 3316 verrinas.
560 3263 726 3322 Porro
744 3273 945 3316 exstant
960 3259 1180 3315 Asconii
1203 3261 1568 3314 commentarii
1595 3259 1654 3314 in
1677 3259 1794 3314 illas
1813 3261 2116 3315 orationes:
2155 3261 2306 3334 quod
2333 3281 2414 3313 ro-

267 3347 419 3398 borat
440 3345 774 3416 opinionem,
799 3363 945 3406 nunc
969 3363 1296 3418 anonymum
1321 3357 1595 3402 auctorem
1622 3363 1735 3398 esse
1761 3344 2067 3399 Ascanium.

338 3429 417 3500 (3)
452 3426 637 3482 Codex
670 3431 803 3482 scivi.

338 3516 419 3583 (4)
454 3511 747 3566 Confirmat
770 3511 1059 3566 Suetonius
1094 3511 1151 3564 in
1190 3511 1417 3580 Caesare,
1451 3531 1541 3574 πο,
1585 3511 1680 3564 ubi
1714 3509 1783 3565 de
1806 3511 2010 3564 Caesare
2053 3509 2275 3564 consule
2299 3510 2410 3581 pri-

266 3615 413 3650 mum
440 3596 517 3651 ait
544 3613 559 3648 :
595 3621 620 3641 ιι
637 3595 957 3649 Publicanos
994 3595 1363 3649 remissionem
1401 3607 1638 3666 petentes
1653 3633 1670 3658 ,
1718 3596 1876 3648 tertia
1913 3592 2222 3646 mercedum
2264 3605 2411 3663 parte

266 3681 521 3744 relevavit
546 3700 562 3736 ε
590 3699 655 3734 ac
680 3699 752 3733 ne
776 3680 834 3732 iu
873 3679 1137 3734 locatione
1166 3699 1433 3733 novorum
1469 3679 1810 3752 vectigalium
1849 3675 2256 3732 immoderatius
2293 3675 2408 3728 liee-

266 3779 469 3828 rentur,
494 3763 777 3838 propalam
800 3765 1011 3818 monuit
1031 3791 1073 3818 υ.
1104 3765 1300 3818 Recole
1327 3763 1570 3837 superius
1596 3763 1750 3830 XIII,
1781 3782 1829 3824 1,
1859 3781 1978 3834 pag.
2002 3761 2261 3831 595,cum
2283 3779 2340 3813 n.
2363 3779 2406 3810 2.

338 3848 417 3916 (5)
452 3847 632 3901 Codex
685 3847 776 3901 hic
822 3848 983 3902 habet
1023 3852 1333 3918 proprissimo
1349 3889 1365 3912 ,
1408 3849 1670 3904 subducta
1701 3850 1875 3902 littera
1919 3868 1968 3898 m
2009 3867 2030 3896 .-
2096 3858 2153 3899 αἱ
2188 3846 2406 3900 inferius

270 3931 524 3994 XXXII,
553 3949 603 3995 1,
624 3934 983 3998 promtissime,
1014 3933 1281 3986 subducta
1296 3955 1355 4001 p.

343 4011 421 4078 (6)
456 4011 639 4065 Codex
658 4019 949 4081 reperlaeam
968 4056 985 4084 ,
1008 4017 1155 4089 quod
1183 4019 1408 4072 sortasse
1435 4016 1774 4070 retinendum
1801 4017 1875 4069 sic
1893 4052 1910 4080 ,
1937 4035 1992 4066 re
2003 4018 2228 4082 perlata·-
