2594 4537
333 334 380 415 4

1022 332 1675 402 ARGUMENTU
1694 335 1790 403 M.

413 474 586 533 quam
616 453 798 512 videri
823 452 1256 530 conjuratorum
1271 474 1499 533 poenam
1528 469 1889 534 mortemque
1917 457 2133 534 lugere.
2158 462 2309 517 Tum
2326 458 2473 517 illud

409 554 502 611 vel
533 552 786 610 maxime
821 550 1365 631 reprehendendum
1396 573 1521 611 esse
1548 553 1721 625 dicit,
1750 552 1911 631 quod
1944 558 2275 632 Torquatus
2310 555 2473 615 arbi-

414 663 602 707 tretur
639 648 795 727 plebi
821 668 1076 705 romanae
1105 668 1197 707 res
1220 668 1317 707 eas
1336 668 1451 707 non
1472 649 1742 729 probari,
1779 670 1907 727 quae
1938 670 1998 709 se
2018 652 2255 709 consule
2274 672 2473 711 omnes

407 746 552 805 boni
593 766 706 824 pro
739 745 922 829 salute
966 745 1258 803 communi
1293 747 1590 824 gesserint.
1637 753 1841 825 Itaque
1873 748 2129 806 excurrit
2164 748 2226 806 in
2273 748 2471 807 laudes

409 862 604 901 rerum
635 862 668 900 a
693 833 841 901 se'in
871 842 1171 900 consulatu
1207 842 1485 903 adversus
1517 844 1821 903 Catilinam
1852 858 2169 921 gestarum,
2204 845 2384 923 idque
2410 866 2473 904 se

407 956 670 1000 coactum
699 960 732 1000 a
758 946 1057 1018 Torquato
1073 984 1090 1014 ,
1125 940 1285 1019 quod
1318 942 1377 1000 in
1406 962 1468 1001 se
1487 959 1637 1003 esset
1656 944 1923 1003 oratione
1950 964 2053 1002 sua
2077 944 2370 1015 invectus,
2396 945 2475 1003 sa-

407 1059 540 1097 cere
567 1039 854 1109 ostendit,
891 1056 1094 1096 10-12.
1762 1112 1767 1117 ἴ

485 1141 637 1195 Tum
671 1134 897 1195 accedit
927 1134 1001 1193 ad
1028 1135 1212 1213 ipsam
1253 1150 1485 1195 causam
1516 1149 1575 1195 et
1602 1138 1887 1215 Torquati
1912 1138 2347 1197 criminationes
2376 1138 2473 1197 di-

403 1235 665 1293 luendas.
713 1232 970 1292 Primum
1012 1233 1112 1292 ille
1141 1232 1373 1292 dixerat
1397 1234 1473 1293 ab
1502 1234 1920 1314 Allobrogibus
1954 1238 2315 1296 nominatum
2348 1258 2473 1295 esse

399 1334 640 1392 Sullam.
669 1332 874 1392 Cicero
897 1330 1256 1390 demonstrat
1279 1332 1341 1389 in
1364 1352 1567 1392 eorum
1594 1333 1817 1392 indicio
1844 1334 1991 1392 nihil
2022 1354 2146 1394 esse
2162 1380 2180 1407 ,
2212 1336 2373 1413 quod
2400 1338 2475 1395 sit

401 1430 461 1487 in
489 1430 708 1489 Sullam
741 1427 1114 1486 criminosum
1131 1471 1148 1495 ‚
1189 1428 1278 1485 13.
1307 1428 1532 1487 Deinde
1560 1434 1893 1507 Torquatus
1920 1430 2149 1489 dixerat
2168 1474 2185 1498 ‚
2230 1432 2473 1490 Cicero-

397 1544 532 1583 nem
559 1524 730 1582 aliter
759 1542 827 1580 ac
857 1521 1078 1581 dictum
1111 1522 1288 1581 fuerit
1318 1524 1379 1581 in
1416 1523 1641 1583 tabulas
1664 1524 1930 1603 publicas
1971 1526 2264 1597 retulisse3
2296 1546 2475 1605 quam

335 1654 342 1657 ·
398 1622 742 1681 calumniam
775 1622 978 1681 Cicero
1005 1622 1259 1699 graviter
1275 1621 1553 1696 retundit,
1588 1635 1785 1695 ιιι-17.
1809 1628 1961 1681 Tum
1984 1624 2199 1683 refutat
2226 1624 2286 1681 id
2311 1624 2474 1701 quod

399 1721 496 1779 ille
527 1720 756 1779 dixerat
777 1719 1005 1778 *Sullam
1046 1718 1124 1777 ab
1165 1719 1288 1795 ejus
1330 1720 1626 1796 Cornelii,
1658 1720 1759 1796 qni
1790 1720 1955 1778 inter
1980 1721 2169 1779 socios
2210 1721 2475 1780 Catilinae

397 1819 605 1884 fuerat,
629 1816 748 1874 filio
777 1815 1052 1883 accusari,
1081 1816 1173 1886 18,
1187 1828 1248 1873 et
1277 1813 1627 1893 gladiatores
1646 1818 1731 1873 'ab
1746 1835 1818 1874 eo
1843 1815 1917 1874 ad
1938 1816 2157 1875 caedem
2180 1830 2240 1875 et
2268 1820 2475 1877 tumul·

401 1927 525 1971 tum
554 1926 780 1990 emptos
805 1930 930 1969 esse
946 1953 962 1980 ,
1011 1910 1114 1970 ubi
1133 1911 1461 1971 ostenditur
1483 1913 1703 1972 Sullam
1718 1912 1827 1971 hos
1850 1912 1924 1971 ad
1946 1932 2155 1972 munus
2177 1913 2473 1973 edendum

397 2012 606 2069 emisse
627 2050 646 2078 ,
685 2030 772 2087 19.
799 2014 982 2067 Porro
1011 2014 1343 2087 Torquatus
1372 2007 1600 2068 dixerat
1623 2011 1856 2069 Sittium
1879 2030 1912 2068 a
1935 2012 2095 2069 Sulla
2124 2012 2184 2068 in
2209 2011 2461 2069 ulterio-

393 2128 518 2167 rem
558 2106 896 2185 Hispaniam
934 2106 1169 2165 missum
1192 2149 1208 2175 ‚
1249 2119 1322 2165 ut
1354 2126 1480 2165 eam
1520 2108 1880 2184 provinciam
1918 2108 2307 2186 perturbaret.
2349 2113 2458 2167 Cui

393 2208 598 2276 Cicero
626 2204 939 2285 respondet
965 2206 1197 2263 Sittium
1225 2218 1363 2273 ante
1390 2204 1809 2282 conjurationis
1841 2206 2225 2285 suspicionem
2257 2209 2459 2284 profe—

363 2321 368 2330 ·
394 2319 547 2364 ctum
573 2323 696 2362 esse
717 2302 796 2360 ob
819 2302 1196 2360 necessariam
1231 2319 1489 2375 eausam,
1524 2323 1731 2381 magna
1752 2305 1979 2362 ratione
2008 2324 2141 2362 cum
2166 2306 2459 2363 Maurita—

397 2405 510 2460 niae
533 2419 670 2476 rege
697 2411 990 2456 contracta
1009 2441 1026 2470 ,
1077 2417 1171 2456 ao.
1222 2405 1351 2458 Jam
1394 2419 1533 2457 vero
1560 2399 1722 2476 quod
1769 2406 2103 2479 Torquatus
2140 2399 2473 2479 subjecerat

387 2498 778 2575 ‘Pompeianos
804 2537 820 2562 ,
845 2495 904 2552 h.
933 2515 984 2556 e.
1018 2495 1224 2573 oppidi
1252 2496 1661 2572 Pompeiorum
1706 2497 1923 2556 incolas
1954 2519 2081 2557 esse
2111 2518 2147 2556 a
2172 2499 2335 2558 Sulla
2358 2501 2462 2558 im-

392 2599 618 2677 pulsoS,
653 2607 718 2652 ut
746 2593 820 2651 ad
853 2592 1322 2669 conjurationem
1354 2593 1745 2652 Catilinariam
1769 2594 2111 2652 accederent
2130 2637 2147 2667 ,
2175 2595 2235 2652 id
2262 2597 2465 2674 cujus—

395 2693 554 2752 modi
583 2691 658 2749 sit
677 2703 850 2768 negat
867 2691 1074 2748 Cicero
1095 2709 1156 2746 se
1179 2689 1499 2766 intelligere
1518 2709 1703 2768 posse.
1720 2696 1925 2769 Neque
1950 2692 2106 2750 enim
2135 2692 2471 2769 conjurasse

393 2790 804 2868 PompeianoS,
849 2805 1038 2863 neque
1075 2786 1299 2846 Sullam
1346 2805 1445 2844 eos
1482 2806 1517 2844 a
1554 2788 1779 2847 colonis
1825 2787 2204 2867 disjunxisse,
2248 2803 2315 2847 ut
2353 2790 2471 2849 hoc

393 2886 640 2945 discidio
677 2887 829 2942 sacto
870 2897 1066 2961 posset
1109 2903 1209 2940 eos
1247 2883 1309 2941 in
1352 2903 1461 2941 sua
1508 2898 1795 2962 potestate
1834 2884 2069 2944 habere.
2108 2891 2259 2945 Tum
2304 2889 2467 2964 quod

394 2989 728 3060 Torquatus
757 2980 1086 3057 objecerat,
1131 2985 1198 3038 L.
1223 2981 1546 3054 caecilium,
1586 3003 1653 3039 21
1676 3025 1694 3054 ,
1734 2982 1909 3040 Sullae
1940 2982 2211 3058 fratrem,
2257 2982 2319 3039 in
2342 2984 2473 3061 ejus

391 3081 633 3158 gratiam
681 3078 866 3155 legem
911 3076 1064 3134 ferre
1105 3076 1359 3135 voluisse
1398 3076 1475 3134 de
1518 3077 1832 3136 minuenda
1880 3077 2213 3138 ambitionis
2258 3099 2469 3157 poena3

389 3179 594 3236 Cicero
628 3175 983 3233 demonstrat
1013 3173 1162 3231 hanc
1207 3174 1391 3252 legem
1440 3193 1659 3252 paucos
1704 3174 1829 3233 dies
1868 3177 2230 3254 propositam
2250 3219 2269 3247 ,
2325 3177 2469 3235 ferri

392 3289 637 3353 coeptam
671 3285 1138 3350 numquamesse
1161 3316 1176 3342 ‚
1213 3291 1320 3344 22,
1372 3275 1466 3330 23.
1515 3273 1777 3352 Denique
1808 3273 1968 3351 quod
2009 3278 2343 3351 Torquatus
2388 3296 2469 3333 ex

391 3372 634 3452 epistola
662 3371 954 3429 Ciceronis
976 3369 1048 3427 ad
1078 3371 1420 3449 Pompeium
1448 3371 1522 3429 de
1544 3371 1663 3429 suis
1698 3370 1877 3429 rebus
1907 3371 2083 3449 gestis
2112 3373 2330 3449 scripta
2356 3374 2471 3431 cri-

393 3489 524 3528 men
550 3469 788 3545 aliquod
811 3468 870 3524 in
900 3470 958 3523 P.
981 3467 1199 3527 Sullam
1225 3468 1601 3545 quaesiverat,
1624 3466 1681 3524 id
1713 3468 1927 3526 nullam
1954 3487 2195 3546 prorsus
2219 3469 2337 3528 vim
2362 3469 2469 3528 ha-

391 3568 534 3626 bere
566 3563 850 3634 ostendit,
885 3573 981 3634 al..

470 3668 600 3720 Jam
637 3659 980 3718 criminibus
1018 3660 1314 3719 dissolutis
1358 3661 1565 3720 Cicero
1597 3661 1675 3720 de
1708 3663 1883 3720 Sullae
1928 3663 2047 3721 vita
2088 3683 2155 3720 ac
2198 3663 2465 3723 moribus

389 3761 546 3829 dicit,
567 3760 806 3835 ejusque
826 3758 1077 3815 animum
1103 3758 1164 3814 in
1183 3755 1618 3834 rempublicam,
1632 3759 2011 3816 constantiam
2032 3760 2185 3831 vitai,
2212 3760 2469 3840 dignita-—

315 3870 324 3880 ⁴
393 3871 526 3929 tem,
557 3855 962 3914 liberalitatem
981 3897 997 3919 ,
1019 3853 1473 3910 moderationem
1508 3855 1565 3911 in
1596 3855 1829 3931 privatis
1849 3853 2056 3927 rebus,
2084 3857 2463 3934 splendorem

317 3987 324 3994 ·
389 3955 446 4011 iu
480 3949 728 4030 publicis
749 3949 1067 4020 collaudat,
1097 3961 1334 4006 excusat
1364 3950 1535 4006 etiam
1566 3951 2170 4011 vulnusdamnatione
2212 3954 2289 4012 de
2326 3973 2461 4012 am-

389 4053 514 4111 bitu
546 4061 878 4127 acceptum,
903 4049 1115 4119 25-272

1788 4156 1809 4190 Q
