2594 4537
389 278 478 376 78
837 277 938 346 IN
979 276 1527 347 ORATIONEM
1578 278 2077 349 SULLANAM

383 425 568 474 rom.
611 400 748 469 nisi
784 397 1172 469 honestum
1233 400 1465 469 otium
1522 398 2003 497 postularem,
2040 401 2207 497 quis
2226 406 2315 488 (1)
2368 428 2515 475 con-

385 514 722 588 cederet?

463 670 730 733 Gloriose
759 670 824 727 in
850 669 1007 727 hunc
1047 670 1239 727 locum
1273 668 1533 729 decurrit
1564 684 1765 729 orator
1794 671 2067 731 laudibus
2108 672 2231 731 suis
2263 674 2515 749 plurimis

391 767 682 827 demeritis
709 784 846 843 erga
877 763 1290 844 rempublicam
1322 766 1613 838 tribuens,
1646 767 1807 845 quod
1840 769 2011 827 tantis
2029 768 2149 845 jam
2180 769 2515 847 perfunctus

387 865 655 943 periculis
679 863 920 921 honeste
964 876 1157 940 posset
1187 861 1260 920 ab
1290 865 1448 921 omni
1481 864 1683 922 labore
1720 866 2114 943 requiescere,
2148 867 2270 925 nisi
2310 869 2515 926 animus

388 964 551 1021 nullo
582 974 774 1041 posset
801 961 922 1018 otio
951 980 1376 1020 consenescere.
1421 967 1495 1021 Et
1522 963 1647 1031 hic,
1680 976 1963 1042 quantum
2002 984 2131 1023 mea
2174 967 2377 1043 opinio
2412 978 2513 1045 est,

391 1061 649 1119 imitatus
669 1071 754 1115 est
777 1062 838 1117 C.
865 1057 1190 1117 Gracchum
1210 1058 1314 1136 (a).
1348 1059 1443 1117 Sic
1474 1060 1630 1118 enim
1653 1074 1712 1118 et
1738 1061 1832 1118 ille
1857 1064 1961 1119 DE
1992 1064 2323 1121 LEGIBVS
2352 1066 2515 1120 PRO-

391 1164 504 1216 MV
506 1159 774 1217 LGATIS
807 1154 911 1233 (3),
943 1167 1006 1213 ut
1033 1155 1212 1233 ipsius
1248 1156 1420 1215 etiam
1448 1155 1763 1214 verborum
1790 1158 1995 1215 faciam
2020 1158 2395 1217 mentionem.

473 1260 548 1316 SI
581 1257 888 1313 VELLEM
912 1296 928 1325 ,
976 1253 1199 1329 inquit,
1241 1257 1448 1311 APVD
1483 1256 1631 1312 VOS
1662 1258 1917 1312 VERBA
1952 1259 2284 1327 FACERE,
2340 1258 2438 1314 ΕΤ
2472 1260 2511 1312 A

393 1352 1096 1421 VOBISPOSTULARE‚
1109 1354 1337 1422 QVVM
1360 1354 1670 1409 GENERE
1691 1355 1973 1411 SVMMO
1992 1356 2241 1412 ORTVS
2263 1357 2509 1416 Essfflffi

395 1456 496 1511 ET
516 1452 734 1522 QVVM
753 1450 1124 1508 FRATREM
1151 1450 1503 1506 PROPTER
1522 1450 1675 1506 VOS
1697 1450 2130 1519 AMISISSEM‚
2154 1453 2307 1508 NEC
2324 1454 2515 1523 QVIS·
2560 1455 2563 1535 4

397 1552 620 1622 QVAM
644 1550 746 1606 DE
778 1550 842 1603 P.
879 1546 1254 1603 AFRICANI
1295 1548 1395 1603 ET
1441 1548 1734 1602 TIBERII
1781 1548 2123 1605 GRACCHI
2166 1550 2508 1604 FAMILIA.
2560 1540 2563 1563 ¹

395 1648 553 1703 NISI
576 1645 723 1705 EGO
751 1645 852 1699 ΕΤ
870 1643 1068 1699 PVER
1087 1643 1593 1699 RESTAREMUS
1614 1640 1715 1721 (4),
1738 1646 1841 1700 VT
1859 1645 2346 1701 PATEREMINI
2372 1645 2511 1699 HOC

398 1742 760 1799 TEMPORE
818 1740 932 1795 ME
988 1738 1447 1809 QVIESCERE,
1500 1741 1603 1795 NE
1649 1741 1702 1795 A
1744 1741 2016 1797 STIRPE
2073 1744 2327 1801 GEst
2385 1744 2511 1798 NO-

399 1838 658 1895 STRVM
685 1835 1136 1901 INTERIRET,
1183 1834 1282 1889 ET
1316 1836 1451 1891 VTI
1484 1837 1775 1905 ALIQVA
1809 1836 2169 1893 PROPAGO
2199 1838 2513 1894 GENERIS
2560 1784 2563 1945 Ι

482 2050 560 2117 (1)
589 2048 712 2096 Edd.
736 2046 883 2110 «quis
906 2062 1014 2094 non
1039 2046 1366 2094 concederet?
1383 2067 1408 2087 a
1434 2046 1530 2095 Sed
1556 2044 1611 2094 τὸ
1638 2062 1737 2093 non
1775 2046 1910 2095 abest
1942 2064 1969 2093 a
2006 2046 2197 2096 codice.
2225 2051 2288 2097 Et
2310 2049 2509 2098 clausula
2560 1990 2563 2133 ἰ

405 2136 603 2201 quidem
623 2130 878 2195 fragmenti
903 2130 1208 2191 Gracchani,
1225 2130 1365 2193 quod
1390 2129 1773 2193 comparationis
1804 2131 1955 2193 gratia
1980 2131 2183 2180 affertur
2214 2132 2341 2181 infra
2356 2168 2371 2193 ‚
2400 2136 2511 2181 favet

406 2219 598 2270 codicis
614 2217 831 2264 leotio'ni.
853 2216 921 2264 A.
942 2218 1008 2262 Μ.

470 2314 548 2383 (2)
581 2316 733 2375 Hujus
753 2312 961 2362 oratoris
989 2312 1152 2359 landes
1179 2309 1434 2374 magnifice
1459 2311 1764 2375 persequitur
1790 2313 1961 2360 Cicero
1989 2311 2039 2358 in
2077 2313 2257 2370 Bruto,
2294 2329 2403 2379 cap.
2422 2315 2507 2362 33:
2560 2307 2563 2322 ¹

407 2423 429 2445 ι
455 2399 550 2450 Sed
572 2413 684 2446 ecce
725 2398 779 2442 in
816 2394 1041 2442 manibus
1065 2395 1154 2452 vir,
1185 2403 1234 2440 et
1259 2394 1654 2458 praestantissimo
1680 2395 1876 2458 ingenio
1910 2405 1957 2442 et
1984 2394 2207 2458 flagranti
2233 2397 2399 2445 studio
2419 2430 2435 2455 ,
2469 2408 2509 2443 et
2561 2459 2563 2462 Ι

404 2485 575 2533 doctus
594 2497 619 2527 a
640 2494 816 2542 puero,
833 2479 894 2526 C.
922 2476 1189 2524 Gracchus.
1215 2477 1333 2524 Noli
1354 2477 1481 2523 enim
1501 2488 1671 2542 putare
1697 2494 1986 2541 quemquam
2004 2511 2017 2536 ,
2041 2479 2191 2525 Brute
2210 2513 2226 2537 ‚
2248 2479 2509 2544 pleniorem
2560 2485 2563 2522 ἱ

403 2579 454 2617 et
473 2565 732 2614 uberiorem
758 2559 820 2608 ad
850 2559 1108 2607 dicendum
1141 2559 1311 2607 fuisse.
1328 2595 1342 2608 .
1462 2557 1672 2607 Grandis
1698 2570 1772 2607 est
1800 2559 1985 2618 verbis,
2015 2563 2204 2624 sapiens
2230 2563 2479 2609 sententiis
2496 2597 2509 2617 ‚
2560 2549 2563 2608 ἷ

405 2665 575 2717 genere
600 2657 706 2694 toto
749 2645 907 2708 gravis
925 2665 967 2692 ιο.
995 2645 1155 2703 Huius
1192 2642 1519 2708 eloquentiam
1564 2645 1685 2690 mire
1720 2643 1919 2693 laudant
1960 2645 2105 2692 etiam
2137 2645 2235 2692 Dio
2262 2645 2507 2710 fragment.
2560 2627 2563 2638 ⁴

405 2733 595 2784 rein-eae.
617 2745 706 2792 90,
748 2739 798 2775 et
825 2727 1112 2775 Plutarchus
1147 2727 1198 2772 in
1227 2727 1475 2774 Gracchis.
1500 2727 1627 2774 Tum
1649 2728 1705 2776 C.
1734 2729 2009 2776 Gracchum
2033 2728 2301 2792 pleniorem
2328 2728 2510 2776 uberio-

405 2829 588 2878 remqoe
610 2813 794 2866 Catone
819 2826 932 2858 sene
955 2810 1076 2857 dicit
1099 2820 1272 2858 auctor
1306 2810 1487 2874 dialogi
1518 2811 1578 2858 de
1605 2811 1775 2861 Causis
1802 2821 2048 2877 eorruptoe
2070 2811 2389 2875 eloquentia,
2410 2828 2510 2875 cap.
2561 2875 2563 2878 Ι

417 2903 504 2959 18,
527 2912 671 2961 aquo
698 2907 858 2944 tamen
891 2895 1112 2944 dissentit
1140 2894 1356 2956 Gellius,
1375 2897 1451 2954 X,
1480 2895 1533 2944 3.
1557 2895 1620 2944 A.
1638 2895 1711 2942 M.

475 2994 553 3063 (3)
574 2998 721 3057 Leges
757 2993 815 3041 C.
846 2990 1054 3040 Gracchi
1093 2992 1290 3056 agrariae
1308 3025 1323 3050 ,
1349 2991 1673 3040 frumentaria!
1689 3026 1704 3051 ‚
1740 3003 1789 3039 et
1816 2992 1877 3040 de
1897 2992 2097 3054 judiciis
2122 2993 2350 3040 notiores·
2368 3002 2476 3040 sunt
2494 3027 2505 3044 ,
2561 2981 2563 2984 ⁵

408 3086 616 3146 quamut
643 3074 966 3138 descriptione
987 3086 1174 3138 egeant.
1194 3074 1324 3123 Vide
1356 3085 1515 3122 tamen
1544 3087 1672 3123 certe
1702 3077 1828 3123 Livii
1846 3078 2105 3140 Epitomen
2129 3076 2243 3123 libri
2266 3079 2375 3124 Lx.
2396 3077 2510 3123 Ora·
2561 3089 2563 3094 ·

409 3166 580 3214 tionen
600 3171 760 3208 autem
788 3159 998 3208 Gracchi
1019 3159 1079 3206 de
1098 3158 1286 3223 legibus
1310 3159 1627 3224 promulgatis
1654 3171 1889 3208 memorat
1917 3160 2104 3208 Gellius
2123 3195 2138 3220 ‚
2178 3161 2251 3207 tx
2274 3195 2289 3218 ‚
2340 3169 2399 3216 14
2418 3196 2433 3220 ,
2466 3170 2511 3204 et

411 3251 484 3310 Χ,
513 3249 542 3296 3
593 3245 778 3307 aliquot
804 3245 908 3306 eius
931 3243 1210 3308 fragmentis
1236 3242 1456 3307 prolatis.
1484 3244 1615 3293 Citat
1638 3245 1853 3292 eamdem
1883 3243 2155 3295 orationem
2177 3243 2321 3292 etiam
2343 3245 2510 3291 Festa<
2561 3237 2563 3240 ’

410 3347 519 3382 voc.
545 3339 780 3380 (scemam.
807 3330 928 3376 Haec
949 3338 1109 3376 tamen
1131 3327 1371 3392 particula
1387 3364 1402 3387 ,
1436 3327 1570 3392 quod
1598 3329 1772 3386 sciam,
1814 3327 1973 3376 adhuc
1994 3339 2095 3376 erat
2112 3327 2309 3376 inedita.
2333 3331 2390 3377 A.
2408 3329 2477 3374 M.

479 3425 554 3494 (a)
571 3425 794 3476 Tiberius
811 3427 1124 3490 Sempronius
1142 3425 1393 3475 Gracchus
1416 3425 1479 3473 de
1496 3425 1723 3474 Cornelia
1744 3427 1801 3474 P.
1820 3425 2037 3473 Africani
2058 3426 2257 3487 majoris
2274 3423 2372 3474 fllia
2394 3425 2509 3472 dno-

413 3515 553 3565 deein
587 3511 800 3575 suscepit
837 3510 1046 3558 liberos:
1093 3509 1180 3556 sed
1203 3521 1335 3558 tanta
1362 3508 1555 3557 soboles
1584 3521 1771 3557 mature
1797 3525 1909 3557 cum
1946 3519 2083 3572 patre
2110 3511 2207 3556 vita
2230 3509 2390 3556 funeta
2407 3517 2475 3554 est
2493 3539 2506 3562 ‚

408 3607 592 3660 excetta
613 3593 714 3641 filia
737 3630 753 3653 ,
799 3609 944 3658 qnam
975 3593 1142 3657 Scipio
1169 3592 1427 3640 Africanus
1456 3592 1619 3640 minor
1644 3607 1844 3640 uxorem
1873 3591 2037 3652 duxit,
2084 3603 2131 3640 et
2173 3591 2287 3640 filiis
2328 3589 2510 3640 duobus
2561 3617 2563 3622 ·

408 3677 587 3728 Tiben‘o
613 3688 662 3725 et
681 3677 818 3726 (hio.
845 3677 1028 3724 Occiso
1051 3677 1104 3723 in
1127 3675 1377 3724 tribunatu
1388 3675 1588 3724 Tiberio
1610 3711 1627 3737 ,
1650 3677 1785 3724 solus
1820 3691 1849 3722 e
1870 3676 2094 3724 masculis
2110 3677 2351 3742 superfuit
2372 3675 2509 3722 frater
2560 3671 2563 3734 j

408 3763 664 3813 enimcum
682 3760 863 3809 Tiberii
883 3759 1061 3822 filiolo,
1084 3759 1145 3806 de
1166 3775 1266 3823 quo
1291 3758 1507 3818 Gellius,
1530 3761 1601 3820 11,
1630 3761 1660 3808 3
1681 3793 1695 3818 ,
1722 3760 1773 3807 in
1808 3757 1927 3809 fine.
1965 3762 2132 3825 Atque
2154 3761 2288 3809 hunc
2312 3775 2507 3824 puerum

409 3847 588 3893 fortase
623 3843 703 3892 hic
739 3853 1090 3892 commemorat
1115 3843 1275 3892 Caius.
1312 3843 1537 3890 Ceterum
1563 3843 1852 3892 Plutarchus
1874 3845 1925 3891 in
1950 3844 2185 3893 Gracchis
2206 3856 2393 3902 narrat,
2416 3844 2505 3907 ipsi

407 3927 549 3974 etiam
561 3925 682 3974 Caio
715 3927 861 3974 fuisse
885 3924 1092 3973 filiolum
1111 3959 1126 3986 ,
1154 3941 1299 3989 quem
1324 3926 1551 3974 nimiru-
1580 3943 1709 3975 uxor
1729 3927 1913 3976 Licinia
1936 3945 2087 3978 mann
2114 3929 2339 3988 tenebat,
2362 3943 2504 3992 quum

404 4010 510 4056 viro
537 4010 736 4056 decurrit
761 4009 824 4057 ad
851 4025 954 4056 eam
982 4008 1342 4056 dimicationem
1360 4010 1621 4073 prodeunti
1640 4043 1657 4069 ,
1678 4012 1731 4058 in
1752 4027 1847 4074 qua
1874 4013 2139 4064 mim-fine
2160 4015 2327 4080 periit.
2348 4015 2412 4063 A.
2430 4013 2503 4060 M.
