2594 4537
233 280 361 377 198
850 282 949 348 Μ.
1004 281 1083 346 Τ.
1132 278 1695 349 CICERONIS

226 405 303 476 in
338 401 708 500 provincia
754 427 770 469 :
828 411 1055 471 mater
1092 413 1328 496 negat.
1366 399 1726 487 Venisset,
1767 399 2047 500 inquit,
2081 401 2140 472 si
2169 415 2361 473 esset

228 511 735 584 denuntiatum
757 505 811 578 3.
840 514 951 584 Tu
981 522 1173 580 certe
1198 513 1548 608 coegisses
1564 566 1583 597 ,
1609 510 1668 580 si
1691 508 1918 586 ullum
1941 506 2362 583 firmamen-

225 641 383 700 tum
412 627 487 695 in
520 625 645 695 illo
668 638 849 702 teste
877 625 1258 720 posuisseS,
1296 623 1435 694 Sed
1472 622 1844 697 hominem
1884 621 2020 696 abl*
2060 627 2360 723 negotio

227 734 583 809 abducere
620 734 916 807 noluisti
952 761 967 805 τ
1004 757 1350 830 magnum
1393 749 1545 807 erat
1580 736 1648 805 ei
1686 748 2048 805 certamen
2079 759 2361 834 propo-

226 847 485 935 situm,
524 868 783 942 magna
816 869 983 915 cum
1024 845 1285 914 Grae‘cis
1321 843 1730 929 contentio;
1772 846 1900 940 qni
1938 857 2222 931 tamen,
2273 857 2364 920 ut

228 957 527 1053 opinor,
553 955 795 1050 jacent
830 955 1017 1024 victi.
1046 957 1237 1024 Nam
1270 953 1406 1025 iste'
1451 977 1641 1025 unus
1679 949 1908 1025 totam
1933 955 2170 1026 Asiam
2204 977 2360 1024 ma·
2417 1011 2424 1016 .

226 1065 603 1162 gnitudine
646 1064 1115 1162 poculorum,
1160 1061 1632 1178 bibendoque
1660 1066 2043 1162 superavit.
2073 1064 2214 1136 Sed
2248 1078 2364 1136 ta—

228 1199 416 1247 men·
439 1175 603 1270 quis
652 1173 823 1263 tihi,
852 1173 1062 1262 Laeli,
1098 1173 1189 1245 de
1233 1174 1554 1272 epistolis
1593 1175 1747 1246 istis
1781 1173 2160 1246 indicavit?
2201 1177 2364 1244 Mu-

224 1284 435 1356 lieres
461 1291 731 1382 negant
754 1309 830 1356 se
860 1288 1061 1355 scire.
1084 1285 1267 1374 Quis
1300 1287 1359 1354 is
1379 1297 1488 1356 est
1517 1285 1740 1382 igitur
1759 1280 1835 1354 ⁵?
1862 1283 1980 1354 ille
2012 1288 2164 1382 ipse
2191 1282 2366 1373 tibi,

228 1420 305 1467 se
334 1393 425 1466 ad
448 1411 748 1466 matrem
773 1410 846 1466 et
870 1418 1193 1466 sororem
1214 1396 1614 1493 scripsisse,
1633 1393 1991 1466 narravit?
2008 1398 2120 1464 An
2143 1395 2367 1466 etiam

231 1505 517 1603 scripsit
544 1519 754 1576 oratu
774 1499 807 1546 ⁶
836 1503 1009 1574 tuo?
1040 1507 1132 1574 At
1161 1528 1334 1576 vero
1359 1506 1460 1590 Μ,
1491 1503 1860 1576 AEbutium
1883 1559 1902 1591 ‚
1942 1519 2014 1575 et
2034 1521 2370 1576 constan*

234 1617 626 1704 tissimum,
667 1613 1382 1713 etpudentissimum
1415 1611 1788 1688 hominem
1813 1671 1833 1706 ,
1880 1615 2168 1687 Falcidii
2203 1613 2366 1686 affi-

234 1753 405 1800 nem
426 1784 445 1818 ,
482 1728 665 1799 nihil
701 1731 1099 1826 interrogas
1128 1731 1157 1802 ἱ)
1184 1731 1368 1802 nihil
1399 1731 1552 1824 ejus
1586 1743 1973 1828 generum,
2017 1731 2173 1827 pari
2222 1725 2378 1799 fide,

231 1839 655 1940 praeditum,
698 1844 777 1911 C.
814 1841 1233 1912 Manilium?
1259 1844 1387 1938 qui
1424 1837 1752 1939 profecto
1783 1839 1874 1911 de
1906 1853 2108 1910 tanta
2148 1849 2373 1941 pecu-

231 1950 390 2038 nia,
434 1953 493 2021 si
546 1965 732 2022 esset
776 1949 979 2038 data,
1031 1951 1215 2021 nihil
1276 1950 1558 2023 audisse
1605 1977 1756 2030 non
1809 1965 2074 2048 posset.
2117 1951 2241 2021 His
2288 1965 2371 2021 tu

230 2060 453 2157 igitur
478 2061 795 2158 epistolis
812 2115 833 2149 ,
858 2061 1572 2150 Deciane,reci-tatis,
1605 2062 1720 2133 his
1734 2061 2174 2133 mulierculis
2205 2085 2372 2158 pro-

235 2171 501 2260 ductis,
530 2171 655 2243 illo
682 2169 977 2243 absente
1000 2185 1300 2244 auctore
1333 2172 1658 2260 laudato,
1688 2186 1973 2243 tantum
1995 2182 2067 2243 te
2095 2173 2371 2245 crimen

230 2281 714 2381 probaturum
760 2284 1061 2381 putasti3
1105 2276 1500 2381 praesertim
1528 2304 1760 2382 quum
1803 2284 1958 2381 ipse
1984 2339 2003 2371 ‚
2046 2305 2200 2353 non
2239 2281 2374 2353 de-

234 2390 573 2465 ducendo
593 2405 619 2449 ⁷
670 2391 1099 2482 Falcidium,
1126 2393 1484 2489 judicium
1537 2387 1868 2480 fecerisss,
1919 2393 2084 2491 plus
2121 2390 2373 2463 falsam

236 2502 613 2601 epistolam
641 2502 1049 2574 habituram
1080 2504 1426 2602 ponderis
1445 2560 1464 2593 ‚
1501 2516 1721 2601 quarn
1751 2505 1976 2602 ipsius
1999 2502 2378 2602 praesentis

236 2610 479 2689 fictam
510 2630 763 2685 vocem
800 2628 871 2684 et
904 2614 1322 2691 simulatum
1349 2609 1726 2686 dolorem?

336 2725 719 2792 XXXVIII.
765 2721 905 2793 Sed
941 2723 1120 2819 quid
1156 2735 1332 2820 ego·1
1385 2724 1475 2793 de
1518 2722 1839 2820 epistolis
1880 2722 2212 2809 Falcidii,
2250 2736 2381 2792 aut

242 2829 333 2903 de
364 2829 709 2901 Androne
742 2832 1067 2915 Sextilio,
1097 2848 1222 2903 aut
1248 2832 1340 2903 de
1361 2834 1657 2903 Deciani
1685 2854 1909 2903 censu
1935 2830 2212 2901 tamdiu
2235 2830 2380 2901 dis-

240 2950 469 3038 puto²
510 2956 581 3011 et
618 2942 998 3038 expostulo
1030 2942 1059 3011 Ρ
1098 2940 1189 3013 de
1236 2943 1466 3014 salute
1510 2942 1836 3012 omnium
1877 2956 2243 3029 nostrum,
2281 2938 2380 3011 de

312 3092 365 3139 3.
382 3090 748 3141 Denuntzheum.
772 3092 1104 3141 Denuntiabnt
1120 3107 1264 3141 accu-
1423 3092 1474 3142 8.
1505 3090 1756 3140 Judoeium
1766 3084 1969 3155 feceris.
2005 3088 2082 3138 De
2107 3108 2162 3139 re
2181 3090 2384 3153 iudica·

244 3180 378 3218 ntor
402 3169 625 3229 testibus,
642 3181 700 3217 ut
720 3170 957 3223 adessent.
1350 3172 1494 3221 veris.

311 3250 366 3307 4.
412 3249 492 3297 Ab
522 3248 739 3312 negocio.
778 3250 828 3297 A
862 3266 914 3297 re
951 3250 1103 3310 sen-ing
1128 3249 1263 3314 quod
1420 3250 1718 3298 xxxvm.
1747 3266 1792 3300 1.
1815 3249 1916 3299 Sed
1931 3248 2057 3314 qm'd
2071 3264 2180 3314 ego.
2199 3249 2385 3297 Orator

236 3325 453 3389 jocando
478 3326 619 3387 dicit,
631 3338 691 3375 ut
706 3342 769 3379 ex
788 3328 1101 3391 sequentibus
1112 3338 1262 3392 patet.
1347 3331 1448 3390 jun
1479 3328 1687 3393 abrupta
1723 3328 2031 3389 defensione,
2066 3342 2176 3392 quae
2205 3328 2300 3375 hae
2325 3326 2384 3375 in

315 3408 363 3454 5.
405 3406 564 3456 Groev.
589 3416 637 3453 et
664 3408 896 3457 Gan-aton.
924 3408 977 3455 in
1004 3418 1123 3455 vett.
1148 3406 1262 3467 edd.
1351 3410 1488 3471 pam
1521 3422 1625 3455 non
1659 3408 1726 3455 iu
1759 3404 1898 3455 firma
1925 3422 2029 3456 esse
2055 3406 2278 3463 videtur,
2317 3406 2384 3461 ad

241 3486 339 3550 legi
364 3496 624 3547 tentantur,
660 3508 683 3530 ι
700 3486 834 3548 Quid
866 3498 941 3536 eat
970 3487 1153 3551 igitur?
1182 3486 1263 3534 ille
1351 3486 1714 3535 miserationum
1757 3486 2044 3550 tragoediam
2085 3496 2144 3533 ut
2183 3486 2288 3549 ipse
2326 3485 2386 3532 in

241 3565 337 3615 tibi
350 3586 395 3619 ρ.
433 3568 633 3615 Gruter.
663 3582 690 3614 e
724 3566 847 3615 Mss
878 3566 1005 3624 suis,
1034 3587 1057 3609 ι
1085 3575 1267 3629 negant
1353 3576 1544 3614 oratore
1569 3566 1667 3624 ait,
1695 3580 1798 3613 sese
1827 3564 2072 3612 convertit
2088 3599 2104 3625 ,
2127 3564 2384 3625 judicum·

245 3660 297 3691 se
320 3646 473 3703 scire,
494 3648 581 3709 qni
598 3646 679 3693 sit.
706 3648 817 3709 Ipse
842 3645 993 3709 igitur
1006 3644 1089 3693 illo
1114 3643 1261 3694 tihi».
1355 3660 1451 3709 qne
1467 3645 1654 3693 animos
1676 3662 1705 3693 a
1724 3644 1904 3709 privati
1923 3641 2138 3692 homini·
2155 3643 2386 3708 periculo

245 3722 327 3770 Sic
345 3724 449 3783 jam
472 3722 773 3773 Gulielmius.
804 3726 855 3775 J.
874 3725 938 3773 V.
966 3725 1021 3773 1..
1355 3724 1420 3773 ad
1441 3725 1560 3789 reip.
1583 3722 1918 3772 conditionem
1940 3718 2160 3773 adducit'.

314 3801 368 3847 6.
393 3800 555 3851 cndd.
574 3802 635 3851 nl.
662 3801 857 3855 honam
870 3820 893 3861 ,-
911 3802 979 3852 al.
1007 3800 1265 3859 mendose,
1427 3820 1477 3853 α.
1508 3804 1591 3853 Sic
1627 3800 1888 3851 Lambinus
1925 3817 1952 3848 e
1991 3800 2138 3850 codd.
2177 3803 2385 3850 Momm.

245 3890 453 3937 oma1u,·
480 3880 641 3945 Naug.
666 3880 745 3931 ed.
770 3892 963 3947 rogatu.
989 3883 1041 3931 J.
1054 3884 1119 3930 V.
1142 3883 1198 3929 L.
1353 3884 1511 3945 Quem
1527 3884 1773 3947 sequimur
1789 3880 2012 3945 exemplo
2029 3879 2226 3929 Lnllem.
2245 3892 2295 3931 et
2312 3880 2382 3929 tl.

318 3974 365 4016 7.
396 3958 711 4007 Deducendo.
734 3958 1045 4019 Injudioium
1064 3976 1128 4008 ex
1146 3958 1263 4009 Asin
1353 3961 1503 4025 Vulg.
1541 3982 1566 4003 ιι
1587 3960 1788 4026 disputo
1804 3996 1818 4019 ,
1858 3959 2060 4024 postulo
2079 3978 2123 4008 ο.
2160 3958 2390 4009 verbnm

243 4034 552 4085 adducendo.
1353 4038 1453 4089 hoc
1473 4042 1665 4091 Ernest.
1693 4040 1890 4090 delevit.
1912 4040 1964 4090 J.
1979 4039 2044 4086 V.
2067 4040 2122 4105 L.
