<?xml version="1.0" encoding="UTF-8"?>
<!DOCTYPE html PUBLIC "-//W3C//DTD XHTML 1.0 Transitional//EN"
    "http://www.w3.org/TR/xhtml1/DTD/xhtml1-transitional.dtd">
<html xmlns="http://www.w3.org/1999/xhtml" xml:lang="en" lang="en">
 <head>
  <title>
</title>
<meta http-equiv="Content-Type" content="text/html;charset=utf-8" />
  <meta name='ocr-system' content='tesseract 3.04.00' />
  <meta name='ocr-capabilities' content='ocr_page ocr_carea ocr_par ocr_line ocrx_word'/>
</head>
<body>
  <div class='ocr_page' id='page_1' title='image "./mtciceronisquae05lemagoog_0478.png"; bbox 0 0 2594 4537; ppageno 0'>
   <div class='ocr_carea' id='block_1_1' title="bbox 305 285 1789 386">
    <p class='ocr_par' dir='ltr' id='par_1_1' title="bbox 305 285 1789 386">
     <span class='ocr_line' id='line_1_1' title="bbox 305 285 1789 386; baseline -0.011 -13"><span class='ocrx_word' id='word_1_1' title='bbox 305 285 450 382; x_wconf 73' lang='lat'>474</span> <span class='ocrx_word' id='word_1_2' title='bbox 955 290 1053 356; x_wconf 86' lang='grc' dir='ltr'>Μ.</span> <span class='ocrx_word' id='word_1_3' title='bbox 1106 291 1183 356; x_wconf 86' lang='grc' dir='ltr'>Τ.</span> <span class='ocrx_word' id='word_1_4' title='bbox 1237 289 1789 386; x_wconf 73' lang='lat' dir='ltr'>cicERoms</span> 
     </span>
    </p>
   </div>
   <div class='ocr_carea' id='block_1_2' title="bbox 241 404 2459 2711">
    <p class='ocr_par' dir='ltr' id='par_1_2' title="bbox 303 404 2459 1582">
     <span class='ocr_line' id='line_1_2' title="bbox 303 404 2455 511; baseline 0.001 -32"><span class='ocrx_word' id='word_1_5' title='bbox 303 410 504 480; x_wconf 84' lang='lat' dir='ltr'>illum</span> <span class='ocrx_word' id='word_1_6' title='bbox 543 407 784 479; x_wconf 89' lang='lat' dir='ltr'>locum</span> <span class='ocrx_word' id='word_1_7' title='bbox 805 419 832 462; x_wconf 89' lang='lat'>⁷</span> <span class='ocrx_word' id='word_1_8' title='bbox 889 404 1284 511; x_wconf 84' lang='lat' dir='ltr'>sanumque</span> <span class='ocrx_word' id='word_1_9' title='bbox 1320 407 1785 480; x_wconf 82' lang='lat' dir='ltr'><strong>vendideris?</strong></span> <span class='ocrx_word' id='word_1_10' title='bbox 1822 406 2327 480; x_wconf 80' lang='lat' dir='ltr'>sacerdotem⁸</span> <span class='ocrx_word' id='word_1_11' title='bbox 2364 409 2455 482; x_wconf 86' lang='lat' dir='ltr'>ab</span> 
     </span>
     <span class='ocr_line' id='line_1_3' title="bbox 305 515 2457 616; baseline 0 -27"><span class='ocrx_word' id='word_1_12' title='bbox 305 520 478 616; x_wconf 88' lang='lat' dir='ltr'>ipsis</span> <span class='ocrx_word' id='word_1_13' title='bbox 514 519 654 588; x_wconf 89' lang='lat' dir='ltr'>aris</span> <span class='ocrx_word' id='word_1_14' title='bbox 689 515 1336 616; x_wconf 84' lang='lat' dir='ltr'>pulvinaribusque</span> <span class='ocrx_word' id='word_1_15' title='bbox 1360 517 1794 588; x_wconf 81' lang='lat' dir='ltr'>detraxeris?</span> <span class='ocrx_word' id='word_1_16' title='bbox 1820 518 2063 588; x_wconf 89' lang='lat' dir='ltr'>omnia</span> <span class='ocrx_word' id='word_1_17' title='bbox 2088 517 2215 589; x_wconf 89' lang='lat' dir='ltr'>illa</span> <span class='ocrx_word' id='word_1_18' title='bbox 2234 572 2257 604; x_wconf 87' lang='lat'>‚</span> <span class='ocrx_word' id='word_1_19' title='bbox 2292 545 2457 616; x_wconf 77' lang='lat' dir='ltr'>quae</span> 
     </span>
     <span class='ocr_line' id='line_1_4' title="bbox 305 631 2457 726; baseline 0 -26"><span class='ocrx_word' id='word_1_20' title='bbox 305 642 654 713; x_wconf 86' lang='lat' dir='ltr'>vetustas,</span> <span class='ocrx_word' id='word_1_21' title='bbox 695 651 855 724; x_wconf 82' lang='lat' dir='ltr'>quae</span> <span class='ocrx_word' id='word_1_22' title='bbox 892 632 1155 715; x_wconf 81' lang='lat' dir='ltr'>Persae,</span> <span class='ocrx_word' id='word_1_23' title='bbox 1225 653 1389 726; x_wconf 87' lang='lat' dir='ltr'>quae</span> <span class='ocrx_word' id='word_1_24' title='bbox 1432 631 1635 726; x_wconf 85' lang='lat' dir='ltr'>Syri,</span> <span class='ocrx_word' id='word_1_25' title='bbox 1687 653 1849 725; x_wconf 82' lang='lat' dir='ltr'>quae</span> <span class='ocrx_word' id='word_1_26' title='bbox 1896 651 2102 726; x_wconf 84' lang='lat' dir='ltr'>reges</span> <span class='ocrx_word' id='word_1_27' title='bbox 2148 653 2457 712; x_wconf 60' lang='lat' dir='ltr'>omnes,</span> 
     </span>
     <span class='ocr_line' id='line_1_5' title="bbox 305 739 2459 836; baseline 0.001 -29"><span class='ocrx_word' id='word_1_28' title='bbox 305 739 433 834; x_wconf 90' lang='lat' dir='ltr'>qui</span> <span class='ocrx_word' id='word_1_29' title='bbox 475 743 842 834; x_wconf 86' lang='lat' dir='ltr'>Europam</span> <span class='ocrx_word' id='word_1_30' title='bbox 898 741 1280 836; x_wconf 81' lang='lat' dir='ltr'>Asiamque</span> <span class='ocrx_word' id='word_1_31' title='bbox 1336 753 1774 823; x_wconf 85' lang='lat' dir='ltr'>tenuerunt,</span> <span class='ocrx_word' id='word_1_32' title='bbox 1822 763 2111 836; x_wconf 83' lang='lat' dir='ltr'>semper</span> <span class='ocrx_word' id='word_1_33' title='bbox 2168 763 2459 809; x_wconf 85' lang='lat' dir='ltr'>summa</span> 
     </span>
     <span class='ocr_line' id='line_1_6' title="bbox 303 846 2459 949; baseline 0.001 -31"><span class='ocrx_word' id='word_1_34' title='bbox 303 846 649 944; x_wconf 75' lang='lat' dir='ltr'><strong>religione</strong></span> <span class='ocrx_word' id='word_1_35' title='bbox 685 847 1103 937; x_wconf 88' lang='lat' dir='ltr'>coluerunt,</span> <span class='ocrx_word' id='word_1_36' title='bbox 1145 853 1619 949; x_wconf 85' lang='lat' dir='ltr'>perverteris?</span> <span class='ocrx_word' id='word_1_37' title='bbox 1662 874 1825 947; x_wconf 87' lang='lat' dir='ltr'>quae</span> <span class='ocrx_word' id='word_1_38' title='bbox 1853 847 2175 946; x_wconf 90' lang='lat' dir='ltr'>denique</span> <span class='ocrx_word' id='word_1_39' title='bbox 2220 851 2459 921; x_wconf 80' lang='lat' dir='ltr'>nostri</span> 
     </span>
     <span class='ocr_line' id='line_1_7' title="bbox 305 957 2459 1056; baseline 0.001 -29"><span class='ocrx_word' id='word_1_40' title='bbox 305 958 614 1053; x_wconf 84' lang='lat' dir='ltr'>majores</span> <span class='ocrx_word' id='word_1_41' title='bbox 671 971 815 1028; x_wconf 84' lang='lat' dir='ltr'>tam</span> <span class='ocrx_word' id='word_1_42' title='bbox 867 973 1110 1030; x_wconf 84' lang='lat' dir='ltr'>sancta</span> <span class='ocrx_word' id='word_1_43' title='bbox 1171 960 1574 1047; x_wconf 86' lang='lat' dir='ltr'>duxerunt,</span> <span class='ocrx_word' id='word_1_44' title='bbox 1628 974 1755 1047; x_wconf 91' lang='lat' dir='ltr'>ut,</span> <span class='ocrx_word' id='word_1_45' title='bbox 1824 983 2054 1056; x_wconf 88' lang='lat' dir='ltr'>quum</span> <span class='ocrx_word' id='word_1_46' title='bbox 2108 957 2459 1030; x_wconf 87' lang='lat' dir='ltr'>refertam</span> 
     </span>
     <span class='ocr_line' id='line_1_8' title="bbox 305 1065 2459 1166; baseline 0.001 -28"><span class='ocrx_word' id='word_1_47' title='bbox 305 1065 564 1138; x_wconf 89' lang='lat' dir='ltr'>urbem</span> <span class='ocrx_word' id='word_1_48' title='bbox 602 1082 822 1166; x_wconf 90' lang='lat' dir='ltr'>atque</span> <span class='ocrx_word' id='word_1_49' title='bbox 853 1069 1129 1141; x_wconf 83' lang='lat' dir='ltr'>Italiam</span> <span class='ocrx_word' id='word_1_50' title='bbox 1161 1068 1498 1143; x_wconf 87' lang='lat' dir='ltr'>fanorum</span> <span class='ocrx_word' id='word_1_51' title='bbox 1534 1069 2006 1157; x_wconf 87' lang='lat' dir='ltr'>haberemus,</span> <span class='ocrx_word' id='word_1_52' title='bbox 2042 1083 2297 1140; x_wconf 86' lang='lat' dir='ltr'>tamen</span> <span class='ocrx_word' id='word_1_53' title='bbox 2330 1095 2459 1141; x_wconf 86' lang='lat' dir='ltr'>no—</span> 
     </span>
     <span class='ocr_line' id='line_1_9' title="bbox 307 1178 2459 1280; baseline -0 -29"><span class='ocrx_word' id='word_1_54' title='bbox 307 1179 435 1251; x_wconf 84' lang='lat' dir='ltr'>stri</span> <span class='ocrx_word' id='word_1_55' title='bbox 470 1181 942 1276; x_wconf 88' lang='lat' dir='ltr'>imperatores</span> <span class='ocrx_word' id='word_1_56' title='bbox 967 1181 1293 1252; x_wconf 83' lang='lat' dir='ltr'>maximis</span> <span class='ocrx_word' id='word_1_57' title='bbox 1320 1196 1393 1253; x_wconf 91' lang='lat' dir='ltr'>et</span> <span class='ocrx_word' id='word_1_58' title='bbox 1416 1180 2033 1280; x_wconf 81' lang='lat' dir='ltr'>periculosissimis</span> <span class='ocrx_word' id='word_1_59' title='bbox 2046 1178 2257 1251; x_wconf 87' lang='lat' dir='ltr'>bellis</span> <span class='ocrx_word' id='word_1_60' title='bbox 2286 1180 2459 1250; x_wconf 90' lang='lat' dir='ltr'>huic</span> 
     </span>
     <span class='ocr_line' id='line_1_10' title="bbox 305 1287 2456 1392; baseline 0.001 -33"><span class='ocrx_word' id='word_1_61' title='bbox 305 1287 458 1359; x_wconf 82' lang='lat' dir='ltr'>deae</span> <span class='ocrx_word' id='word_1_62' title='bbox 488 1303 658 1361; x_wconf 80' lang='lat' dir='ltr'>vota</span> <span class='ocrx_word' id='word_1_63' title='bbox 692 1287 1048 1379; x_wconf 85' lang='lat' dir='ltr'>facerent,</span> <span class='ocrx_word' id='word_1_64' title='bbox 1086 1317 1317 1388; x_wconf 89' lang='lat' dir='ltr'>eaque</span> <span class='ocrx_word' id='word_1_65' title='bbox 1353 1294 1426 1362; x_wconf 89' lang='lat' dir='ltr'>in</span> <span class='ocrx_word' id='word_1_66' title='bbox 1470 1295 1629 1392; x_wconf 89' lang='lat' dir='ltr'>ipso</span> <span class='ocrx_word' id='word_1_67' title='bbox 1670 1293 2094 1364; x_wconf 87' lang='lat' dir='ltr'>Pessinunte</span> <span class='ocrx_word' id='word_1_68' title='bbox 2128 1290 2222 1362; x_wconf 93' lang='lat' dir='ltr'>ad</span> <span class='ocrx_word' id='word_1_69' title='bbox 2256 1289 2456 1363; x_wconf 86' lang='lat' dir='ltr'>illam</span> 
     </span>
     <span class='ocr_line' id='line_1_11' title="bbox 307 1398 2455 1499; baseline 0.002 -32"><span class='ocrx_word' id='word_1_70' title='bbox 307 1398 537 1495; x_wconf 85' lang='lat' dir='ltr'>ipsam</span> <span class='ocrx_word' id='word_1_71' title='bbox 573 1403 973 1499; x_wconf 86' lang='lat' dir='ltr'>principem</span> <span class='ocrx_word' id='word_1_72' title='bbox 1013 1427 1246 1488; x_wconf 88' lang='lat' dir='ltr'>aram,</span> <span class='ocrx_word' id='word_1_73' title='bbox 1300 1417 1374 1474; x_wconf 91' lang='lat' dir='ltr'>et</span> <span class='ocrx_word' id='word_1_74' title='bbox 1414 1403 1489 1472; x_wconf 89' lang='lat' dir='ltr'>in</span> <span class='ocrx_word' id='word_1_75' title='bbox 1529 1402 1653 1474; x_wconf 87' lang='lat' dir='ltr'>illo</span> <span class='ocrx_word' id='word_1_76' title='bbox 1700 1401 1865 1476; x_wconf 89' lang='lat' dir='ltr'>loco</span> <span class='ocrx_word' id='word_1_77' title='bbox 1912 1399 2235 1499; x_wconf 83' lang='lat' dir='ltr'>fanoque</span> <span class='ocrx_word' id='word_1_78' title='bbox 2288 1425 2455 1498; x_wconf 90' lang='lat' dir='ltr'>per·</span> 
     </span>
     <span class='ocr_line' id='line_1_12' title="bbox 307 1509 695 1582; baseline 0.008 -3"><span class='ocrx_word' id='word_1_79' title='bbox 307 1509 695 1582; x_wconf 82' lang='lat' dir='ltr'>solverent.</span> 
     </span>
    </p>

    <p class='ocr_par' dir='ltr' id='par_1_3' title="bbox 241 1620 2459 2711">
     <span class='ocr_line' id='line_1_13' title="bbox 405 1620 2457 1722; baseline 0.001 -32"><span class='ocrx_word' id='word_1_80' title='bbox 405 1620 625 1710; x_wconf 89' lang='lat' dir='ltr'>Quod</span> <span class='ocrx_word' id='word_1_81' title='bbox 652 1645 884 1717; x_wconf 86' lang='lat' dir='ltr'>quum</span> <span class='ocrx_word' id='word_1_82' title='bbox 905 1621 1290 1715; x_wconf 85' lang='lat' dir='ltr'>Dejotarus</span> <span class='ocrx_word' id='word_1_83' title='bbox 1326 1621 1673 1722; x_wconf 85' lang='lat' dir='ltr'>religione</span> <span class='ocrx_word' id='word_1_84' title='bbox 1710 1647 1841 1694; x_wconf 90' lang='lat' dir='ltr'>sua</span> <span class='ocrx_word' id='word_1_85' title='bbox 1876 1625 2269 1693; x_wconf 85' lang='lat' dir='ltr'>castissime</span> <span class='ocrx_word' id='word_1_86' title='bbox 2304 1633 2457 1692; x_wconf 86' lang='lat' dir='ltr'>tue-</span> 
     </span>
     <span class='ocr_line' id='line_1_14' title="bbox 313 1727 2453 1828; baseline 0 -30"><span class='ocrx_word' id='word_1_87' title='bbox 313 1741 552 1821; x_wconf 84' lang='lat' dir='ltr'>retur,</span> <span class='ocrx_word' id='word_1_88' title='bbox 595 1755 816 1828; x_wconf 90' lang='lat' dir='ltr'>quem</span> <span class='ocrx_word' id='word_1_89' title='bbox 853 1757 1084 1803; x_wconf 89' lang='lat' dir='ltr'>unum</span> <span class='ocrx_word' id='word_1_90' title='bbox 1125 1731 1481 1804; x_wconf 85' lang='lat' dir='ltr'>habemus</span> <span class='ocrx_word' id='word_1_91' title='bbox 1524 1733 1602 1802; x_wconf 89' lang='lat' dir='ltr'>in</span> <span class='ocrx_word' id='word_1_92' title='bbox 1645 1731 1825 1804; x_wconf 91' lang='lat' dir='ltr'>orbe</span> <span class='ocrx_word' id='word_1_93' title='bbox 1867 1745 2225 1802; x_wconf 86' lang='lat' dir='ltr'>terrarum</span> <span class='ocrx_word' id='word_1_94' title='bbox 2266 1727 2453 1800; x_wconf 82' lang='lat' dir='ltr'>fide-</span> 
     </span>
     <span class='ocr_line' id='line_1_15' title="bbox 308 1838 2457 1940; baseline -0.001 -30"><span class='ocrx_word' id='word_1_95' title='bbox 308 1838 658 1911; x_wconf 88' lang='lat' dir='ltr'>lissimum</span> <span class='ocrx_word' id='word_1_96' title='bbox 707 1841 879 1912; x_wconf 90' lang='lat' dir='ltr'>huic</span> <span class='ocrx_word' id='word_1_97' title='bbox 946 1844 1255 1940; x_wconf 89' lang='lat' dir='ltr'>imperio</span> <span class='ocrx_word' id='word_1_98' title='bbox 1317 1857 1535 1939; x_wconf 86' lang='lat' dir='ltr'>atque</span> <span class='ocrx_word' id='word_1_99' title='bbox 1601 1841 2169 1912; x_wconf 84' lang='lat' dir='ltr'>amantissimum</span> <span class='ocrx_word' id='word_1_100' title='bbox 2226 1839 2457 1910; x_wconf 87' lang='lat' dir='ltr'>nostri</span> 
     </span>
     <span class='ocr_line' id='line_1_16' title="bbox 311 1949 2455 2048; baseline -0.001 -28"><span class='ocrx_word' id='word_1_101' title='bbox 311 1949 728 2037; x_wconf 79' lang='lat' dir='ltr'>nominis93</span> <span class='ocrx_word' id='word_1_102' title='bbox 775 1953 1188 2048; x_wconf 83' lang='lat' dir='ltr'>Brogitaro,</span> <span class='ocrx_word' id='word_1_103' title='bbox 1229 1965 1313 2023; x_wconf 90' lang='lat' dir='ltr'>ut</span> <span class='ocrx_word' id='word_1_104' title='bbox 1357 1965 1526 2022; x_wconf 87' lang='lat' dir='ltr'>ante</span> <span class='ocrx_word' id='word_1_105' title='bbox 1570 1951 1759 2036; x_wconf 86' lang='lat' dir='ltr'>dixi,</span> <span class='ocrx_word' id='word_1_106' title='bbox 1818 1950 2193 2022; x_wconf 88' lang='lat' dir='ltr'>addictum</span> <span class='ocrx_word' id='word_1_107' title='bbox 2234 1973 2455 2047; x_wconf 88' lang='lat' dir='ltr'>pecu·</span> 
     </span>
     <span class='ocr_line' id='line_1_17' title="bbox 311 2004 2457 2158; baseline 0 -30"><span class='ocrx_word' id='word_1_108' title='bbox 311 2065 431 2129; x_wconf 91' lang='lat' dir='ltr'>nia</span> <span class='ocrx_word' id='word_1_109' title='bbox 467 2004 841 2131; x_wconf 86' lang='lat' dir='ltr'>tradidisti.</span> <span class='ocrx_word' id='word_1_110' title='bbox 881 2068 1122 2158; x_wconf 89' lang='lat' dir='ltr'>Atque</span> <span class='ocrx_word' id='word_1_111' title='bbox 1156 2061 1359 2133; x_wconf 91' lang='lat' dir='ltr'>hune</span> <span class='ocrx_word' id='word_1_112' title='bbox 1395 2077 1637 2133; x_wconf 85' lang='lat' dir='ltr'>tamen</span> <span class='ocrx_word' id='word_1_113' title='bbox 1680 2061 2141 2156; x_wconf 86' lang='lat' dir='ltr'>Dejotarum,</span> <span class='ocrx_word' id='word_1_114' title='bbox 2182 2083 2378 2157; x_wconf 82' lang='lat' dir='ltr'>saepe</span> <span class='ocrx_word' id='word_1_115' title='bbox 2420 2083 2457 2129; x_wconf 83' lang='lat' dir='ltr'>a</span> 
     </span>
     <span class='ocr_line' id='line_1_18' title="bbox 311 2168 2455 2268; baseline 0 -29"><span class='ocrx_word' id='word_1_116' title='bbox 311 2182 568 2240; x_wconf 84' lang='lat' dir='ltr'>senatu</span> <span class='ocrx_word' id='word_1_117' title='bbox 607 2170 830 2268; x_wconf 86' lang='lat' dir='ltr'>regali</span> <span class='ocrx_word' id='word_1_118' title='bbox 886 2173 1185 2244; x_wconf 88' lang='lat' dir='ltr'>nomine</span> <span class='ocrx_word' id='word_1_119' title='bbox 1229 2170 1529 2268; x_wconf 85' lang='lat' dir='ltr'>dignum</span> <span class='ocrx_word' id='word_1_120' title='bbox 1575 2171 2097 2256; x_wconf 86' lang='lat' dir='ltr'>existimatum,</span> <span class='ocrx_word' id='word_1_121' title='bbox 2153 2168 2455 2240; x_wconf 86' lang='lat' dir='ltr'>clarissi-</span> 
     </span>
     <span class='ocr_line' id='line_1_19' title="bbox 311 2283 2458 2391; baseline -0 -38"><span class='ocrx_word' id='word_1_122' title='bbox 311 2302 599 2353; x_wconf 86' lang='lat' dir='ltr'>morum</span> <span class='ocrx_word' id='word_1_123' title='bbox 637 2283 1156 2391; x_wconf 86' lang='lat' dir='ltr'>imperatorum</span> <span class='ocrx_word' id='word_1_124' title='bbox 1211 2284 1640 2353; x_wconf 88' lang='lat' dir='ltr'>testimoniis</span> <span class='ocrx_word' id='word_1_125' title='bbox 1688 2296 2066 2366; x_wconf 87' lang='lat' dir='ltr'>ornatum,</span> <span class='ocrx_word' id='word_1_126' title='bbox 2110 2295 2197 2350; x_wconf 89' lang='lat' dir='ltr'>tu</span> <span class='ocrx_word' id='word_1_127' title='bbox 2240 2284 2458 2352; x_wconf 89' lang='lat' dir='ltr'>etiam</span> 
     </span>
     <span class='ocr_line' id='line_1_20' title="bbox 241 2371 2459 2491; baseline 0 -33"><span class='ocrx_word' id='word_1_128' title='bbox 241 2383 254 2397; x_wconf 84' lang='grc'><strong>’</strong></span> <span class='ocrx_word' id='word_1_129' title='bbox 313 2411 554 2486; x_wconf 85' lang='lat' dir='ltr'>regem</span> <span class='ocrx_word' id='word_1_130' title='bbox 587 2392 930 2488; x_wconf 84' lang='lat' dir='ltr'>appellari</span> <span class='ocrx_word' id='word_1_131' title='bbox 955 2416 1123 2463; x_wconf 88' lang='lat' dir='ltr'>cum</span> <span class='ocrx_word' id='word_1_132' title='bbox 1150 2395 1524 2491; x_wconf 86' lang='lat' dir='ltr'>Brogitaro</span> <span class='ocrx_word' id='word_1_133' title='bbox 1544 2371 1779 2488; x_wconf 82' lang='lat' dir='ltr'>jubes,</span> <span class='ocrx_word' id='word_1_134' title='bbox 1810 2389 1951 2463; x_wconf 89' lang='lat' dir='ltr'>Sed</span> <span class='ocrx_word' id='word_1_135' title='bbox 1976 2388 2157 2461; x_wconf 85' lang='lat' dir='ltr'>alter</span> <span class='ocrx_word' id='word_1_136' title='bbox 2188 2402 2305 2461; x_wconf 90' lang='lat' dir='ltr'>est</span> <span class='ocrx_word' id='word_1_137' title='bbox 2336 2414 2459 2461; x_wconf 83' lang='lat' dir='ltr'>rex</span> 
     </span>
     <span class='ocr_line' id='line_1_21' title="bbox 308 2497 2459 2601; baseline 0 -32"><span class='ocrx_word' id='word_1_138' title='bbox 308 2497 585 2591; x_wconf 84' lang='lat' dir='ltr'>judicio</span> <span class='ocrx_word' id='word_1_139' title='bbox 628 2514 919 2572; x_wconf 84' lang='lat' dir='ltr'>senatus</span> <span class='ocrx_word' id='word_1_140' title='bbox 969 2526 1100 2599; x_wconf 91' lang='lat' dir='ltr'>per</span> <span class='ocrx_word' id='word_1_141' title='bbox 1141 2527 1311 2589; x_wconf 80' lang='lat' dir='ltr'>nos3</span> <span class='ocrx_word' id='word_1_142' title='bbox 1370 2506 1680 2601; x_wconf 87' lang='lat' dir='ltr'>pecunia</span> <span class='ocrx_word' id='word_1_143' title='bbox 1726 2500 2139 2599; x_wconf 86' lang='lat' dir='ltr'>Brogitarus</span> <span class='ocrx_word' id='word_1_144' title='bbox 2200 2522 2342 2597; x_wconf 88' lang='lat' dir='ltr'>per</span> <span class='ocrx_word' id='word_1_145' title='bbox 2390 2514 2459 2569; x_wconf 87' lang='lat' dir='ltr'>te</span> 
     </span>
     <span class='ocr_line' id='line_1_22' title="bbox 309 2607 2457 2711; baseline 0.002 -35"><span class='ocrx_word' id='word_1_146' title='bbox 309 2607 754 2704; x_wconf 85' lang='lat' dir='ltr'>appellatus:</span> <span class='ocrx_word' id='word_1_147' title='bbox 779 2610 1084 2682; x_wconf 86' lang='lat' dir='ltr'>alterum</span> <span class='ocrx_word' id='word_1_148' title='bbox 1110 2610 1388 2711; x_wconf 90' lang='lat' dir='ltr'>putabo</span> <span class='ocrx_word' id='word_1_149' title='bbox 1408 2636 1649 2710; x_wconf 85' lang='lat' dir='ltr'>regem</span> <span class='ocrx_word' id='word_1_150' title='bbox 1670 2620 1757 2699; x_wconf 82' lang='lat'>¹⁰,</span> <span class='ocrx_word' id='word_1_151' title='bbox 1786 2614 1845 2682; x_wconf 92' lang='lat' dir='ltr'>si</span> <span class='ocrx_word' id='word_1_152' title='bbox 1868 2608 2207 2681; x_wconf 89' lang='lat' dir='ltr'>habuerit</span> <span class='ocrx_word' id='word_1_153' title='bbox 2222 2663 2243 2697; x_wconf 87' lang='lat'>‚</span> <span class='ocrx_word' id='word_1_154' title='bbox 2258 2609 2457 2681; x_wconf 88' lang='lat' dir='ltr'>unde</span> 
     </span>
    </p>
   </div>
   <div class='ocr_carea' id='block_1_3' title="bbox 309 2836 1343 4078">
    <p class='ocr_par' dir='ltr' id='par_1_4' title="bbox 311 2836 1343 3064">
     <span class='ocr_line' id='line_1_23' title="bbox 312 2836 1343 2905; baseline 0.004 -20"><span class='ocrx_word' id='word_1_155' title='bbox 312 2836 555 2901; x_wconf 72' lang='lat' dir='ltr'>ligiouum</span> <span class='ocrx_word' id='word_1_156' title='bbox 596 2838 852 2888; x_wconf 76' lang='lat' dir='ltr'>venditum</span> <span class='ocrx_word' id='word_1_157' title='bbox 905 2840 1113 2904; x_wconf 73' lang='lat' dir='ltr'>pecunia</span> <span class='ocrx_word' id='word_1_158' title='bbox 1170 2840 1343 2905; x_wconf 70' lang='lat' dir='ltr'>grandi</span> 
     </span>
     <span class='ocr_line' id='line_1_24' title="bbox 313 2918 1342 2986; baseline 0.004 -20"><span class='ocrx_word' id='word_1_159' title='bbox 313 2918 569 2981; x_wconf 72' lang='lat' dir='ltr'>Brogitaro</span> <span class='ocrx_word' id='word_1_160' title='bbox 588 2953 604 2979; x_wconf 86' lang='lat'><em>‚</em></span> <span class='ocrx_word' id='word_1_161' title='bbox 635 2919 834 2983; x_wconf 81' lang='lat' dir='ltr'>impuro</span> <span class='ocrx_word' id='word_1_162' title='bbox 863 2918 1056 2969; x_wconf 86' lang='lat' dir='ltr'>bomini</span> <span class='ocrx_word' id='word_1_163' title='bbox 1084 2932 1231 2986; x_wconf 75' lang='lat' dir='ltr'>atque</span> <span class='ocrx_word' id='word_1_164' title='bbox 1259 2922 1342 2970; x_wconf 83' lang='lat' dir='ltr'>iu·</span> 
     </span>
     <span class='ocr_line' id='line_1_25' title="bbox 311 2997 884 3064; baseline 0.003 -17"><span class='ocrx_word' id='word_1_165' title='bbox 311 2998 466 3064; x_wconf 72' lang='lat' dir='ltr'>digno</span> <span class='ocrx_word' id='word_1_166' title='bbox 488 2997 573 3046; x_wconf 73' lang='lat' dir='ltr'>ina</span> <span class='ocrx_word' id='word_1_167' title='bbox 600 2998 884 3063; x_wconf 69' lang='lat' dir='ltr'>religionen.</span> 
     </span>
    </p>

    <p class='ocr_par' dir='ltr' id='par_1_5' title="bbox 309 3078 1339 3377">
     <span class='ocr_line' id='line_1_26' title="bbox 387 3078 1339 3139; baseline -0.001 -12"><span class='ocrx_word' id='word_1_168' title='bbox 387 3094 434 3139; x_wconf 83' lang='lat'>7.</span> <span class='ocrx_word' id='word_1_169' title='bbox 453 3080 653 3127; x_wconf 75' lang='lat' dir='ltr'>Lucum.</span> <span class='ocrx_word' id='word_1_170' title='bbox 673 3078 846 3127; x_wconf 76' lang='lat' dir='ltr'>Mallet</span> <span class='ocrx_word' id='word_1_171' title='bbox 873 3078 1187 3137; x_wconf 71' lang='lat' dir='ltr'>Gai-nonius,</span> <span class='ocrx_word' id='word_1_172' title='bbox 1209 3078 1339 3128; x_wconf 82' lang='lat' dir='ltr'>Gui-</span> 
     </span>
     <span class='ocr_line' id='line_1_27' title="bbox 317 3156 1336 3222; baseline 0.003 -18"><span class='ocrx_word' id='word_1_173' title='bbox 317 3156 483 3205; x_wconf 73' lang='lat' dir='ltr'>lelmio</span> <span class='ocrx_word' id='word_1_174' title='bbox 547 3158 840 3219; x_wconf 72' lang='lat' dir='ltr'>conjiciente</span> <span class='ocrx_word' id='word_1_175' title='bbox 857 3192 873 3217; x_wconf 90' lang='lat'><strong>,</strong></span> <span class='ocrx_word' id='word_1_176' title='bbox 932 3158 1130 3216; x_wconf 65' lang='lat' dir='ltr'>lucan-3</span> <span class='ocrx_word' id='word_1_177' title='bbox 1195 3157 1336 3222; x_wconf 81' lang='lat' dir='ltr'>quod</span> 
     </span>
     <span class='ocr_line' id='line_1_28' title="bbox 309 3236 1335 3303; baseline 0.001 -20"><span class='ocrx_word' id='word_1_178' title='bbox 309 3236 434 3283; x_wconf 71' lang='lat' dir='ltr'>male</span> <span class='ocrx_word' id='word_1_179' title='bbox 471 3244 632 3283; x_wconf 74' lang='lat' dir='ltr'>tamen</span> <span class='ocrx_word' id='word_1_180' title='bbox 674 3246 786 3285; x_wconf 77' lang='lat' dir='ltr'>ante</span> <span class='ocrx_word' id='word_1_181' title='bbox 795 3236 988 3303; x_wconf 79' lang='lat' dir='ltr'>fanum</span> <span class='ocrx_word' id='word_1_182' title='bbox 1012 3237 1228 3300; x_wconf 77' lang='lat' dir='ltr'>positum</span> <span class='ocrx_word' id='word_1_183' title='bbox 1257 3239 1335 3285; x_wconf 79' lang='lat' dir='ltr'>vi-</span> 
     </span>
     <span class='ocr_line' id='line_1_29' title="bbox 309 3313 610 3377; baseline 0 -16"><span class='ocrx_word' id='word_1_184' title='bbox 309 3313 418 3361; x_wconf 72' lang='lat' dir='ltr'>deri</span> <span class='ocrx_word' id='word_1_185' title='bbox 439 3314 610 3377; x_wconf 76' lang='lat' dir='ltr'>possit.</span> 
     </span>
    </p>

    <p class='ocr_par' dir='ltr' id='par_1_6' title="bbox 309 3391 1341 4078">
     <span class='ocr_line' id='line_1_30' title="bbox 382 3391 1332 3444; baseline 0.004 -4"><span class='ocrx_word' id='word_1_186' title='bbox 382 3392 435 3441; x_wconf 80' lang='lat'>8.</span> <span class='ocrx_word' id='word_1_187' title='bbox 455 3391 782 3443; x_wconf 75' lang='lat' dir='ltr'>Sacerdotem.</span> <span class='ocrx_word' id='word_1_188' title='bbox 807 3394 983 3443; x_wconf 71' lang='lat' dir='ltr'>Strabo</span> <span class='ocrx_word' id='word_1_189' title='bbox 1007 3393 1123 3444; x_wconf 83' lang='lat' dir='ltr'>loeo</span> <span class='ocrx_word' id='word_1_190' title='bbox 1151 3394 1332 3444; x_wconf 68' lang='lat' dir='ltr'>eit-to:</span> 
     </span>
     <span class='ocr_line' id='line_1_31' title="bbox 309 3466 1333 3544; baseline 0.001 -19"><span class='ocrx_word' id='word_1_191' title='bbox 309 3470 374 3525; x_wconf 75' lang='lat' dir='ltr'>Oi</span> <span class='ocrx_word' id='word_1_192' title='bbox 405 3466 468 3525; x_wconf 62' lang='grc' dir='ltr'>δῦ</span> <span class='ocrx_word' id='word_1_193' title='bbox 500 3471 637 3542; x_wconf 71' lang='grc' dir='ltr'>ἱερεῖς</span> <span class='ocrx_word' id='word_1_194' title='bbox 665 3472 721 3524; x_wconf 76' lang='grc' dir='ltr'>τὸ</span> <span class='ocrx_word' id='word_1_195' title='bbox 750 3474 958 3526; x_wconf 73' lang='grc' dir='ltr'>παλαιὸν</span> <span class='ocrx_word' id='word_1_196' title='bbox 996 3474 1084 3544; x_wconf 72' lang='grc' dir='ltr'>μὶν</span> <span class='ocrx_word' id='word_1_197' title='bbox 1117 3468 1333 3534; x_wconf 56' lang='lat' dir='ltr'>&amp;nvn-at</span> 
     </span>
     <span class='ocr_line' id='line_1_32' title="bbox 311 3546 1338 3625; baseline 0.004 -22"><span class='ocrx_word' id='word_1_198' title='bbox 311 3570 437 3611; x_wconf 77' lang='grc' dir='ltr'>τινις</span> <span class='ocrx_word' id='word_1_199' title='bbox 487 3546 614 3607; x_wconf 72' lang='grc' dir='ltr'>ἦσαν</span> <span class='ocrx_word' id='word_1_200' title='bbox 632 3588 648 3615; x_wconf 82' lang='grc'><strong>,</strong></span> <span class='ocrx_word' id='word_1_201' title='bbox 705 3552 966 3623; x_wconf 54' lang='lat' dir='ltr'>iope-&gt;etium</span> <span class='ocrx_word' id='word_1_202' title='bbox 1011 3555 1338 3625; x_wconf 69' lang='grc' dir='ltr'>καρπούμενοι</span> 
     </span>
     <span class='ocr_line' id='line_1_33' title="bbox 310 3625 1338 3704; baseline 0.003 -20"><span class='ocrx_word' id='word_1_203' title='bbox 310 3632 546 3703; x_wconf 68' lang='grc' dir='ltr'>μεγάλην·</span> <span class='ocrx_word' id='word_1_204' title='bbox 575 3625 749 3685; x_wconf 58' lang='lat' dir='ltr'>*uu-eidi</span> <span class='ocrx_word' id='word_1_205' title='bbox 773 3633 958 3685; x_wconf 73' lang='grc' dir='ltr'><strong>τούτων</strong></span> <span class='ocrx_word' id='word_1_206' title='bbox 986 3632 1036 3684; x_wconf 72' lang='grc' dir='ltr'>αἱ</span> <span class='ocrx_word' id='word_1_207' title='bbox 1058 3633 1200 3704; x_wconf 79' lang='grc' dir='ltr'><strong>τιμαὶ</strong></span> <span class='ocrx_word' id='word_1_208' title='bbox 1213 3635 1338 3687; x_wconf 72' lang='grc' dir='ltr'>πολὺ</span> 
     </span>
     <span class='ocr_line' id='line_1_34' title="bbox 311 3711 1331 3781; baseline 0.008 -27"><span class='ocrx_word' id='word_1_209' title='bbox 311 3716 630 3781; x_wconf 63' lang='grc' dir='ltr'><strong>μςμιῶνται,</strong></span> <span class='ocrx_word' id='word_1_210' title='bbox 658 3734 683 3755; x_wconf 80' lang='grc' dir='ltr'>σι</span> <span class='ocrx_word' id='word_1_211' title='bbox 701 3711 989 3761; x_wconf 61' lang='grc' dir='ltr'>ὃλοθῐᾶοῑθδ</span> <span class='ocrx_word' id='word_1_212' title='bbox 1011 3713 1178 3781; x_wconf 59' lang='lat' dir='ltr'>(flunt</span> <span class='ocrx_word' id='word_1_213' title='bbox 1205 3724 1331 3762; x_wconf 78' lang='lat' dir='ltr'>tem·</span> 
     </span>
     <span class='ocr_line' id='line_1_35' title="bbox 313 3790 1341 3857; baseline 0.005 -21"><span class='ocrx_word' id='word_1_214' title='bbox 313 3790 404 3851; x_wconf 79' lang='lat' dir='ltr'>pli)</span> <span class='ocrx_word' id='word_1_215' title='bbox 430 3790 651 3854; x_wconf 64' lang='lat' dir='ltr'>dynasta</span> <span class='ocrx_word' id='word_1_216' title='bbox 676 3790 876 3855; x_wconf 82' lang='lat' dir='ltr'>quidem</span> <span class='ocrx_word' id='word_1_217' title='bbox 901 3801 1038 3840; x_wconf 71' lang='lat' dir='ltr'>eraut</span> <span class='ocrx_word' id='word_1_218' title='bbox 1057 3828 1073 3852; x_wconf 88' lang='lat'><strong>,</strong></span> <span class='ocrx_word' id='word_1_219' title='bbox 1109 3806 1341 3857; x_wconf 72' lang='lat' dir='ltr'>magnum</span> 
     </span>
     <span class='ocr_line' id='line_1_36' title="bbox 311 3868 1339 3935; baseline 0.009 -24"><span class='ocrx_word' id='word_1_220' title='bbox 311 3880 375 3911; x_wconf 79' lang='lat' dir='ltr'>ex</span> <span class='ocrx_word' id='word_1_221' title='bbox 411 3868 682 3917; x_wconf 69' lang='lat' dir='ltr'>sacerdotio</span> <span class='ocrx_word' id='word_1_222' title='bbox 721 3870 932 3918; x_wconf 77' lang='lat' dir='ltr'>fructum</span> <span class='ocrx_word' id='word_1_223' title='bbox 971 3872 1296 3935; x_wconf 68' lang='lat' dir='ltr'>percipientes</span> <span class='ocrx_word' id='word_1_224' title='bbox 1322 3906 1339 3931; x_wconf 88' lang='lat'><strong><em>‚</em></strong></span> 
     </span>
     <span class='ocr_line' id='line_1_37' title="bbox 314 3941 1339 4011; baseline 0.011 -24"><span class='ocrx_word' id='word_1_225' title='bbox 314 3941 526 4005; x_wconf 75' lang='lat' dir='ltr'>antiquis</span> <span class='ocrx_word' id='word_1_226' title='bbox 587 3947 906 4011; x_wconf 71' lang='lat' dir='ltr'>temporibus.</span> <span class='ocrx_word' id='word_1_227' title='bbox 953 3948 1100 3996; x_wconf 78' lang='lat' dir='ltr'>Nune</span> <span class='ocrx_word' id='word_1_228' title='bbox 1176 3960 1339 3998; x_wconf 77' lang='lat' dir='ltr'>autem</span> 
     </span>
     <span class='ocr_line' id='line_1_38' title="bbox 313 4018 1334 4078; baseline 0.015 -15"><span class='ocrx_word' id='word_1_229' title='bbox 313 4018 520 4067; x_wconf 73' lang='lat' dir='ltr'>bonores</span> <span class='ocrx_word' id='word_1_230' title='bbox 541 4038 707 4072; x_wconf 82' lang='lat' dir='ltr'>eorum</span> <span class='ocrx_word' id='word_1_231' title='bbox 734 4027 874 4075; x_wconf 79' lang='lat' dir='ltr'>valde</span> <span class='ocrx_word' id='word_1_232' title='bbox 900 4028 1146 4078; x_wconf 81' lang='lat' dir='ltr'>imminuti</span> <span class='ocrx_word' id='word_1_233' title='bbox 1166 4040 1334 4078; x_wconf 73' lang='lat' dir='ltr'>sunt-n.</span> 
     </span>
    </p>
   </div>
   <div class='ocr_carea' id='block_1_4' title="bbox 1426 2840 2457 3225">
    <p class='ocr_par' dir='ltr' id='par_1_7' title="bbox 1426 2840 2457 3225">
     <span class='ocr_line' id='line_1_39' title="bbox 1428 2840 2457 2906; baseline -0.002 -15"><span class='ocrx_word' id='word_1_234' title='bbox 1428 2840 1673 2891; x_wconf 65' lang='lat' dir='ltr'>Clodiano</span> <span class='ocrx_word' id='word_1_235' title='bbox 1716 2850 1935 2906; x_wconf 75' lang='lat' dir='ltr'>tempore</span> <span class='ocrx_word' id='word_1_236' title='bbox 1977 2840 2111 2889; x_wconf 79' lang='lat' dir='ltr'>bunc</span> <span class='ocrx_word' id='word_1_237' title='bbox 2153 2841 2457 2889; x_wconf 68' lang='lat' dir='ltr'>neetdom</span> 
     </span>
     <span class='ocr_line' id='line_1_40' title="bbox 1428 2919 2457 2985; baseline -0.002 -16"><span class='ocrx_word' id='word_1_238' title='bbox 1428 2922 1663 2982; x_wconf 73' lang='lat' dir='ltr'>Deiotaro</span> <span class='ocrx_word' id='word_1_239' title='bbox 1698 2920 1913 2985; x_wconf 62' lang='lat' dir='ltr'>paruisse</span> <span class='ocrx_word' id='word_1_240' title='bbox 1938 2919 2075 2967; x_wconf 74' lang='lat' dir='ltr'>vides</span> <span class='ocrx_word' id='word_1_241' title='bbox 2102 2935 2117 2969; x_wconf 89' lang='lat'><strong>:</strong></span> <span class='ocrx_word' id='word_1_242' title='bbox 2158 2930 2355 2969; x_wconf 77' lang='lat' dir='ltr'>tantun</span> <span class='ocrx_word' id='word_1_243' title='bbox 2378 2920 2457 2968; x_wconf 74' lang='lat' dir='ltr'>ab·</span> 
     </span>
     <span class='ocr_line' id='line_1_41' title="bbox 1426 2998 2456 3065; baseline -0.002 -16"><span class='ocrx_word' id='word_1_244' title='bbox 1426 3010 1525 3059; x_wconf 78' lang='lat' dir='ltr'>est,</span> <span class='ocrx_word' id='word_1_245' title='bbox 1552 3010 1609 3047; x_wconf 82' lang='lat' dir='ltr'>ut</span> <span class='ocrx_word' id='word_1_246' title='bbox 1634 3010 1759 3049; x_wconf 69' lang='lat' dir='ltr'>esset</span> <span class='ocrx_word' id='word_1_247' title='bbox 1776 2999 1882 3065; x_wconf 74' lang='lat' dir='ltr'>ipse</span> <span class='ocrx_word' id='word_1_248' title='bbox 1905 2998 2168 3061; x_wconf 70' lang='lat' dir='ltr'>Deiotarus</span> <span class='ocrx_word' id='word_1_249' title='bbox 2190 3037 2207 3062; x_wconf 89' lang='lat'><strong><em>,</em></strong></span> <span class='ocrx_word' id='word_1_250' title='bbox 2237 2998 2381 3064; x_wconf 80' lang='lat' dir='ltr'>quod</span> <span class='ocrx_word' id='word_1_251' title='bbox 2406 3000 2456 3046; x_wconf 79' lang='lat' dir='ltr'>in</span> 
     </span>
     <span class='ocr_line' id='line_1_42' title="bbox 1427 3078 2455 3143; baseline 0.002 -16"><span class='ocrx_word' id='word_1_252' title='bbox 1427 3089 1638 3127; x_wconf 81' lang='lat' dir='ltr'>mentem</span> <span class='ocrx_word' id='word_1_253' title='bbox 1650 3113 1665 3139; x_wconf 88' lang='lat'>‚</span> <span class='ocrx_word' id='word_1_254' title='bbox 1682 3080 1849 3128; x_wconf 72' lang='lat' dir='ltr'>neseio</span> <span class='ocrx_word' id='word_1_255' title='bbox 1872 3078 2293 3143; x_wconf 76' lang='lat' dir='ltr'>quomodo,venit</span> <span class='ocrx_word' id='word_1_256' title='bbox 2306 3080 2455 3129; x_wconf 71' lang='lat' dir='ltr'>Aba·</span> 
     </span>
     <span class='ocr_line' id='line_1_43' title="bbox 1426 3154 2455 3225; baseline 0 -20"><span class='ocrx_word' id='word_1_257' title='bbox 1426 3160 1527 3206; x_wconf 80' lang='lat' dir='ltr'>mio</span> <span class='ocrx_word' id='word_1_258' title='bbox 1544 3158 1606 3205; x_wconf 74' lang='lat' dir='ltr'>ad</span> <span class='ocrx_word' id='word_1_259' title='bbox 1628 3174 1737 3225; x_wconf 75' lang='lat' dir='ltr'>cap.</span> <span class='ocrx_word' id='word_1_260' title='bbox 1761 3159 1794 3206; x_wconf 85' lang='lat'><strong>6</strong></span> <span class='ocrx_word' id='word_1_261' title='bbox 1825 3174 1921 3223; x_wconf 84' lang='lat' dir='ltr'>pro</span> <span class='ocrx_word' id='word_1_262' title='bbox 1948 3156 2086 3207; x_wconf 77' lang='lat' dir='ltr'>Sext.</span> <span class='ocrx_word' id='word_1_263' title='bbox 2107 3157 2197 3223; x_wconf 84' lang='lat' dir='ltr'>qui</span> <span class='ocrx_word' id='word_1_264' title='bbox 2220 3154 2365 3205; x_wconf 74' lang='lat' dir='ltr'>loeus</span> <span class='ocrx_word' id='word_1_265' title='bbox 2388 3170 2455 3206; x_wconf 71' lang='lat' dir='ltr'>eut</span> 
     </span>
    </p>
   </div>
   <div class='ocr_carea' id='block_1_5' title="bbox 1422 3236 1767 3285">
    <p class='ocr_par' dir='ltr' id='par_1_8' title="bbox 1422 3236 1767 3285">
     <span class='ocr_line' id='line_1_44' title="bbox 1422 3236 1767 3285; baseline 0.003 -1"><span class='ocrx_word' id='word_1_266' title='bbox 1422 3236 1767 3285; x_wconf 80' lang='lat' dir='ltr'>conserendus.</span> 
     </span>
    </p>
   </div>
   <div class='ocr_carea' id='block_1_6' title="bbox 1496 3314 2453 3381">
    <p class='ocr_par' dir='ltr' id='par_1_9' title="bbox 1496 3314 2453 3381">
     <span class='ocr_line' id='line_1_45' title="bbox 1496 3314 2453 3381; baseline -0.001 -17"><span class='ocrx_word' id='word_1_267' title='bbox 1496 3330 1545 3381; x_wconf 84' lang='lat'>9.</span> <span class='ocrx_word' id='word_1_268' title='bbox 1588 3315 1991 3365; x_wconf 74' lang='lat' dir='ltr'>Amantissimum</span> <span class='ocrx_word' id='word_1_269' title='bbox 2034 3316 2199 3364; x_wconf 64' lang='lat' dir='ltr'>nostri</span> <span class='ocrx_word' id='word_1_270' title='bbox 2237 3314 2453 3364; x_wconf 66' lang='lat' dir='ltr'>numinis.</span> 
     </span>
    </p>
   </div>
   <div class='ocr_carea' id='block_1_7' title="bbox 1422 3395 1965 3461">
    <p class='ocr_par' dir='ltr' id='par_1_10' title="bbox 1422 3395 1965 3461">
     <span class='ocr_line' id='line_1_46' title="bbox 1422 3395 1965 3461; baseline 0 -15"><span class='ocrx_word' id='word_1_271' title='bbox 1422 3396 1594 3446; x_wconf 60' lang='lat' dir='ltr'>lamb.</span> <span class='ocrx_word' id='word_1_272' title='bbox 1616 3395 1755 3445; x_wconf 75' lang='lat' dir='ltr'>addit</span> <span class='ocrx_word' id='word_1_273' title='bbox 1781 3410 1965 3461; x_wconf 73' lang='lat' dir='ltr'>regem.</span> 
     </span>
    </p>
   </div>
   <div class='ocr_carea' id='block_1_8' title="bbox 1426 3472 2455 3699">
    <p class='ocr_par' dir='ltr' id='par_1_11' title="bbox 1426 3472 2455 3699">
     <span class='ocr_line' id='line_1_47' title="bbox 1500 3472 2454 3541; baseline -0.003 -16"><span class='ocrx_word' id='word_1_274' title='bbox 1500 3490 1581 3526; x_wconf 76' lang='grc' dir='ltr'>ιο.</span> <span class='ocrx_word' id='word_1_275' title='bbox 1608 3474 1832 3525; x_wconf 75' lang='lat' dir='ltr'>Alterum</span> <span class='ocrx_word' id='word_1_276' title='bbox 1844 3474 2031 3541; x_wconf 77' lang='lat' dir='ltr'>putabo</span> <span class='ocrx_word' id='word_1_277' title='bbox 2059 3488 2242 3539; x_wconf 77' lang='lat' dir='ltr'>regem.</span> <span class='ocrx_word' id='word_1_278' title='bbox 2268 3472 2454 3539; x_wconf 65' lang='lat' dir='ltr'>Nape</span> 
     </span>
     <span class='ocr_line' id='line_1_48' title="bbox 1426 3554 2455 3621; baseline -0.002 -16"><span class='ocrx_word' id='word_1_279' title='bbox 1426 3556 1754 3621; x_wconf 75' lang='lat' dir='ltr'>Brogitarum.</span> <span class='ocrx_word' id='word_1_280' title='bbox 1796 3556 1857 3605; x_wconf 84' lang='lat' dir='ltr'>Iu</span> <span class='ocrx_word' id='word_1_281' title='bbox 1900 3570 1960 3603; x_wconf 88' lang='lat' dir='ltr'>eo</span> <span class='ocrx_word' id='word_1_282' title='bbox 2000 3554 2154 3603; x_wconf 81' lang='lat' dir='ltr'>haeret</span> <span class='ocrx_word' id='word_1_283' title='bbox 2198 3554 2455 3610; x_wconf 66' lang='lat' dir='ltr'>Erue-tun,</span> 
     </span>
     <span class='ocr_line' id='line_1_49' title="bbox 1428 3631 2455 3699; baseline -0.004 -16"><span class='ocrx_word' id='word_1_284' title='bbox 1428 3635 1567 3699; x_wconf 82' lang='lat' dir='ltr'>quod</span> <span class='ocrx_word' id='word_1_285' title='bbox 1584 3635 1787 3683; x_wconf 75' lang='lat' dir='ltr'>alterum</span> <span class='ocrx_word' id='word_1_286' title='bbox 1804 3632 2077 3683; x_wconf 79' lang='lat' dir='ltr'>membrum</span> <span class='ocrx_word' id='word_1_287' title='bbox 2098 3631 2272 3681; x_wconf 75' lang='lat' dir='ltr'>deesse</span> <span class='ocrx_word' id='word_1_288' title='bbox 2292 3632 2455 3680; x_wconf 75' lang='lat' dir='ltr'>viden·</span> 
     </span>
    </p>
   </div>
   <div class='ocr_carea' id='block_1_9' title="bbox 1430 3710 2455 3774">
    <p class='ocr_par' dir='ltr' id='par_1_12' title="bbox 1430 3710 2455 3774">
     <span class='ocr_line' id='line_1_50' title="bbox 1430 3710 2455 3774; baseline -0.002 -13"><span class='ocrx_word' id='word_1_289' title='bbox 1430 3724 1531 3774; x_wconf 84' lang='lat' dir='ltr'>tur,</span> <span class='ocrx_word' id='word_1_290' title='bbox 1548 3712 1682 3762; x_wconf 84' lang='lat' dir='ltr'>nude</span> <span class='ocrx_word' id='word_1_291' title='bbox 1707 3714 1914 3763; x_wconf 73' lang='lat' dir='ltr'>Ursinus</span> <span class='ocrx_word' id='word_1_292' title='bbox 1940 3710 2089 3760; x_wconf 73' lang='lat' dir='ltr'>scribi</span> <span class='ocrx_word' id='word_1_293' title='bbox 2106 3710 2317 3772; x_wconf 71' lang='lat' dir='ltr'>iubebat</span> <span class='ocrx_word' id='word_1_294' title='bbox 2346 3732 2373 3752; x_wconf 77' lang='grc' dir='ltr'>ι-</span> <span class='ocrx_word' id='word_1_295' title='bbox 2389 3710 2455 3758; x_wconf 72' lang='lat' dir='ltr'>d·</span> 
     </span>
    </p>
   </div>
   <div class='ocr_carea' id='block_1_10' title="bbox 1430 3790 2546 3865">
    <p class='ocr_par' dir='ltr' id='par_1_13' title="bbox 1430 3790 2546 3865">
     <span class='ocr_line' id='line_1_51' title="bbox 1430 3790 2546 3865; baseline -0.003 -24"><span class='ocrx_word' id='word_1_296' title='bbox 1430 3804 1587 3842; x_wconf 81' lang='lat' dir='ltr'>terum</span> <span class='ocrx_word' id='word_1_297' title='bbox 1624 3808 1846 3857; x_wconf 73' lang='lat' dir='ltr'>semper,</span> <span class='ocrx_word' id='word_1_298' title='bbox 1879 3794 2086 3841; x_wconf 70' lang='lat' dir='ltr'>alterum</span> <span class='ocrx_word' id='word_1_299' title='bbox 2124 3800 2233 3838; x_wconf 81' lang='lat' dir='ltr'>tum</span> <span class='ocrx_word' id='word_1_300' title='bbox 2268 3790 2455 3855; x_wconf 72' lang='lat' dir='ltr'>putabo</span> <span class='ocrx_word' id='word_1_301' title='bbox 2544 3862 2546 3865; x_wconf 12' lang='grc' dir='ltr'><em>Α</em></span> 
     </span>
    </p>
   </div>
   <div class='ocr_carea' id='block_1_11' title="bbox 1430 3868 2457 4094">
    <p class='ocr_par' dir='ltr' id='par_1_14' title="bbox 1430 3868 2457 4094">
     <span class='ocr_line' id='line_1_52' title="bbox 1434 3868 2457 3935; baseline -0.005 -15"><span class='ocrx_word' id='word_1_302' title='bbox 1434 3886 1595 3935; x_wconf 69' lang='lat' dir='ltr'>regem</span> <span class='ocrx_word' id='word_1_303' title='bbox 1614 3894 1655 3919; x_wconf 74' lang='lat' dir='ltr'>n.</span> <span class='ocrx_word' id='word_1_304' title='bbox 1684 3872 1872 3919; x_wconf 84' lang='lat' dir='ltr'>Verum</span> <span class='ocrx_word' id='word_1_305' title='bbox 1906 3870 1972 3918; x_wconf 73' lang='lat' dir='ltr'>nd</span> <span class='ocrx_word' id='word_1_306' title='bbox 2013 3884 2211 3917; x_wconf 72' lang='lat' dir='ltr'>sensum</span> <span class='ocrx_word' id='word_1_307' title='bbox 2238 3868 2366 3917; x_wconf 78' lang='lat' dir='ltr'>nibil</span> <span class='ocrx_word' id='word_1_308' title='bbox 2392 3884 2457 3915; x_wconf 83' lang='lat' dir='ltr'>re-</span> 
     </span>
     <span class='ocr_line' id='line_1_53' title="bbox 1430 3944 2455 4013; baseline 0 -18"><span class='ocrx_word' id='word_1_309' title='bbox 1430 3950 1557 4007; x_wconf 72' lang='lat' dir='ltr'>fert,</span> <span class='ocrx_word' id='word_1_310' title='bbox 1584 3950 1665 3997; x_wconf 83' lang='lat' dir='ltr'>eui</span> <span class='ocrx_word' id='word_1_311' title='bbox 1706 3966 1795 4013; x_wconf 81' lang='lat' dir='ltr'>per</span> <span class='ocrx_word' id='word_1_312' title='bbox 1828 3968 1879 3997; x_wconf 77' lang='lat' dir='ltr'>se</span> <span class='ocrx_word' id='word_1_313' title='bbox 1918 3950 2066 4013; x_wconf 68' lang='lat' dir='ltr'>plano</span> <span class='ocrx_word' id='word_1_314' title='bbox 2110 3944 2237 3996; x_wconf 78' lang='lat' dir='ltr'>nibil</span> <span class='ocrx_word' id='word_1_315' title='bbox 2278 3946 2455 3996; x_wconf 66' lang='lat' dir='ltr'>addere</span> 
     </span>
     <span class='ocr_line' id='line_1_54' title="bbox 1431 4030 1950 4094; baseline -0.004 -16"><span class='ocrx_word' id='word_1_316' title='bbox 1431 4030 1599 4078; x_wconf 83' lang='lat' dir='ltr'>debuit</span> <span class='ocrx_word' id='word_1_317' title='bbox 1628 4030 1733 4094; x_wconf 79' lang='lat' dir='ltr'>ipse</span> <span class='ocrx_word' id='word_1_318' title='bbox 1762 4040 1950 4077; x_wconf 79' lang='lat' dir='ltr'>auctor.</span> 
     </span>
    </p>
   </div>
  </div>
 </body>
</html>
