2594 4537
295 321 433 392 228
694 312 1342 385 MA-RKLANDI
1385 313 1518 381 ET
1564 311 2022 383 GESNERI

294 438 669 532 gnoscendo
712 435 827 501 diu
877 435 1285 522 multumque
1329 451 1618 500 versatus
1666 436 1750 499 sit
1769 484 1787 512 ‚
1826 432 2300 524 ingeniumque
2327 437 2438 499 af·

284 551 448 614 ferat
480 545 795 611 idoneum
832 540 1094 606 diversis
1134 542 1468 630 scripturae
1509 541 1857 630 generibus
1903 540 2394 630 distinguendis
2411 591 2434 624 ,

282 676 490 744 quum
529 652 680 716 istas
724 647 1071 736 sumpserit
1106 646 1176 709 in
1211 649 1480 728 manus,
1519 645 1612 710 sic
1650 646 1909 734 integro
1943 646 2162 710 animo
2205 647 2430 713 lectu-

284 781 396 824 rus
415 807 431 838 ,
474 756 659 844 quasi
690 778 794 820 eas
830 775 1187 840 numquam
1218 767 1366 815 ante
1401 752 1658 841 legisset
1678 799 1696 834 ,
1743 753 2008 841 solaque
2044 753 2430 832 conjectura

287 887 507 930 earum
540 877 871 926 auctorem
894 859 1147 946 assequi
1174 855 1362 920 vellet
1380 903 1399 937 ,
1431 857 1653 944 paucis
1681 857 1932 948 paginis
1955 855 2250 947 perlectis
2277 881 2432 922 sen·

287 991 477 1036 surus
530 969 613 1032 sit
662 989 735 1032 ac
792 966 1049 1055 penitus
1114 962 1562 1028 intellecturus
1581 1011 1602 1044 ‚
1646 964 1940 1051 quemvis
1986 963 2197 1036 alium.
2219 985 2428 1051 quam

286 1077 662 1142 Ciceronem
700 1089 1034 1137 auctorem
1067 1092 1291 1134 earum
1324 1092 1462 1134 esse
1496 1086 1830 1158 oportere3
1865 1070 2163 1158 interque
2203 1093 2310 1134 eas
2357 1087 2430 1133 et

284 1180 743 1258 indubitabiles
790 1179 989 1243 libros
1038 1177 1368 1242 Ciceronis
1422 1193 1678 1241 tantum
1739 1175 2002 1240 differre
2021 1224 2040 1258 ,
2097 1193 2428 1264 quanuun

282 1288 452 1351 inter
494 1286 828 1351 hominem
876 1284 1253 1371 incorrupta
1300 1281 1569 1346 sanitate
1615 1297 1682 1347 et
1729 1282 1952 1372 vigore
2005 1298 2200 1370 atque
2245 1283 2431 1347 inter

285 1415 435 1457 eum
454 1443 471 1475 ,
520 1393 634 1480 qui
670 1388 945 1480 paralysi
972 1405 1210 1486 'captus
1253 1406 1320 1453 et
1359 1387 1726 1454 debilitatus
1770 1404 1889 1453 est.
1929 1387 2056 1453 Sed
2081 1389 2376 1452 animum
2405 1438 2427 1470 ,

285 1516 359 1563 ut
404 1498 575 1579 dixi,
631 1495 892 1586 postulo
936 1493 1271 1583 »integrum
1293 1543 1312 1576 ,
1369 1495 1547 1559 nulla
1591 1493 1944 1584 cupiditate
1997 1511 2386 1583 corruptum
2407 1543 2430 1575 ,

284 1608 422 1670 sine
458 1602 819 1692 'pertinacia
880 1615 1259 1689 sequentem
1282 1649 1302 1683 ,
1365 1623 1780 1690 quocumque
1835 1623 1938 1666 res
2001 1602 2138 1690 ipsa
2200 1599 2426 1664 duoet.

270 1695 439 1777 'Haec
485 1709 691 1797 prima
722 1705 826 1770 lex
862 1722 1002 1770 esto
1024 1755 1041 1787 ,
1076 1729 1219 1794 quae
1240 1752 1258 1787 ,
1289 1723 1369 1770 ut
1399 1707 1674 1771 maxime
1711 1707 2092 1790 necessaria,
2129 1707 2215 1770 ita
2247 1705 2429 1769 diffi-

284 1816 517 1882 cillima
562 1815 905 1878 observatu
959 1812 1081 1876 erit
1120 1812 1223 1893 ei,
1274 1812 1390 1900 qui
1434 1810 1637 1892 judex
1683 1811 1906 1878 sedere
1950 1815 2017 1877 iu
2067 1813 2189 1876 hac
2223 1836 2428 1876 causa

283 1922 581 1986 voluerit.
629 1920 732 1985 Sic
780 1919 997 1982 animo
1034 1919 1343 1982 affectum
1384 1934 1610 1982 nactus
1653 1917 1932 2000 judicem
1955 1968 1974 2002 ,
2017 1919 2428 2008 praelegerim

284 2028 545 2091 brevem
580 2024 796 2089 locum
839 2047 917 2088 ex
954 2039 1115 2108 orat.
1156 2021 1235 2087 de
1268 2023 1546 2113 Harusp.
1577 2047 1744 2113 resp.
1788 2049 1845 2089 c.
1892 2048 1997 2112 27,
2027 2025 2143 2088 ubi
2169 2024 2238 2087 in
2267 2023 2426 2089 Clo-

282 2131 392 2196 dio
422 2127 917 2218 intemperantia
961 2125 1243 2191 libidinis
1278 2125 1738 2193 absurdissima
1782 2130 2262 2216 comparatione
2291 2152 2424 2192 no-

278 2256 451 2305 tatur
480 2261 495 2301 :
547 2267 573 2293 a
596 2235 761 2319 Quis
824 2234 1039 2296 minus
1099 2253 1412 2320 umquam
1471 2235 1760 2323 pepercit
1814 2233 2104 2299 hostium
2153 2235 2381 2299 castris
2404 2284 2424 2317 ,

280 2366 477 2434 quam
518 2342 625 2406 ille
662 2339 967 2403 omnibus
1000 2338 1292 2425 corporis
1323 2338 1427 2421 sui
1457 2339 1796 2426 partibus?
1819 2372 1842 2396 υ
1874 2342 1977 2405 vel
2005 2341 2191 2406 aliam
2213 2391 2232 2425 ,
2269 2365 2424 2430 quae

284 2450 497 2515 statim
532 2446 849 2533 sequitur,
887 2441 1171 2523 ejusdem
1202 2445 1554 2508 venustatis
1577 2447 2153 2533 comparationem:
2193 2479 2219 2503 κ
2249 2448 2424 2530 Quae

282 2554 462 2619 navis
511 2570 828 2637 umquam
872 2548 941 2612 in
982 2545 1251 2612 flumine
1290 2549 1558 2636 publico
1603 2568 1734 2616 tam
1779 2554 2034 2643 vulgata
2068 2554 2382 2618 omnibus
2401 2604 2422 2635 ,

278 2682 475 2749 quam
519 2657 705 2722 istius
753 2671 899 2719 aetas
937 2655 1147 2720 fuitP»
1184 2656 1300 2719 ubi
1341 2656 1536 2719 simul
1568 2673 1730 2721 aetas
1777 2676 2010 2747 praeter
2057 2677 2422 2725 consuetu-

278 2768 498 2831 dinem
552 2764 815 2828 latiuam
868 2786 987 2851 pro
1044 2762 1463 2827 adolescentia
1517 2782 1870 2853 usurpatur
1903 2790 1920 2830 τ
1973 2767 2074 2831 vel
2131 2767 2422 2856 denique

276 2869 563 2953 ejusdem
600 2884 759 2933 orat.
808 2892 864 2932 c.
912 2868 1025 2949 18,
1059 2869 1326 2956 legerim
1361 2869 1500 2934 haec
1531 2893 1711 2959 paene
1749 2872 2040 2937 humano
2079 2895 2279 2938 sensu
2321 2896 2423 2937 ca-

274 2978 517 3043 rentia:
548 3008 574 3034 a
597 2978 697 3040 An
736 2974 855 3039 tibi
898 2974 1163 3037 luminis
1204 2974 1462 3040 obesset
1501 2978 1747 3041 caecitas
1783 2978 1930 3066 plus
1970 3002 2164 3066 quam
2198 2978 2422 3043 libidi-

278 3084 379 3149 nis
402 3084 430 3148 Ξ)
454 3114 480 3141 κ
515 3084 666 3164 His,
716 3082 983 3170 inquam
1006 3128 1025 3162 ,
1080 3096 1146 3143 et
1204 3080 1521 3147 similibus
1571 3082 1860 3149 ridiculis
1913 3086 2249 3149 sententiis
2299 3085 2418 3150 de-

278 3190 648 3255 monstratis
668 3234 686 3268 ,
714 3188 1047 3251 hominem
1086 3186 1208 3250 sibi
1237 3188 1635 3276 relinquam,
1669 3212 2058 3278 causamque
2093 3191 2416 3279 integram

274 3295 479 3386 ipsius
506 3292 962 3359 existimationi
994 3294 1404 3380 permittam:
1437 3310 1501 3358 et
1528 3318 1644 3359 sua
1673 3312 1939 3384 sponte,
1973 3285 2245 3387 opino'r,
2279 3320 2420 3360 me·

278 3424 431 3465 cum
464 3400 788 3480 fatebitur,
822 3398 922 3461 his
956 3397 1118 3461 nihil
1150 3398 1358 3463 inesse
1396 3400 1602 3463 simile
1637 3401 2000 3482 Ciceronis,
2037 3401 2243 3464 immo
2265 3423 2417 3465 om-

278 3530 393 3572 nes
411 3507 527 3570 has
555 3505 824 3592 ineptias
852 3505 1047 3594 longe
1077 3504 1242 3567 infra
1270 3526 1487 3568 sanam
1515 3504 1682 3570 illius
1706 3506 2141 3595 eloquentiam
2165 3508 2412 3593 jacere3

274 3614 561 3700 talesque
596 3631 773 3692 esse,
812 3632 970 3698 quas
991 3658 1009 3693 ,
1048 3608 1510 3699 undecumque
1535 3612 1798 3700 petita5‚
1833 3636 1915 3686 ne
1948 3636 2115 3701 puer
2142 3612 2412 3701 quidem

276 3716 359 3781 de
393 3717 609 3780 schola
629 3764 649 3798 ,
698 3714 809 3803 qui
842 3715 1060 3802 paullo
1102 3720 1416 3780 erectiore
1448 3716 1665 3781 indole
1707 3718 1790 3781 sit
1833 3735 1899 3782 et
1937 3718 2109 3782 bona
2152 3719 2416 3785 institu-

275 3822 455 3885 tione
484 3842 642 3885 usus
664 3867 683 3901 ,
718 3821 857 3895 sine
890 3821 1130 3884 rubore
1160 3844 1281 3909 pro
1316 3820 1446 3884 suis
1467 3821 1802 3887 'venditare
1827 3822 2081 3887 audeat.

362 3925 479 3991 111.
516 3930 603 3992 At
634 3948 843 4014 quum
878 3928 1235 4015 cogitamus
1254 3976 1271 4009 ,
1306 3928 1446 3992 haec
1469 3944 1536 3992 et
1560 3928 1679 3993 alia
1705 3952 1900 4017 quam
1934 3930 2214 4019 plurima
2243 3932 2415 4013 ejus-

270 4032 419 4097 dem
469 4032 704 4120 ineptae
758 4032 1472 4120 affectataeque.formae
1529 4037 1922 4125 specimina,
1965 4060 2112 4126 quae
2150 4039 2217 4102 in
2269 4040 2412 4103 istis
