2594 4537
184 303 2339 332 mmmmmmmmwtmmmm

648 518 801 621 M.
862 517 989 685 T.
1079 512 1904 621 CICERONIS

457 767 2090 948 ORATIONES.

1017 1222 1518 1313 ORATIO

240 1420 425 1523 DE
493 1416 1416 1525 HARUSPICUM
1493 1418 2277 1526 RESPONSIS.

807 1831 1151 1899 ORATIO
1194 1831 1688 1901 TRICESIMA
1701 1884 1716 1899 .

202 1992 730 2111 LHns'rEnno
787 2028 944 2117 die,
990 2043 1233 2127 patres
1282 2032 1674 2128 conscripti
1704 2085 1725 2117 ‚
1809 2058 2040 2129 quum
2102 2058 2218 2105 me
2279 2052 2353 2107 et

202 2159 445 2217 vestra
487 2143 828 2241 dignitas»,
887 2154 959 2212 et
1003 2138 1413 2236 frequentia
1459 2142 1793 2238 equitum
1841 2165 2312 2214 romanorum
2331 2200 2350 2233 ,

203 2254 479 2354 quibus
537 2266 825 2326 senatus
892 2250 1200 2323 dabatur
1221 2262 1242 2295 ¹
1274 2306 1301 2344 Ι,
1355 2273 1794 2350 magnopere
1866 2270 2347 2326 commosset:

204 2367 461 2466 putavi
482 2364 664 2436 mihi
696 2361 1233 2464 reprimendam
1250 2386 1406 2446 esse
1419 2367 1492 2433 P.
1521 2362 1756 2434 Clodii
1777 2361 2260 2461 [impudicam
2279 2361 2352 2462 ²]

204 2475 733 2575 impudentiam
753 2530 772 2564 ,
815 2499 1046 2571 quum
1080 2473 1141 2546 is
1175 2473 1735 2572 publicanorum
1763 2497 2052 2546 causam
2089 2475 2354 2560 stultis-5

207 2587 409 2658 simis
425 2581 454 2629 3
474 2581 1167 2680 interrogationibus
1186 2582 1604 2682 impediret,
1623 2598 1696 2656 et
1721 2590 1795 2656 P.
1825 2585 2145 2658 Tullioni
2170 2591 2351 2684 Syro

208 2710 505 2768 navaret
566 2717 899 2793 operam,
954 2707 1173 2790 atque
1228 2697 1297 2765 ei
1343 2719 1535 2782 sese,
1585 2696 1706 2766 cui
1751 2710 1948 2766 totus
1990 2702 2351 2786 venierat,

209 2808 427 2880 etiam
465 2803 673 2877 vobis
716 2793 1322 2902 inspectantibus,
1359 2804 1784 2876 venditaret.
1828 2809 2082 2903 Itaque
2118 2808 2352 2880 homi-

207 2942 381 2990 nem
435 2915 801 2988 furentem
872 2913 1498 3010 exsultantemque
1557 2915 1924 3002 continui,
1994 2916 2210 2986 simul
2269 2941 2353 2988 ac

208 3025 618 3126 periculum
654 3023 911 3120 judicii
959 3022 1242 3095 intendi
1279 3051 1295 3092 ε
1348 3022 1640 3096 duobus
1696 3023 2054 3122 inceptis4
2113 3025 2353 3098 verbis

209 3159 509 3210 omnem
534 3137 891 3232 impetum
922 3132 1337 3232 gladiatoris
1363 3132 1855 3231 ferociamque
1884 3139 2301 3233 compressi.

279 3359 325 3404 1.
370 3370 417 3402 1.
458 3331 637 3416 Quibus
670 3363 865 3402 senatus
899 3351 1127 3402 dabatur.
1163 3353 1233 3401 Ut
1321 3362 1486 3411 sonet,
1537 3350 1620 3399 alii
1671 3363 2020 3416 expunxerunt
2037 3387 2054 3414 ,
2111 3353 2197 3402 alii
2240 3371 2352 3404 cum

205 3434 497 3485 audirentur
530 3433 876 3481 controversiae
893 3464 910 3491 ‚
956 3447 1065 3494 qnae
1098 3441 1235 3480 erant
1321 3434 1528 3480 Ernesto
1545 3447 1602 3480 nc
1623 3433 1891 3480 Garatonio
1917 3431 2210 3500 inpunitam
2230 3451 2352 3484 con·

206 3516 338 3564 inter
375 3515 528 3579 Syros
549 3546 563 3570 ,
618 3522 669 3560 et
711 3526 817 3560 eam
860 3509 1236 3575 publicanorum
1319 3512 1496 3574 jecere.

206 3593 520 3654 societatem,
551 3607 660 3655 quae
679 3590 879 3655 Syriaca
896 3589 1151 3654 vectigalia
1174 3589 1237 3638 de
1401 3591 1448 3639 3.
1473 3589 1795 3639 Sneltissimaeie.
1817 3587 2211 3641 Absurdissimis.

208 3671 498 3723 censoribus
540 3671 827 3719 redemerat.
870 3671 984 3732 Quo
1021 3668 1101 3717 die
1140 3685 1239 3734 pu·
1401 3678 1450 3726 4.
1467 3670 1664 3718 Duobus
1689 3667 1906 3734 inceptis·
1919 3669 2104 3720 vet-his.
2132 3669 2352 3721 Vixdum

207 3751 419 3802 blicani:
446 3749 601 3816 Syria
636 3750 781 3800 datm
821 3749 969 3798 fuerit
1010 3757 1203 3796 senatus
1220 3781 1237 3808 ‚
1329 3746 1525 3798 duobus
1559 3748 1680 3813 legis
1713 3749 1874 3799 verbis
1901 3750 2122 3814 prolatis.
2151 3752 2232 3799 Sic
2262 3751 2352 3802 inf.

210 3831 346 3882 conf·
368 3830 431 3879 nd
452 3833 515 3894 Q.
529 3833 683 3880 Fratr.
700 3832 750 3877 11
766 3866 781 3890 ,
815 3830 877 3878 13
894 3863 911 3890 ‚
932 3828 1041 3876 init.
1330 3844 1440 3894 cap.
1460 3835 1492 3885 4
1528 3841 1544 3876 ε
1590 3848 1614 3872 ι
1635 3829 1773 3878 Voce
1816 3839 2002 3879 tantum
2048 3830 2190 3896 attigi
2234 3831 2355 3897 legis

284 3927 337 3958 2.
355 3909 687 3974 Impudicam.
723 3910 889 3972 Quum
914 3906 1117 3956 verbum
1143 3905 1241 3956 hoc
1331 3907 1526 3956 initium
1549 3918 1600 3957 et
1621 3905 1830 3972 iudicii3
1857 3910 2074 3959 concidit
2097 3911 2234 3962 inea.
2257 3915 2356 3962 Po-

212 3989 440 4056 sequenti
483 3988 803 4051 conjunctum
850 4003 954 4036 non
1005 3987 1077 4036 ita
1118 3985 1243 4036 bem
1332 3997 1458 4037 terat
1483 3983 1593 4036 eum
1612 4004 1838 4039 accusare
1855 3991 2031 4042 Cicero
2052 3990 2356 4057 devi,qunm

412 4078 531 4146 IV.
586 4091 683 4140 Cic.
696 4105 817 4157 pars
840 4087 1062 4151 secunda,
2011 4101 2104 4172 29
