2594 4537
321 282 459 370 432
950 283 1048 348 Μ.
1102 282 1178 347 Τ.
1236 281 1826 349 CICERONIS

319 406 704 493 scriberet;
747 426 935 474 esses
972 402 1253 490 omnia,
1301 405 1360 471 si
1405 402 1647 472 minus
1691 428 1797 491 re,
1845 418 1918 475 at
1953 402 2193 475 verbis
2236 406 2456 504 legiti-

318 522 456 589 mis
494 526 1010 610 consequutus.
1052 511 1192 583 Sed
1226 537 1377 583 uno
1419 526 1749 610 tempore
1789 516 2165 587 cautiones
2199 518 2462 589 fiebant

319 628 830 728 pecuniarum,
874 620 1151 728 foedera
1188 620 1637 693 feriebantur
1686 626 2274 721 provinciarum¹
2300 685 2321 715 ,
2359 656 2460 701 re-

319 762 487 837 gum
528 734 1093 834 appellationes²
1122 734 1412 805 venales
1441 748 1688 822 erant,
1725 760 2105 807 servorum
2143 740 2462 809 omnium

316 852 603 919 vicatim
641 843 1144 917 celebrabatur
1180 858 1334 914 tota
1379 844 1558 915 urbe
1595 842 2026 945 descriptiO,
2073 848 2354 920 inimici
2397 854 2460 919 in

323 962 623 1058 gratiam
683 951 1382 1027 reconciliabantur-'⁵
1421 1010 1437 1037 ,
1515 958 1817 1055 imperia
1873 958 2463 1032 adscribebantur

320 1095 524 1157 novae
556 1068 997 1165 juventuti4,
1018 1068 1107 1156 Q.
1142 1067 1306 1137 Seio
1345 1090 1706 1137 venenum
1737 1069 2006 1139 misero
2043 1069 2462 1166 parabatur,

322 1178 415 1251 de
453 1185 581 1251 Cn.
636 1178 1017 1273 PompeiO,
1072 1190 1617 1273 propugnatore
1656 1192 1730 1248 et
1777 1178 2078 1249 custode
2133 1181 2462 1279 imperii,

324 1288 831 1363 interficiendo
893 1287 1193 1359 consilia
1266 1286 1643 1357 inibantur
1671 1342 1691 1375 ,
1751 1304 2044 1360 senatus
2127 1315 2224 1362 ne
2299 1290 2460 1390 quid

325 1416 545 1487 esset,
584 1414 663 1471 ut
694 1399 1029 1495 lugerent
1068 1395 1248 1466 boni
1290 1420 1615 1495 semper,
1677 1412 1756 1467 ut
1815 1414 2025 1497 capta
2067 1402 2462 1500 respublica

323 1512 707 1585 consulum
770 1507 1225 1606 proditione,
1292 1510 1360 1577 vi
1429 1507 1807 1607 tribunitia
1861 1526 2256 1583 teneretur.
2309 1517 2462 1582 Haec

324 1647 552 1722 quum
587 1636 740 1709 tot,
778 1634 1125 1715 tantaque
1158 1633 1588 1715 agerentur,
1631 1644 1784 1691 non
1814 1624 2078 1691 mirum
2115 1637 2267 1709 est,
2301 1646 2462 1721 prae·

324 1736 567 1805 sertim
606 1735 684 1801 in
722 1728 970 1801 furore
1008 1731 1229 1798 animi
1267 1743 1340 1800 et
1373 1730 1718 1817 caecitate,
1765 1731 1993 1803 multa
2042 1733 2250 1805 illum
2294 1749 2364 1804 et
2398 1748 2458 1802 te

306 1852 311 1857 ’
326 1844 683 1917 fefellisse.

421 1959 512 2027 At
545 1954 813 2041 videte,
856 1948 1125 2053 quanta
1166 1956 1270 2024 vis
1303 1958 1394 2025 sit
1432 1954 1648 2051 hujus
1684 1958 1982 2054 Papiriae
2021 1956 2239 2055 legiS,
2287 1960 2355 2027 in
2389 1982 2457 2027 re

329 2067 496 2155 tali3
560 2092 709 2137 non
749 2066 1037 2163 qualem
1074 2080 1155 2137 tu
1190 2061 1486 2149 affers⁵‚
1519 2064 1806 2137 sceleris
1843 2067 2136 2164 plenam
2173 2082 2248 2138 et
2281 2066 2457 2138 furo-

322 2180 441 2251 ris.
476 2180 565 2270 Q.
607 2181 957 2265 MarciuS,
1002 2202 1304 2263 censor,
1354 2178 1642 2274 signum
1697 2178 2124 2249 Concordiae
2169 2176 2456 2260 fecerat,

324 2293 547 2391 idque
596 2293 672 2362 in
727 2288 1023 2387 publico
1063 2289 1451 2360 collocarat
1498 2315 1514 2357 :
1565 2289 1705 2368 hoc
1748 2293 2032 2386 signum
2069 2295 2149 2362 C.
2195 2294 2456 2362 Cassius

394 2455 452 2500 L.
496 2468 541 2498 1.
570 2449 774 2497 Foedera
800 2445 1115 2512 feriebantur
1148 2447 1358 2512 provin-

325 2532 533 2581 ciarum.
544 2513 1248 2590 Foederafere'ebanturpro'vin
1254 2526 1358 2573 cia·

328 2629 437 2660 rum
482 2609 544 2657 de
584 2606 818 2656 Clodiana
858 2605 937 2652 illa
982 2621 1093 2652 cum
1147 2606 1357 2664 Pisone,

326 2690 635 2752 Gabinioque
667 2685 948 2733 consulibus
969 2683 1195 2748 pactione
1224 2683 1352 2747 opti-

252 2809 259 2822 .
323 2789 401 2820 me
438 2769 617 2817 dicitur
636 2804 651 2829 ,
680 2781 789 2830 quae
818 2781 964 2829 snpra
992 2780 1103 2828 cap.
1133 2780 1193 2810 Μ
1218 2780 1231 2823 ;
1255 2779 1349 2828 pro

324 2857 461 2902 Sext.
480 2853 546 2898 30
563 2883 579 2908 ,
602 2849 657 2895 in
692 2846 859 2894 Pison.
900 2855 966 2902 ²4
984 2879 999 2902 ,
1020 2855 1113 2892 etc.
1136 2861 1350 2892 comme-

324 2943 559 2982 moratur.
600 2930 772 2992 Neque
815 2926 943 2972 enim
984 2935 1069 2972 ant
1114 2932 1356 2988 repugnat

323 3025 551 3077 tempus,
594 3021 681 3058 aut
717 3006 849 3054 alind
882 3015 1043 3069 potest
1084 3001 1354 3068 significare

323 3093 516 3142 locutio
537 3126 551 3150 ,
586 3105 697 3153 quae
755 3086 806 3132 in
848 3101 951 3131 eam
990 3100 1090 3129 rem
1130 3082 1354 3129 adhiberi

324 3173 567 3237 eleganter
588 3169 713 3216 solet
742 3181 769 3212 a
786 3162 970 3221 Tullio,
986 3177 1146 3224 neque
1166 3162 1215 3208 in
1230 3162 1353 3209 alios

324 3253 453 3302 nuos
467 3248 717 3305 convenit,
732 3245 817 3308 qui
834 3242 1058 3307 pecunia,
1071 3256 1175 3288 non
1187 3257 1354 3304 opera,

326 3333 387 3381 de
406 3330 584 3380 Clodio
598 3324 875 3393 provincias
894 3321 1137 3370 emebant.
1157 3323 1352 3384 Emptio

328 3413 457 3463 enim
477 3420 747 3458 ceterorum
760 3413 861 3449 erat
882 3402 1171 3448 inhonesta:
1194 3399 1354 3448 foedus

328 3505 492 3542 autem
535 3483 791 3534 consulum
830 3492 1071 3546 potestate
1112 3479 1357 3527 consulari

326 3573 579 3623 tribunum
626 3563 783 3628 plebis
830 3561 1165 3622 adjuvantium
1196 3594 1211 3618 ,
1269 3561 1356 3623 qui

324 3649 538 3700 vicissim
570 3644 822 3707 rogatione
857 3639 1111 3688 tribunitia
1150 3639 1356 3702 provin..

326 3735 426 3782 cias
451 3731 513 3776 iis
547 3723 758 3789 optimas
794 3718 932 3766 dedit
972 3717 1215 3765 latissimis
1234 3717 1348 3765 fini-

324 3813 443 3866 bus,
473 3817 619 3869 atque
646 3799 1004 3859 ornatissimas,
1024 3813 1137 3845 cum
1164 3797 1353 3860 ingenti

323 3907 387 3942 ex
405 3885 574 3936 aerario
600 3880 828 3947 pecnnia.
856 3879 1070 3924 Tantum
1096 3876 1235 3924 abeat
1253 3911 1268 3934 ,
1296 3887 1353 3924 ut

322 3967 503 4020 Clodio
546 3961 813 4028 quidquam
856 3956 1082 4005 eonsules
1128 3971 1352 4003 numera-

323 4052 437 4098 rint.
476 4044 595 4093 Loci
618 4049 734 4088 sunt
754 4037 933 4100 plures.
956 4033 1044 4096 qui
1068 4033 1357 4080 sententiam

1449 2445 1692 2494 declarant
1741 2448 1916 2507 hujus,
1963 2447 2272 2512 figuramque
2313 2449 2456 2498 defen·

1447 2523 1573 2572 dunt
1594 2541 1606 2570 :
1633 2541 1726 2589 pro
1751 2527 1884 2573 Sext.
1909 2528 1974 2574 15
1994 2543 2008 2574 :
2037 2544 2230 2590 «quum
2253 2529 2352 2577 dno
2365 2546 2458 2577 con-

1447 2603 1572 2650 sules
1601 2621 1627 2650 a
1655 2622 1757 2668 rep.
1787 2606 2154 2669 provinciarum
2195 2609 2374 2656 foedere
2395 2625 2454 2656 re·

1447 2683 1671 2730 traxisset
1694 2705 1718 2726 a
1752 2699 1765 2732 ι
1793 2684 1968 2733 iisdem
1995 2704 2046 2750 p.
2071 2704 2113 2734 r.
2146 2689 2375 2752 ad Quir.
2403 2689 2456 2737 5:

1444 2783 1466 2803 ι
1497 2763 1863 2826 provinciarum
1909 2766 2094 2813 soedere
2135 2769 2314 2816 irretiti
2335 2791 2358 2809 ι
2395 2767 2458 2813 di-

1443 2853 1657 2890 cuntur:
1691 2853 1794 2890 tum
1823 2844 1873 2890 in
1905 2845 2070 2901 Pison.
2107 2862 2168 2894 η
2199 2860 2213 2892 :
2243 2869 2270 2889 ‹-
2293 2859 2361 2906 ιιι,
2385 2846 2459 2894 sei·

1444 2920 1558 2966 lieet
1578 2920 1729 2969 homo
1759 2923 2046 2986 religiosus,
2073 2935 2121 2972 et
2149 2936 2368 2988 sanctus,
2384 2927 2459 2973 fte-

1443 2998 1538 3046 dus
1555 3033 1568 3056 ,
1599 3001 1734 3063 quod
1773 3017 1884 3049 meo
1909 3005 2144 3067 sanguine
2173 3005 2226 3052 in
2249 3008 2456 3070 pactione

1443 3079 1809 3142 provinciarum
1836 3083 2020 3144 iceras,
2063 3084 2284 3148 frangere
2316 3085 2456 3134 nolui·

1441 3160 1505 3206 sti
1520 3181 1561 3208 n.
1590 3161 1775 3209 Confer
1800 3163 1948 3210 etiarn
1965 3163 2132 3213 locum
2153 3165 2456 3227 prolixiorem

1447 3256 1543 3304 pro
1571 3243 1705 3289 Sext.
1738 3255 1818 3290 ιο.

1517 3335 1563 3369 2.
1621 3321 1808 3384 Regum
1823 3375 1830 3383 ·
1848 3321 2224 3386 appellationes.
2275 3321 2452 3371 Titulos

1447 3415 1614 3463 regum
1644 3399 1756 3463 plus
1782 3400 1995 3448 licitanti
2017 3402 2267 3451 venditos.

1520 3480 1567 3527 3.
1605 3480 2082 3530 Reconciliabantur.
2115 3483 2188 3531 Ut
2213 3484 2265 3530 in
2293 3499 2363 3530 me
2380 3483 2450 3528 im·

1447 3571 1618 3623 petum
1641 3559 1870 3608 facerent.

1463 3672 1470 3680 .
1520 3647 1570 3693 4.
1594 3639 1774 3702 Magna
1803 3638 1887 3686 hic
1917 3642 2124 3688 varietas
2150 3652 2252 3701 est3
2279 3649 2448 3706 praestat

1443 3718 1586 3776 forte,
1606 3718 1743 3781 quod
1763 3716 1956 3768 schiitz.
1979 3731 2096 3784 post
2118 3720 2394 3768 Lambinum
2414 3727 2450 3762 et

1441 3797 1672 3845 Beckium
1692 3797 1852 3860 dedit,
1883 3819 1906 3841 a:
1924 3801 2128 3864 imperia
2145 3799 2452 3848 adscribeban-

1445 3887 1526 3924 tur
1558 3893 1686 3924 nova
1705 3879 1956 3938 juventuti
1974 3900 2020 3928 n.
2045 3881 2078 3928 J
2085 3916 2098 3928 .
2123 3882 2188 3926 V.
2215 3884 2269 3928 L.

1520 3958 1568 4006 5.
1587 3957 1795 4022 Qualem
1823 3971 1877 4004 m
1901 3957 2075 4024 affin.
2105 3962 2166 4007 In
2195 3957 2450 4008 dedicandis

1449 4037 1570 4083 meio
1597 4035 1799 4084 aedibus.
