2594 4537
309 229 454 321 544
895 222 994 301 Μ.
1046 231 1126 299 Τ.
1181 226 1755 301 CICERONIS

309 371 532 430 tatem
576 368 866 432 senatus
887 404 907 438 ,
951 366 1024 424 et
1059 350 1433 423 bonorum
1473 354 1805 423 omnium
1832 354 1987 421 vim
2015 374 2103 423 ac
2124 351 2478 427 dolorem

317 470 739 544 excitarunt.
782 468 948 534 H-aec
993 460 1175 533 doce
1196 518 1215 551 ,
1242 461 1397 533 haec
1425 460 1694 560 profer,
1722 462 1871 535 huc
1904 462 2297 555 incumbe,
2332 470 2478 537 La-

315 578 656 661 terensiS,
706 574 1108 645 decuriasse
1156 572 1523 645 Plancium
1544 628 1562 661 ,
1606 574 2159 673 conscripsisse,
2198 600 2477 673 seque·

319 706 542 765 strem
590 684 808 757 fuisse
829 692 884 771 9,
926 683 1471 781 pronuntiasse,
1512 683 1879 757 divisisse:
1921 699 2083 757 tum
2114 685 2475 773 mirabor,

320 818 394 873 te
429 802 514 870 iis
557 795 774 867 armis
815 794 956 881 uti,
1000 808 1161 889 quae
1201 792 1337 864 tibi
1374 792 1491 865 lex
1534 792 1786 882 dabat,
1822 794 2174 866 noluisse.
2212 794 2477 867 Tribu-

317 908 516 981 libus
552 907 743 977 enim
775 900 1146 997 judicibus
1165 956 1186 990 ,
1213 928 1366 975 non
1394 903 1618 975 modo
1636 907 2097 977 severitatem
2122 904 2433 995 ‘illorum
2454 952 2477 993 ,

325 1024 384 1093 si
439 1021 574 1090 ista
623 1038 794 1087 vera
841 1027 1052 1102 sunt,
1105 1012 1234 1085 sed
1279 1035 1373 1085 ne
1420 1013 1666 1085 vultus
1714 1014 2013 1114 quidem
2056 1013 2251 1087 ferre
2302 1042 2479 1115 pos·-

325 1152 583 1203 semus.

421 1244 625 1311 Hanc
666 1250 748 1307 tu
787 1235 1142 1307 rationem
1177 1258 1413 1332 quum
1448 1233 1719 1335 fugeris
1740 1288 1760 1325 ,
1797 1256 2179 1335 quumque
2208 1258 2342 1309 eos
2364 1237 2483 1331 ju-

328 1350 522 1423 dices
555 1346 826 1419 habere
851 1345 1209 1432 nolueris,
1237 1370 1557 1442 quorum
1584 1346 1661 1416 in
1694 1345 1914 1442 hujus
1939 1346 2211 1418 delicto
2236 1370 2481 1444 quum

327 1461 623 1537 scientia
676 1455 1108 1542 cei-tissima,
1158 1469 1317 1527 tum
1369 1455 1582 1528 dolor
1630 1456 2089 1553 gravissimus
2134 1479 2297 1527 esse
2350 1455 2482 1526 de·-

326 1571 617 1643 buerit:
661 1566 841 1665 quid
877 1562 1073 1663 apud
1107 1565 1244 1637 hos
1283 1563 1512 1649 diceS,
1554 1570 1683 1664 qui
1720 1564 1851 1637 abs
1886 1579 1959 1636 te
1994 1567 2197 1637 taciti
2238 1568 2485 1663 requi·

325 1695 536 1766 runt,
576 1671 706 1764 'cur
743 1676 888 1747 hoc
929 1674 1069 1747 sibi
1097 1678 1341 1747 oneris
1375 1678 1847 1775 imposueriS,
1895 1696 2029 1747 cur
2062 1700 2141 1747 se
2182 1676 2480 1773 potissi-

329 1814 536 1863 mum
596 1786 986 1884 delegeris,
1039 1809 1170 1859 cur
1227 1786 1546 1885 denique
1594 1812 1673 1860 se
1720 1786 2046 1860 divinare
2090 1788 2483 1877 malueriS,

333 1922 552 2000 quam
597 1921 764 1985 eos,
804 1899 936 1994 qui
981 1900 1288 1985 scirent,
1324 1897 1699 1993 judicare?

427 2014 619 2097 xlx.
668 2012 820 2103 Ego
869 2006 1280 2096 Plancium,
1324 2012 1769 2097 Laterensis»,
1818 2024 1895 2081 et
1930 2010 2175 2107 ipsum
2222 2012 2487 2108 gratio-

303 2146 498 2193 sum
523 2144 677 2192 esse
701 2118 902 2205 dice,
933 2132 1005 2189 et
1031 2116 1369 2191 habuisse
1396 2120 1473 2190 in
1501 2121 1853 2218 petitione
1877 2118 2153 2194 multos
2176 2120 2483 2218 cupidos

337 2234 452 2306 sui
478 2287 497 2321 ,
533 2232 884 2328 gratiosos
926 2253 943 2299 x
992 2253 1178 2326 quos
1211 2243 1297 2300 tu
1332 2231 1393 2302 si
1436 2231 1715 2304 sodales
1750 2241 2032 2320 vocas¹,
2080 2228 2481 2304 officiosam

311 2341 722 2419 amicitiam
761 2341 1062 2410 nomine
1093 2341 1445 2438 inquinas
1470 2345 1886 2416 criminoso.
1926 2345 2089 2432 Sin,
2129 2345 2307 2439 quia
2335 2367 2487 2438 gra-

337 2456 506 2526 tiosi
539 2463 746 2534 sunt,
781 2449 1222 2522 accusandos
1257 2467 1512 2550 putas;
1542 2452 1695 2524 noli
1729 2444 2010 2541 mirari,
2034 2467 2110 2522 te
2134 2451 2205 2522 id
2231 2506 2251 2538 ,
2282 2450 2483 2549 quod

338 2581 464 2636 tua
485 2561 792 2656 dignitas
821 2559 1240 2656 postularit,
1265 2559 1778 2661 repudiandis²
1808 2565 2289 2661 gratiosorum
2318 2563 2485 2634 ami-

342 2675 522 2745 citiis
551 2694 704 2740 non
735 2693 890 2741 esse
919 2685 1413 2766 assequutum.
1434 2678 1587 2744 Jam
1606 2728 1627 2763 ,
1658 2686 1741 2744 ut
1768 2697 1902 2770 ego
1928 2672 2197 2762 doce0,
2226 2674 2483 2770 gratio-

340 2807 502 2856 sum
519 2805 674 2855 esse
693 2778 1086 2852 tribulibus
1101 2779 1130 2825 ³
1156 2783 1551 2872 Plancium,
1566 2781 1770 2882 quod
1790 2783 2035 2854 multis
2048 2781 2487 2880 benignefe-

341 2896 566 2983 cerit,
610 2915 748 2990 pro
803 2890 1048 2963 multis
1089 2892 1603 2992 spoponderit,
1654 2895 1733 2965 in
1780 2897 2084 2991 operas⁴
2132 2893 2485 2991 plurimos

310 3157 323 3170 ‚
343 3107 496 3160 didati
518 3120 635 3155 suos
653 3101 858 3151 tribules
874 3100 1179 3152 decuria-ent
1195 3138 1211 3166 ,
1231 3104 1372 3168 qnod

343 3187 556 3252 reliquas
607 3182 766 3233 tribus
819 3171 1147 3230 describerent
1165 3216 1180 3241 ,
1233 3183 1373 3246 quod

341 3265 569 3330 unffi-agia
594 3262 853 3327 largitione
895 3260 1223 3322 devincit-ent,
1265 3277 1373 3310 mo-

343 3347 534 3395 censuit
556 3353 752 3392 senatus
763 3375 781 3399 ,
804 3339 920 3387 inde
942 3338 1038 3388 lata
1063 3339 1142 3390 lex
1158 3351 1262 3393 est:
1283 3341 1369 3391 de-

341 3426 537 3476 curiam
557 3434 630 3472 est
647 3437 735 3486 per
750 3419 1011 3468 factionem
1034 3436 1225 3485 cogere.

416 3522 467 3570 9.
517 3507 820 3567 Sequanam
858 3496 1042 3563 fiais-re.
1115 3501 1371 3564 sequester

343 3585 612 3635 vocabatur
643 3580 726 3630 ille
747 3583 832 3646 qui
859 3581 994 3647 apud
1017 3579 1168 3628 alium
1187 3583 1239 3629 in
1267 3597 1373 3629 cor·

341 3665 572 3730 ruptione
594 3659 816 3724 judicum
840 3673 926 3712 ant
951 3659 1260 3709 comitiorum
1278 3671 1373 3726 pe-

1458 3105 1733 3168 pecuniam.
1760 3128 1833 3141 --
1858 3101 2103 3152 Divitiae.
2142 3098 2367 3149 Suband.
2398 3116 2481 3165 pe-

1458 3182 1653 3231 cuniam
1668 3215 1683 3241 ,
1706 3182 1758 3230 id
1782 3193 1883 3244 est,
1901 3181 2127 3230 solvisse.

1530 3265 1673 3311 xlx.
1702 3279 1749 3312 1.
1776 3263 1829 3310 Sa·
1857 3262 2055 3311 sodales
2086 3274 2269 3310 weas-
2295 3257 2483 3307 Sodali-

1460 3352 1606 3390 tntem
1640 3342 1847 3391 honeste
1870 3341 2107 3406 appellari
2142 3353 2293 3404 supr·
2334 3337 2484 3396 dixit,

1458 3421 1739 3470 societatem
1768 3437 1939 3470 eorum
1964 3422 2052 3485 qui
2075 3420 2215 3484 turpi
2232 3417 2485 3481 largitione

1457 3501 1617 3549 tribus
1644 3511 2029 3565 corrumperent.

1531 3597 1585 3630 a.
1607 3581 1961 3644 Repudiandis.
1984 3583 2133 3628 Forte
2170 3579 2453 3644 repudiatis.

1532 3662 1583 3709 3.
1624 3658 1904 3709 Graeiosum
1932 3675 2034 3708 esse
2064 3657 2335 3708 tribulibus.
2362 3657 2485 3709 cod.

340 3744 533 3792 enniana
551 3739 851 3806 deponebat,
874 3749 961 3788 ant
977 3737 1062 3786 ille
1074 3739 1208 3803 apud
1231 3753 1379 3802 quem
1420 3759 1423 3762 ⁴
1464 3739 1647 3790 Erfurt.
1675 3739 1727 3787 in
1751 3755 1845 3788 sua
1862 3738 2003 3802 cn'bn,
2020 3736 2163 3803 qnod
2180 3753 2286 3786 non
2310 3739 2483 3802 recepit

341 3820 684 3884 deponebatur
703 3818 908 3883 pecunia
923 3851 938 3878 ‚
958 3819 1046 3880 qni
1061 3833 1260 3882 operam
1285 3832 1373 3865 na-

348 3899 510 3958 vabat,
528 3909 576 3945 et
595 3898 882 3962 promissam
895 3896 1100 3960 singulis
1115 3895 1373 3961 pecuniam

337 3975 580 4026 solvebat.
603 4003 674 4014 -—
702 3976 1066 4024 Pronuntiasse.
1091 3977 1373 4026 Promisisse

1469 3819 1706 3868 Groevins.

1541 3907 1592 3954 4.
1640 3900 1701 3946 In
1730 3911 1906 3962 operas
1928 3893 2188 3962 plurfmos.
2216 3895 2411 3946 Scilicet
2436 3896 2480 3943 in

1462 3977 1659 4042 negotia
1681 3975 1999 4044 provincialia
2018 3976 2414 4041 publicanorum,
2432 3987 2481 4023 ιιι
