2594 4537
435 384 439 393 ⁸
886 306 1438 380 EXCURSUS
1489 307 1622 373 VI.
2170 302 2314 388 643

185 430 475 521 epistoloe
508 429 889 509 insolentia,
934 451 1079 517 quae
1122 443 1271 516 post
1312 426 1811 515 quadriennium
1851 424 2132 513 denique
2168 446 2318 490 eru·

181 552 447 625 pturam
482 534 883 609 inimicitiam
920 533 1285 622 pepererit?
1331 532 1498 597 Nam
1541 555 1684 620 quae
1717 530 1800 595 de
1831 530 2108 595 subdolo
2147 555 2316 619 quo-

182 642 374 723 dam,
415 657 719 728 tectoque
752 638 1022 702 homine
1068 638 1379 702 dicuntur
1415 636 1498 701 ad
1533 640 1672 703 Att.
1703 636 1769 718 Ι,
1824 637 1935 719 13,
1973 660 2338 726 perperam,

181 746 268 813 de
312 746 627 834 Pompeio
670 745 1039 809 Manutium
1088 744 1381 831 aliosque
1437 743 1792 832 intelligere
1807 792 1824 826 ,
1874 759 1976 808 tot
2019 742 2282 808 adversa
2296 793 2314 825 ,

178 874 329 938 quae
356 851 723 932 attulimus,
757 849 1127 915 testimonia
1158 848 1630 913 demonstrant.
1663 849 1875 913 Sensit
1907 851 2278 914 Tunstallus
2295 899 2312 931 ‚

176 970 249 1021 et
276 958 350 1020 in
384 956 782 1021 severissima
812 955 896 1020 ad
924 953 1434 1019 Middletonium
1462 954 1729 1044 epistola
1749 1002 1767 1037 ,
1795 978 1858 1043 p.
1887 955 2004 1037 36,
2046 956 2129 1037 Q.
2155 956 2318 1020 Hor-

176 1064 468 1129 tensium
500 1062 841 1153 significari
874 1063 1119 1151 optime
1152 1061 1397 1127 docuit.
1425 1063 1578 1127 Fuit
1603 1062 1876 1127 omnino
1895 1055 2006 1127 'illa
2029 1063 2318 1127 inimico-

174 1192 330 1233 rum
366 1168 726 1250 calumnia3
765 1190 1051 1257 quorum
1100 1168 1372 1233 stultitia
1411 1167 1502 1231 ita
1545 1190 1697 1232 cum
1737 1166 2080 1256 iniquitate
2121 1184 2317 1233 certa-

96 1262 103 1275 ’
174 1273 329 1355 bat,
360 1290 439 1338 ut
474 1274 755 1357 nescias,
805 1288 1121 1336 utrumne
1167 1272 1372 1362 magis
1415 1270 1757 1355 laederent,
1804 1273 2182 1339 Ciceronem
2229 1296 2313 1337 an

174 1378 589 1466 Pompeium.
622 1378 957 1466 simillima
982 1392 1082 1443 est
1111 1378 1263 1461 alia,
1294 1400 1492 1466 quam
1527 1378 1594 1441 in
1629 1378 1931 1442 Pisonem
1951 1427 1974 1459 ,
2021 1401 2157 1466 cap.
2191 1401 2309 1466 29,

173 1485 319 1573 ipse
356 1486 581 1549 Cicero
620 1484 941 1548 refutavit.
977 1485 1242 1549 Dixerat
1280 1485 1457 1549 enim
1491 1486 1687 1565 hujus
1724 1484 2142 1553 consulatum.
2175 1484 2310 1553 col-

171 1589 446 1655 laudans
485 1592 557 1655 L.
585 1590 779 1655 Piso:
813 1620 839 1646 a
858 1602 997 1654 non·
1036 1590 1145 1653 illa
1186 1590 1306 1654 tibi
1339 1589 1581 1654 invidia
1627 1591 1883 1673 nocuit,
1925 1589 2042 1654 sed
2083 1612 2308 1654 versus

174 1695 315 1761 tui:
347 1696 657 1785 scripsisti
702 1696 915 1779 enim,
960 1694 1211 1760 Cedant
1251 1718 1428 1760 arma
1460 1711 1654 1785 togae.
1684 1744 1698 1759 .
1727 1744 1744 1761 .
1783 1712 1914 1761 tuae
1943 1694 2112 1764 dicis
2142 1711 2308 1785 togae

172 1824 508 1866 summum
536 1803 995 1890 imperatorem
1021 1825 1160 1866 esse
1192 1818 1529 1867 cessurum
1548 1832 1595 1865 ιι.
1635 1801 1886 1871 Deinde
1904 1818 2056 1889 post
2075 1803 2276 1875 multa
2290 1851 2309 1884 ,

170 1930 315 1995 cap.
342 1908 457 1991 30,
508 1908 698 1972 «Hoc
745 1924 965 1973 tamen
1012 1908 1317 1998 intelligi,
1366 1909 1670 1973 scelerate
1690 1956 1709 1989 ,
1753 1908 1847 1971 vis
1864 1956 1894 1989 ,,
1920 1908 2308 1997 Pompeium

169 2013 516 2078 inimicum
548 2014 713 2078 mihi
742 2014 869 2079 isto
902 2036 1091 2079 versu
1127 2036 1265 2079 esse
1297 2015 1583 2078 factum:
1627 2030 1740 2096 ut,
1782 2016 1840 2077 si
1876 2034 2099 2078 versus
2143 2014 2305 2079 mihi

170 2119 473 2183 nocuerit
493 2168 512 2201 ,
548 2120 629 2184 ab
666 2142 781 2202 eo,
812 2142 1008 2208 quem
1047 2121 1102 2183 is
1140 2140 1368 2183 versus
1404 2118 1780 2201 offenderit,
1823 2118 2117 2196 videatur
2141 2120 2304 2189 mihi

168 2224 487 2312 pernicies
530 2248 666 2290 esse
706 2227 968 2314 quaesita
990 2256 1041 2290 n.
1074 2226 1332 2308 ‘Totum
1362 2224 1508 2290 vide
1545 2227 1804 2292 locum:
1855 2248 2009 2298 nam
2038 2248 2306 2315 respon-

168 2331 425 2395 sionem
457 2353 718 2396 necesse
740 2353 875 2395 non
902 2347 1027 2413 est,
1048 2355 1120 2396 re
1140 2333 1273 2411 jam
1301 2333 1616 2420 patefacta
1631 2381 1651 2414 ‚
1675 2332 2057 2406 describere.
2085 2333 2302 2416 Quam

167 2437 437 2525 quidem
494 2461 633 2502 rem
684 2459 763 2503 ex
815 2439 1099 2527 epistolis
1147 2440 1557 2526 potissimum
1603 2438 1943 2520 declaravi,
2009 2461 2093 2502 ne
2148 2462 2302 2504 cum

167 2543 509 2609 Tunstallo
530 2593 549 2626 ,
602 2543 643 2608 l.
692 2568 747 2609 c.
790 2567 935 2634 pag.
976 2543 1063 2623 48
1119 2561 1185 2609 et
1238 2542 1359 2626 50,
1409 2545 1571 2610 mihi
1621 2545 1968 2632 quisquam
2011 2544 2300 2626 objiciat,

164 2647 373 2712 multa
406 2650 477 2712 in
520 2651 925 2715 orationibus
960 2650 1115 2715 falsa
1146 2651 1457 2738 temporis
1478 2647 1952 2737 commodique
1983 2673 2173 2714 causa
2199 2675 2302 2716 re-

164 2754 343 2817 ferri.
376 2754 645 2833 Ornate,
692 2755 873 2818 haud
911 2772 1128 2819 tamen
1164 2758 1325 2820 falso
1362 2755 1524 2820 dixit
1560 2777 1683 2844 pro
1716 2757 1969 2836 Domo,
2003 2779 2138 2844 cap.
2181 2780 2208 2818 1
2229 2779 2294 2818 1:

164 2889 193 2914 «
219 2856 421 2946 Quod
456 2857 631 2922 enim
663 2879 783 2944 par
814 2859 1106 2922 amicitioe
1144 2861 1500 2925 consularis
1533 2860 1663 2923 fuit
1706 2882 2017 2947 umquam
2065 2862 2134 2923 in
2174 2861 2296 2924 hac

165 2962 424 3026 civitate
456 2961 907 3042 conjunctius,
939 2985 1139 3048 quam
1179 2964 1426 3028 fuimus
1471 2965 1640 3029 inter
1683 2987 1835 3047 nOS,
1886 2987 2006 3054 ego
2062 2981 2130 3030 et
2170 2967 2293 3031 Cn.

164 3067 564 3156 Pompeius?
600 3083 723 3132 etc.
747 3097 774 3124 ι·
808 3069 897 3131 At
931 3089 1145 3130 veram
1182 3067 1427 3135 dissidii
1454 3071 1624 3135 inter
1653 3093 1763 3134 eos
1796 3071 1999 3142 exorti
2032 3093 2293 3136 causam

164 3173 453 3254 reticuit,
490 3173 881 3262 culpamque
910 3185 1053 3236 tum
1090 3173 1214 3255 ibi,
1250 3190 1394 3238 tum
1423 3169 1546 3263 'pro
1581 3177 1750 3242 Sext.
1786 3199 1930 3264 cap.
1977 3175 2090 3258 18,
2125 3192 2192 3240 et
2221 3179 2290 3240 in

163 3278 390 3342 Pison.
433 3299 570 3365 cap.
618 3277 722 3355 31,
756 3279 828 3341 in
860 3278 1157 3342 homines
1196 3279 1527 3366 improbos
1572 3282 1867 3346 contulit.
1919 3282 2075 3349 Era-t
2113 3283 2288 3346 enim

160 3383 395 3447 veritas
410 3431 430 3466 ‚
472 3383 633 3447 vivis
672 3381 1180 3473 florentibusque
1214 3385 1527 3474 Pompeio
1573 3401 1639 3449 et
1675 3389 1947 3469 Caesare,
1991 3387 2288 3452 dissimu-

160 3486 383 3570 landa3
424 3509 637 3575 neque
667 3488 912 3577 publici
939 3489 1165 3560 eadem
1196 3491 1362 3555 ratio
1401 3490 1716 3556 sermonis
1747 3509 1881 3576 est,
1923 3515 2067 3581 quae
2097 3494 2285 3557 fami·
2369 3484 2375 3490 ’

158 3593 355 3658 liariS.
386 3592 742 3683 Postquam
777 3617 933 3665 vero
960 3595 1053 3663 illi
1084 3596 1437 3685 perierant,
1478 3596 1754 3686 Philipp.
1783 3601 1884 3683 ΙΙ,
1931 3622 2044 3681 10,
2088 3621 2282 3663 ausus

161 3715 257 3764 est
292 3698 541 3781 dicere,
574 3701 927 3766 C.Caesaris
952 3723 1157 3789 opera,
1177 3700 1565 3790 Pompeium
1597 3731 1624 3758 κ
1649 3725 1687 3765 a
1717 3725 1834 3766 sua
1858 3704 2280 3769 familiaritate

162 3805 363 3878 finisse
410 3803 809 3885 disjunctum
826 3840 871 3872 υ.
914 3808 1316 3895 Comprobat
1337 3807 1406 3872 id
1429 3807 1814 3884 Plutarchus
1844 3808 1910 3870 in
1938 3811 2068 3874 Cic.
2097 3835 2156 3876 c.
2178 3809 2280 3876 30.

162 3911 277 3976 Illa
324 3911 633 3977 nimirum
676 3915 759 3978 ab
794 3916 1073 3981 coitione
1119 3914 1410 4004 Pompeii
1455 3936 1608 3978 cum
1653 3915 1898 3978 caesare
1948 3932 2013 3977 et
2052 3917 2280 3982 Crasso

159 4043 349 4087 eausa
390 4037 488 4087 est
522 4023 899 4111 repetenda,
951 4023 1065 4111 qui
1108 4045 1315 4112 remp.
1354 4043 1558 4112 quum
1593 4037 2050 4110 occupassent,
2095 4024 2278 4104 cujus
