2594 4537
171 305 2311 348 mmmmmmmmmmmwmmmm

642 578 1829 684 ARGUMENTUM.

170 883 284 938 Cn.
311 877 578 936 Plancius
608 881 712 936 Cn.
733 877 817 936 fil.
847 896 939 936 an.
967 881 1040 938 U.
1065 875 1214 954 695,
1245 888 1501 955 quaestor
1525 876 1715 936 fuerat
1738 879 1805 934 L.
1834 877 2115 956 Appuleii
2144 897 2304 957 prae-

256 973 400 1033 toris
426 976 489 1032 in
517 973 880 1032 Macedonia.
907 956 1094 1034 Natus
1125 985 1250 1031 erat
1273 973 1337 1031 in
1366 972 1711 1052 praefectura
1737 973 1963 1032 Atinati
1987 995 2062 1034 ex
2090 975 2309 1034 familia

255 1070 544 1149 equestri;
563 1051 808 1150 ejusque
834 1085 1004 1150 pater
1029 1069 1371 1147 publicanus
1398 1069 1603 1128 fuerat.
1630 1074 1691 1128 Is
1712 1088 1889 1148 quum
1920 1071 2125 1132 Cicero
2144 1073 2311 1132 exsul

255 1166 318 1223 in
346 1165 752 1226 Macedoniam
781 1168 1005 1226 veniret
1018 1209 1036 1240 ,
1061 1187 1198 1226 eum
1223 1164 1493 1226 omnibus
1518 1165 1708 1226 modis
1733 1166 1911 1240 sovit3
1946 1181 2009 1227 et
2036 1169 2205 1228 simul
2239 1189 2307 1228 ac

254 1281 390 1322 eum
433 1263 866 1340 Dyrrhachium
897 1264 1150 1342 attigisse
1181 1263 1408 1324 audivit
1426 1307 1445 1339 ,
1497 1266 1689 1323 statim
1728 1263 1806 1323 ad
1836 1285 1969 1324 eum
2005 1265 2307 1326 lictoribus

255 1359 506 1419 dimissis
522 1403 541 1436 ‚
569 1359 888 1440 insignibus
915 1360 1183 1440 abjectis,
1225 1375 1383 1421 veste
1415 1374 1633 1421 mutata
1658 1363 1955 1441 profectus
1980 1377 2069 1422 est
2088 1406 2105 1432 ,
2142 1383 2308 1422 eum-

253 1477 370 1535 que
393 1456 858 1518 Thessalonicam
883 1459 944 1518 in
961 1459 1333 1537 quaestorium
1356 1458 1647 1538 perduxit.
1662 1463 1897 1518 Ann.U.
1910 1459 2025 1536 697
2043 1459 2311 1519 tribunus

251 1551 444 1632 plebis
471 1554 582 1613 fuit
597 1597 616 1628 ,
658 1554 722 1613 in
747 1574 934 1633 eoque
965 1554 1266 1614 tribunatu
1293 1567 1505 1633 praeter
1530 1554 1675 1614 alios
1700 1553 1979 1633 collegam
2004 1553 2215 1614 habuit
2240 1559 2307 1614 L.

252 1649 556 1710 Racilium.
599 1655 752 1710 Ann.
777 1655 854 1711 U.
885 1651 1000 1728 698
1029 1650 1359 1710 aedilitatem
1384 1650 1589 1729 petiit,
1622 1670 1737 1709 una
1762 1671 1895 1711 cum
1924 1657 2007 1710 M.
2034 1657 2071 1712 J
2074 1651 2308 1710 uventio

253 1748 587 1818 Laterensi,
627 1747 730 1826 qui
756 1767 939 1826 quum
979 1748 1269 1827 repulsam
1315 1747 1570 1822 tulisset,
1605 1748 1815 1807 eodem
1846 1767 2001 1808 anno
2033 1769 2154 1809 una
2178 1769 2307 1808 cum

251 1839 750 1923 subscriptoribus
775 1845 1074 1904 Plancium
1103 1843 1354 1904 ambitus
1386 1845 1674 1904 accusavit
1704 1846 1827 1925 lege
1858 1846 2083 1906 Licinia
2108 1845 2181 1906 de
2210 1865 2309 1905 so-

253 1939 468 1998 dalitiis
485 1980 504 2007 ‚
535 1941 578 1998 i.
609 1961 659 2000 e.
685 1939 952 2001 tribubus
983 1961 1090 2021 per
1117 1940 1385 2002 sodalitia
1412 1945 1733 2022 corruptis3
1766 1963 1881 2021 qua
1914 1944 2038 2022 lege
2073 1963 2311 2002 accusa·
2338 2009 2343 2012 ,

255 2153 364 2192 reo
397 2147 456 2192 et
481 2137 804 2196 accusatori
823 2137 1025 2198 liceret
1051 2159 1082 2197 e
1097 2136 1393 2214 judicibus
1411 2181 1427 2212 ,
1448 2155 1595 2216 quos
1622 2149 1837 2214 praetor
1866 2137 2103 2195 sortitus
2131 2149 2310 2208 esset,

254 2250 407 2309 quos
436 2233 653 2293 vellent
685 2235 957 2315 rejicere,
1003 2235 1064 2294 in
1088 2233 1313 2313 judicio
1353 2234 1426 2294 de
1454 2233 1731 2294 sodalitiis
1759 2245 2059 2293 accusator
2086 2245 2309 2293 tantum

245 2328 478 2407 judices
505 2332 723 2392 ederet.
755 2338 904 2393 Acta
946 2352 1118 2392 causa
1161 2346 1250 2393 est
1284 2333 1491 2391 eodem
1525 2351 1710 2405 anno,
1756 2330 1912 2411 apud
1951 2335 2016 2391 C.
2051 2331 2312 2391 Flavium

254 2438 566 2502 praetorem
583 2470 600 2499 ,
631 2430 733 2507 qui
757 2430 1133 2507 quaestionem
1167 2429 1243 2489 de
1273 2426 1495 2488 ambitu
1526 2427 1848 2487 exercebat.

337 2522 408 2578 In
447 2523 691 2582 exordio
719 2524 997 2584 orationis
1031 2526 1234 2585 Cicero
1253 2568 1270 2597 ,
1327 2524 1429 2603 qui
1473 2522 1738 2583 audierat
1770 2544 1905 2583 suos
1939 2523 2151 2603 partim
2191 2522 2309 2581 ini-

253 2620 466 2694 micos,
511 2624 726 2702 partim
769 2624 999 2683 invidos
1041 2624 1178 2683 huic
1212 2624 1563 2684 accusationi
1604 2624 1832 2697 favere,
1870 2623 2031 2683 dolet
2069 2624 2309 2683 salutem

252 2717 474 2776 Plancii
500 2718 578 2779 ob
608 2740 734 2779 eam
759 2720 943 2799 ipsam
971 2740 1200 2779 causam
1227 2722 1579 2780 infestiorem
1608 2740 1764 2792 esse,
1806 2720 1967 2799 quod
2009 2720 2107 2779 ille
2148 2739 2307 2779 suam

181 2892 192 2901 ²
253 2816 320 2871 in
339 2815 544 2873 exsilio
563 2816 804 2877 salutem
819 2862 836 2890 ,
865 2816 1137 2897 praesidio
1153 2818 1531 2896 custodiaque
1562 2817 1803 2889 texerit;
1828 2815 2081 2877 ostendit
2098 2830 2307 2883 tamen,

239 2930 440 2987 quum
475 2912 704 2990 judices
731 2914 924 2973 videat
945 2933 1072 2987 eos,
1113 2934 1364 2991 quorum
1391 2934 1563 2973 nemo
1592 2915 1699 2985 sit,
1740 2913 1835 2972 cui
1864 2914 2017 2972 salus
2046 2932 2151 2971 sua
2177 2932 2310 2971 cara

253 3026 378 3066 non
424 3008 598 3069 fuerit
615 3053 630 3080 ,
676 3031 738 3069 se
778 3024 1090 3091 propterea
1123 3011 1403 3083 recreari3
1456 3010 1815 3088 miraturque
1856 3014 1943 3067 M.
1977 3009 2311 3069 Iuventium

255 3110 630 3165 Laterensem
657 3108 848 3186 ipsum
877 3126 1112 3185 quoque
1140 3128 1259 3166 suae
1287 3106 1484 3165 salutis
1511 3105 1992 3165 studiosissimum
2020 3106 2177 3165 hunc
2197 3103 2311 3164 sibi

254 3220 424 3259 reum
465 3203 826 3280 potissimum
860 3204 1152 3283 delegisse.
1199 3207 1274 3262 Et
1302 3203 1579 3281 quoniam
1611 3216 1970 3263 accusatores
2008 3202 2307 3275 dixerant,

253 3298 486 3357 minora
517 3320 640 3359 esse
665 3302 880 3360 Plancii
907 3322 1042 3380 erga
1075 3302 1417 3361 Ciceronem
1440 3300 1645 3359 merita
1663 3344 1680 3370 ,
1708 3320 1885 3378 quam
1908 3298 1981 3359 ab
2012 3300 2141 3378 ipso
2163 3319 2311 3379 prae-

255 3394 598 3455 dicarentur
621 3441 638 3465 ,
687 3398 798 3456 hoc
845 3399 1036 3477 ipsum
1069 3399 1151 3457 ait
1189 3397 1302 3457 sibi
1339 3396 1697 3456 tractandum
1726 3417 1877 3469 esse,
1922 3396 2023 3455 sed
2055 3396 2315 3468 modice,

255 3511 336 3549 ne
379 3492 520 3569 quid
563 3493 686 3573 ipse
715 3493 1009 3564 offendat,
1053 3514 1120 3554 ac
1152 3508 1274 3554 tum
1311 3494 1561 3571 denique
1613 3492 1921 3552 dicendum
1954 3512 2135 3571 quum
2175 3492 2317 3571 ipsis

257 3590 600 3651 criminibus
638 3593 1033 3673 responderit,
1064 3612 1191 3671 cap.
1225 3613 1280 3660 1,
1317 3612 1370 3649 α.

339 3695 608 3765 Attamen
643 3692 703 3749 in
732 3711 904 3751 causa
931 3692 1086 3750 facili
1112 3704 1283 3769 atque
1312 3689 1596 3767 explicata
1620 3686 1731 3747 sibi
1758 3688 1873 3747 hoc
1902 3688 2203 3746 molestum
2228 3707 2321 3745 ac-

255 3786 487 3860 cidere,
515 3787 674 3865 quod
703 3802 906 3847 contra
933 3794 1332 3860 Laterensem,
1362 3784 1610 3846 amicum
1634 3803 1839 3857 suum,
1870 3782 2185 3843 dicendum
2212 3784 2285 3842 sit
2303 3828 2321 3855 ,

257 3896 320 3941 et
350 3884 533 3941 multo
569 3885 746 3964 magis
766 3928 782 3955 ,
819 3884 978 3963 quod
1019 3885 1078 3942 in
1107 3905 1174 3943 ea
1201 3904 1371 3943 causa
1390 3926 1407 3955 ‚
1434 3883 1497 3940 in
1520 3900 1635 3958 qua
1664 3881 1883 3940 Plancii
1910 3894 1969 3940 et
1998 3884 2320 3941 Laterensis

255 3980 530 4040 videatur
561 3984 822 4043 facienda
852 4004 973 4043 esse
1002 3983 1312 4043 contentio.
1344 3986 1753 4042 Accusatorem
1783 3980 1941 4041 enim
1968 4001 2029 4039 se
2055 3980 2171 4039 hoc
2202 4002 2318 4040 uno
2360 3994 2363 3997 ’
