2594 4537
369 285 512 373 364
1015 290 1114 357 Μ.
1165 290 1244 357 Τ.
1300 288 1863 359 CICERONIS

363 436 554 501 rere,
599 434 754 485 esse
787 408 1065 482 debuit.
1113 412 1263 483 Nisi
1324 410 1511 482 forte
1554 435 1643 482 ex
1688 426 1759 482 te
1804 414 1905 481 ita
1946 414 2339 508 quesitum
2388 428 2522 501 est,

359 546 538 594 num
582 519 1008 621 perturbare
1049 520 1577 623 rempublicum
1614 519 2095 593 seditionibus
2137 522 2379 593 velles
2398 578 2418 605 ‚
2458 538 2519 593 et

365 631 466 703 ob
506 654 664 702 eam
699 654 986 701 causam
1017 629 1385 729 adoptari,
1422 656 1575 701 non
1602 645 1688 702 ut
1714 629 1907 703 filius
1932 642 1991 675 ¹²
2024 656 2245 715 esse&
2280 632 2417 703 sed
2444 646 2517 703 ut

361 741 702 812 tribunus
733 739 964 839 plebis
995 738 1241 827 fieres,
1274 756 1347 812 et
1380 738 1709 811 funditus
1736 754 2097 811 everteres
2125 742 2509 813 civitatem.

361 848 822 949 Respondisti
848 905 868 940 ‚
913 850 1132 923 credo
1151 906 1170 937 ,
1221 865 1296 923 te
1352 852 1453 921 ita
1514 850 1719 922 velle.
1784 849 2265 923 Pontificibus
2320 851 2511 924 bona

359 984 574 1033 causa
614 962 764 1033 'visa
805 974 915 1032 est
953 990 970 1031 ε
1009 959 1623 1060 approbaverunt.
1682 964 1848 1033 Non
1910 976 2085 1033 aetas
2146 962 2344 1058 ejus,
2390 964 2509 1059 qui

359 1070 788 1168 adoptabat,
817 1072 1114 1168 quaesita
1135 1087 1244 1143 est
1265 1126 1284 1157 ‚
1308 1072 1491 1142 utin
1518 1075 1649 1143 Cn.
1681 1070 2002 1157 Aufidio,
2032 1076 2131 1143 M.
2152 1070 2217 1115 ¹³
2242 1077 2505 1172 Pupio:

308 1261 321 1274 ³
362 1206 677 1278 quorum
719 1196 1030 1279 uterque
1069 1197 1317 1254 nostra
1362 1185 1754 1268 memoria,
1791 1206 2075 1253 summa
2102 1198 2503 1269 senectute,

360 1292 544 1364 alter
570 1296 897 1365 Orestem
921 1348 939 1379 ‚
973 1294 1152 1366 alter
1184 1296 1518 1365 Pisonem
1546 1292 1932 1391 adoptavit.
1954 1292 2156 1381 Quas
2184 1293 2502 1392 adoptio·

361 1426 494 1475 nes
510 1458 530 1491 ,
557 1403 743 1476 sicut
771 1404 942 1476 alias
969 1402 1536 1475 innumerabiles
1554 1457 1573 1491 ‚
1610 1401 2043 1474 hereditates
2062 1405 2124 1454 ¹⁴
2150 1404 2493 1487 uominiS‚

369 1516 729 1612 pecuniae,
771 1538 1140 1587 sacrorum
1177 1529 1504 1613 sequutae
1540 1529 1731 1586 sunt.
1758 1518 1867 1585 Tu
1894 1538 2143 1612 neque
2164 1518 2496 1585 Fonteius

360 1648 475 1713 eS‚
515 1628 642 1722 qui
680 1648 834 1695 esse
863 1624 1224 1712 debebas3
1267 1650 1514 1723 neque
1556 1629 1777 1723 patris
1816 1625 2029 1697 heres
2058 1622 2167 1713 ¹⁵3
2227 1650 2490 1724 neque,

357 1736 632 1806 amissis
679 1738 895 1806 sacris
948 1738 1306 1834 paternis,
1364 1738 1441 1807 in
1486 1735 1639 1808 haec
1685 1736 2025 1833 adoptiva
2070 1740 2351 1809 venisti.
2394 1740 2491 1806 Ita

355 1843 794 1941 perturbatis
841 1848 1058 1917 sacris
1097 1900 1117 1933 ,
1167 1848 1679 1918 contaminatis
1734 1846 2112 1944 gentibue,
2162 1863 2237 1919 et
2282 1868 2487 1945 quam

353 1952 730 2025 deseruisti
749 2010 768 2043 ,
811 1970 886 2027 et
913 1981 1132 2053 quam
1163 1956 1527 2053 polluisti,
1558 1957 1725 2051 jure
1754 1957 2149 2043 Quiritium
2181 1958 2485 2053 legitimo

301 2136 306 2142 .
353 2065 746 2137 tutelarum
781 2081 856 2139 et
887 2064 1375 2138 hereditatum
1410 2065 1700 2154 relicto,
1738 2063 1973 2137 factus
2006 2092 2083 2138 es
2122 2068 2279 2163 ejus
2310 2066 2485 2137 filius

349 2190 604 2247 contra
633 2173 773 2265 few,
819 2177 1026 2272 cujus
1054 2200 1187 2275 per
1213 2190 1495 2251 aetatem
1522 2189 1729 2276 pater
1762 2200 1917 2248 esse
1950 2179 2277 2276 potuisti.

443 2293 635 2362 XIV.
691 2291 874 2359 Dico
926 2287 1118 2386 apud
1175 2287 1581 2386 pontifices.
1629 2291 1877 2386 Nego,
1916 2293 2127 2360 istam
2163 2288 2481 2388 adoptio·-

349 2423 520 2470 nem
559 2397 942 2495 pontificio
983 2400 1149 2495 jure
1186 2424 1341 2471 esse
1386 2396 1694 2470 factam:
1734 2401 2094 2496 primum,
2142 2399 2343 2496 quod
2384 2399 2479 2468 hae

345 2523 598 2579 vestrae
636 2521 806 2578 sunt
831 2519 852 2550 ¹
893 2523 1168 2595 aetateS‚
1213 2523 1296 2579 ut
1342 2511 1438 2594 is,
1482 2511 1609 2606 qui
1660 2521 1733 2578 te
1770 2507 2173 2605 adoptavit,
2216 2509 2329 2580 vel
2364 2506 2477 2577 filii

344 2616 477 2689 tibi
519 2618 680 2689 loco
725 2644 852 2716 per
885 2635 1166 2691 aetatem
1209 2644 1363 2691 esse
1404 2621 1764 2718 potuerit,
1803 2618 1919 2690 vel
1957 2643 2085 2704 eo,
2128 2644 2284 2716 quo
2320 2617 2473 2698 fuit;

347 2727 612 2801 deinde
665 2729 867 2828 quod
915 2755 1130 2802 causa
1181 2733 1409 2826 quaeri
1464 2729 1697 2802 solet²
1735 2729 2171 2827 adoptandi,
2209 2745 2295 2801 ut
2328 2745 2397 2802 et
2426 2730 2476 2798 is

417 3006 500 3040 η.
521 2990 670 3039 Beck.
696 2989 888 3038 addidit
907 2989 1010 3052 ejus
1035 3004 1062 3035 e
1081 2987 1198 3037 cod.
1215 2988 1319 3036 Pal.
1337 3003 1371 3052 9
1534 2987 1617 3038 15.
1637 2989 1813 3054 Neque
1834 2989 1999 3055 patris
2028 2987 2183 3040 lnms.
2202 2993 2367 3055 Quum
2386 2991 2471 3050 inm

339 3081 388 3120 ct
406 3071 595 3119 Victor.
619 3067 816 3118 Schiitz.
835 3068 1053 3116 imitatus
1072 3079 1166 3116 est.
1187 3069 1367 3118 J.v.1..
1456 3069 1791 3133 emancipatus
1812 3081 1863 3116 et
1881 3081 2143 3136 propterea
2170 3069 2471 3120 abendam

377 3150 496 3197 ηδ.
522 3148 591 3197 Μ.
611 3147 818 3212 Puppio.
849 3144 1130 3210 Legendum
1165 3149 1236 3196 M.
1274 3149 1370 3194 Pu·
1454 3149 1536 3196 nis.
1560 3148 1889 3213 Cogitaudum
1910 3162 2071 3200 tamen
2090 3185 2104 3210 ,
2122 3151 2305 3215 ecquid
2324 3149 2471 3215 potius

326 3230 416 3295 pio
443 3245 506 3278 ex
532 3239 747 3276 veterum
783 3225 1004 3291 lapidum
1039 3227 1365 3278 auctoritato:
1450 3227 1608 3290 panis
1634 3230 1697 3277 sit
1724 3227 2016 3292 legendum,
2052 3239 2109 3277 ut
2144 3241 2335 3278 veteres
2360 3228 2471 3276 dice·

337 3309 502 3373 itaquo
528 3308 641 3355 Piso
657 3340 673 3364 ‚
701 3306 788 3369 qui
815 3321 844 3351 a
869 3303 942 3351 M.
971 3306 1132 3369 Pupio
1157 3304 1366 3368 adopta·
1453 3305 1571 3355 bant
1590 3307 1903 3372 participem.
1928 3309 2130 3364 Terent.
2156 3312 2365 3358 «Donec
2390 3305 2466 3354 sal·

337 3400 418 3435 tus
443 3387 562 3444 suit,
595 3385 648 3432 in
677 3383 892 3447 antiquis
930 3387 1260 3434 monumentis
1285 3388 1365 3434 M.
1455 3401 1548 3435 vos
1564 3385 1766 3434 redierit
1786 3403 1923 3436 meus
1946 3389 2193 3452 particeps
2206 3409 2249 3436 ι.
2268 3389 2466 3436 Etvm.

341 3471 540 3516 Pmn.
559 3467 632 3514 M.
653 3466 709 3512 F.
727 3465 862 3511 Ptoo.
883 3479 1036 3513 τινος
1057 3464 1366 3514 describitur.
1456 3466 1531 3512 m
1550 3479 1566 3513 ε
1596 3487 1619 3509 ι
1636 3466 1942 3528 Quibuscum
1990 3467 2095 3514 vivi
2142 3467 2273 3515 bom
2318 3475 2465 3514 noem

415 3555 496 3602 14.
545 3543 850 3594 Hereditates
885 3543 1116 3592 nominis.
1165 3544 1368 3608 Triplex
1454 3545 1711 3608 partimur,
1738 3546 1891 3608 partis
1916 3545 2055 3594 heren
2072 3565 2100 3588 a·
2116 3582 2132 3609 ‚
2160 3545 2213 3594 id
2232 3557 2306 3594 eet
2326 3581 2339 3604 ‚
2372 3559 2466 3610 par·

336 3626 622 3691 adoptionis
639 3626 719 3686 jus
745 3633 887 3672 notat
907 3639 924 3686 3
960 3623 1047 3687 qui
1085 3623 1214 3670 enim
1239 3624 1365 3672 ado·
1455 3624 1613 3688 ticeps
1628 3657 1643 3682 ,
1685 3639 1805 3672 suus
1856 3626 1998 3672 heres
2019 3643 2034 3685 ς
2086 3641 2199 3675 nam
2247 3643 2366 3691 pan
2414 3622 2463 3671 ad

339 3707 591 3772 piabatur,
621 3703 846 3768 adoptivi
871 3705 1022 3767 patrio
1045 3719 1327 3767 praenomen
1346 3739 1363 3765 ,
1453 3713 1639 3766 patrem
1666 3703 1897 3762 refertur,
1924 3719 2027 3752 non
2051 3705 2113 3753 nd
2138 3707 2328 3756 fratres.

337 3803 517 3835 nomen
538 3796 586 3834 et
609 3799 884 3848 cognomen
909 3783 980 3830 sic
998 3781 1289 3841 assumebat,
1308 3792 1365 3830 ut
1522 3784 1664 3832 xlv.
1691 3799 1740 3831 1.
1778 3783 1879 3832 Alii
1900 3817 1915 3842 ,
1943 3783 2061 3833 sim.
2092 3787 2209 3832 Post
2236 3783 2464 3840 Gravius,

336 3883 478 3914 suum
505 3867 760 3914 dumtaxat
783 3877 962 3910 nomen
978 3897 993 3920 ‚
1035 3861 1184 3924 idque
1217 3861 1361 3910 infle·
1452 3863 1577 3926 «qui
1602 3873 1649 3910 te
1667 3862 1927 3926 adoptavit
1943 3865 2098 3928 petris
2114 3865 2281 3914 1000..
2290 3863 2460 3912 bliem.

329 3961 448 3993 xum
487 3955 632 4008 atque
669 3945 974 3990 immutatum
1017 3941 1274 3990 retineret:
1308 3951 1363 3990 ut
1450 3944 1690 3990 Gmton.
1712 3942 1868 3989 Wolf.
1892 3945 2248 3993 enuntiantur.
2277 3946 2324 3993 J.
2342 3947 2393 3990 V.
2412 3943 2456 3986 L.

329 4023 464 4089 apud
482 4025 632 4074 Dion.
650 4024 737 4073 lib.
763 4025 855 4070 XL
879 4033 930 4071 et
954 4023 1134 4069 XLVI.
1525 4037 1576 4069 2.
1604 4019 1733 4082 Alii,
1760 4021 1935 4070 soleat.
