<?xml version="1.0" encoding="UTF-8"?>
<!DOCTYPE html PUBLIC "-//W3C//DTD XHTML 1.0 Transitional//EN"
    "http://www.w3.org/TR/xhtml1/DTD/xhtml1-transitional.dtd">
<html xmlns="http://www.w3.org/1999/xhtml" xml:lang="en" lang="en">
 <head>
  <title>
</title>
<meta http-equiv="Content-Type" content="text/html;charset=utf-8" />
  <meta name='ocr-system' content='tesseract 3.04.00' />
  <meta name='ocr-capabilities' content='ocr_page ocr_carea ocr_par ocr_line ocrx_word'/>
</head>
<body>
  <div class='ocr_page' id='page_1' title='image "./mtciceronisquae05lemagoog_0216.png"; bbox 0 0 2594 4537; ppageno 0'>
   <div class='ocr_carea' id='block_1_1' title="bbox 361 227 1880 316">
    <p class='ocr_par' dir='ltr' id='par_1_1' title="bbox 361 227 1880 316">
     <span class='ocr_line' id='line_1_1' title="bbox 361 227 1880 316; baseline 0.001 -14"><span class='ocrx_word' id='word_1_1' title='bbox 361 235 501 316; x_wconf 73' lang='lat'>204</span> <span class='ocrx_word' id='word_1_2' title='bbox 986 233 1082 300; x_wconf 88' lang='lat' dir='ltr'>M.</span> <span class='ocrx_word' id='word_1_3' title='bbox 1133 235 1208 303; x_wconf 90' lang='lat' dir='ltr'>T.</span> <span class='ocrx_word' id='word_1_4' title='bbox 1258 227 1880 306; x_wconf 64' lang='lat' dir='ltr'>CICERONIS</span> 
     </span>
    </p>
   </div>
   <div class='ocr_carea' id='block_1_2' title="bbox 342 352 2567 3085">
    <p class='ocr_par' dir='ltr' id='par_1_2' title="bbox 346 352 2567 1435">
     <span class='ocr_line' id='line_1_2' title="bbox 352 352 2520 444; baseline 0.005 -20"><span class='ocrx_word' id='word_1_5' title='bbox 352 354 567 427; x_wconf 87' lang='lat' dir='ltr'>dibus</span> <span class='ocrx_word' id='word_1_6' title='bbox 602 352 1134 426; x_wconf 79' lang='lat' dir='ltr'><strong>efferebantur?</strong></span> <span class='ocrx_word' id='word_1_7' title='bbox 1167 380 1366 430; x_wconf 88' lang='lat' dir='ltr'>nunc</span> <span class='ocrx_word' id='word_1_8' title='bbox 1408 381 1707 444; x_wconf 82' lang='lat' dir='ltr'>vereor,</span> <span class='ocrx_word' id='word_1_9' title='bbox 1751 382 1848 429; x_wconf 89' lang='lat' dir='ltr'>ue</span> <span class='ocrx_word' id='word_1_10' title='bbox 1885 382 2034 428; x_wconf 87' lang='lat' dir='ltr'>non</span> <span class='ocrx_word' id='word_1_11' title='bbox 2071 359 2320 432; x_wconf 86' lang='lat' dir='ltr'>modo</span> <span class='ocrx_word' id='word_1_12' title='bbox 2361 387 2520 434; x_wconf 88' lang='lat' dir='ltr'>non</span> 
     </span>
     <span class='ocr_line' id='line_1_3' title="bbox 352 466 2520 564; baseline 0.004 -29"><span class='ocrx_word' id='word_1_13' title='bbox 352 467 673 563; x_wconf 84' lang='lat' dir='ltr'>prosint,</span> <span class='ocrx_word' id='word_1_14' title='bbox 726 489 977 536; x_wconf 82' lang='lat' dir='ltr'>verum</span> <span class='ocrx_word' id='word_1_15' title='bbox 1020 467 1237 537; x_wconf 88' lang='lat' dir='ltr'>etiam</span> <span class='ocrx_word' id='word_1_16' title='bbox 1287 467 1558 564; x_wconf 88' lang='lat' dir='ltr'>aliquid</span> <span class='ocrx_word' id='word_1_17' title='bbox 1603 466 1868 538; x_wconf 88' lang='lat' dir='ltr'>obsint.</span> <span class='ocrx_word' id='word_1_18' title='bbox 1923 471 2208 540; x_wconf 83' lang='lat' dir='ltr'>Etenim</span> <span class='ocrx_word' id='word_1_19' title='bbox 2261 473 2520 542; x_wconf 86' lang='lat' dir='ltr'>multo</span> 
     </span>
     <span class='ocr_line' id='line_1_4' title="bbox 349 574 2567 674; baseline 0.004 -29"><span class='ocrx_word' id='word_1_20' title='bbox 349 578 701 647; x_wconf 88' lang='lat' dir='ltr'>acriorem</span> <span class='ocrx_word' id='word_1_21' title='bbox 739 574 1241 673; x_wconf 87' lang='lat' dir='ltr'>improborum</span> <span class='ocrx_word' id='word_1_22' title='bbox 1278 577 1646 649; x_wconf 86' lang='lat' dir='ltr'>interdum</span> <span class='ocrx_word' id='word_1_23' title='bbox 1677 581 2098 649; x_wconf 83' lang='lat' dir='ltr'>memoriam</span> <span class='ocrx_word' id='word_1_24' title='bbox 2133 603 2308 653; x_wconf 89' lang='lat' dir='ltr'>esse</span> <span class='ocrx_word' id='word_1_25' title='bbox 2343 607 2518 654; x_wconf 86' lang='lat' dir='ltr'>sen·</span> <span class='ocrx_word' id='word_1_26' title='bbox 2565 611 2567 674; x_wconf 66' lang='lat'>3</span> 
     </span>
     <span class='ocr_line' id='line_1_5' title="bbox 355 685 2518 786; baseline 0.002 -30"><span class='ocrx_word' id='word_1_27' title='bbox 355 687 461 757; x_wconf 87' lang='lat' dir='ltr'>tio</span> <span class='ocrx_word' id='word_1_28' title='bbox 482 739 502 772; x_wconf 89' lang='lat'>,</span> <span class='ocrx_word' id='word_1_29' title='bbox 538 709 759 781; x_wconf 90' lang='lat' dir='ltr'>quam</span> <span class='ocrx_word' id='word_1_30' title='bbox 781 685 1172 758; x_wconf 89' lang='lat' dir='ltr'>bonorum.</span> <span class='ocrx_word' id='word_1_31' title='bbox 1192 690 1343 784; x_wconf 85' lang='lat' dir='ltr'>Ego</span> <span class='ocrx_word' id='word_1_32' title='bbox 1374 701 1472 772; x_wconf 83' lang='lat' dir='ltr'>te,</span> <span class='ocrx_word' id='word_1_33' title='bbox 1509 689 1568 758; x_wconf 88' lang='lat' dir='ltr'>si</span> <span class='ocrx_word' id='word_1_34' title='bbox 1599 687 1776 784; x_wconf 91' lang='lat' dir='ltr'>quid</span> <span class='ocrx_word' id='word_1_35' title='bbox 1798 692 2084 786; x_wconf 84' lang='lat' dir='ltr'>gravius</span> <span class='ocrx_word' id='word_1_36' title='bbox 2109 691 2518 778; x_wconf 83' lang='lat' dir='ltr'>acciderit,</span> 
     </span>
     <span class='ocr_line' id='line_1_6' title="bbox 354 795 2567 894; baseline 0.003 -29"><span class='ocrx_word' id='word_1_37' title='bbox 354 815 489 890; x_wconf 86' lang='lat' dir='ltr'>ego</span> <span class='ocrx_word' id='word_1_38' title='bbox 514 807 585 864; x_wconf 89' lang='lat' dir='ltr'>te</span> <span class='ocrx_word' id='word_1_39' title='bbox 603 849 622 880; x_wconf 90' lang='lat'>,</span> <span class='ocrx_word' id='word_1_40' title='bbox 659 795 989 891; x_wconf 88' lang='lat' dir='ltr'>inquam,</span> <span class='ocrx_word' id='word_1_41' title='bbox 1008 796 1288 885; x_wconf 88' lang='lat' dir='ltr'>Flacce‚</span> <span class='ocrx_word' id='word_1_42' title='bbox 1318 796 1710 894; x_wconf 80' lang='lat' dir='ltr'>prodidero</span> <span class='ocrx_word' id='word_1_43' title='bbox 1731 809 1760 840; x_wconf 84' lang='lat'>²</span> <span class='ocrx_word' id='word_1_44' title='bbox 1785 824 1800 865; x_wconf 75' lang='grc' dir='ltr'><strong><em>ε</em></strong></span> <span class='ocrx_word' id='word_1_45' title='bbox 1831 821 1991 870; x_wconf 90' lang='lat' dir='ltr'>mea</span> <span class='ocrx_word' id='word_1_46' title='bbox 2017 797 2328 871; x_wconf 84' lang='lat' dir='ltr'>dextera</span> <span class='ocrx_word' id='word_1_47' title='bbox 2357 803 2516 887; x_wconf 88' lang='lat' dir='ltr'>illa,</span> <span class='ocrx_word' id='word_1_48' title='bbox 2566 805 2567 816; x_wconf 51' lang='lat'>³</span> 
     </span>
     <span class='ocr_line' id='line_1_7' title="bbox 351 901 2516 1006; baseline 0.003 -32"><span class='ocrx_word' id='word_1_49' title='bbox 351 927 513 978; x_wconf 87' lang='lat' dir='ltr'>mea</span> <span class='ocrx_word' id='word_1_50' title='bbox 548 901 762 994; x_wconf 87' lang='lat' dir='ltr'>fides,</span> <span class='ocrx_word' id='word_1_51' title='bbox 808 929 968 982; x_wconf 89' lang='lat' dir='ltr'>mea</span> <span class='ocrx_word' id='word_1_52' title='bbox 1000 909 1348 1004; x_wconf 82' lang='lat' dir='ltr'>promissa</span> <span class='ocrx_word' id='word_1_53' title='bbox 1371 960 1391 995; x_wconf 92' lang='lat'>,</span> <span class='ocrx_word' id='word_1_54' title='bbox 1435 930 1664 1003; x_wconf 90' lang='lat' dir='ltr'>quum</span> <span class='ocrx_word' id='word_1_55' title='bbox 1707 920 1820 996; x_wconf 85' lang='lat' dir='ltr'>te,</span> <span class='ocrx_word' id='word_1_56' title='bbox 1856 907 1916 976; x_wconf 88' lang='lat' dir='ltr'>si</span> <span class='ocrx_word' id='word_1_57' title='bbox 1957 909 2516 1006; x_wconf 77' lang='lat' dir='ltr'>rempublicam</span> 
     </span>
     <span class='ocr_line' id='line_1_8' title="bbox 358 1015 2567 1117; baseline 0.003 -33"><span class='ocrx_word' id='word_1_58' title='bbox 358 1037 977 1104; x_wconf 69' lang='lat' dir='ltr'>conservat-emm,</span> <span class='ocrx_word' id='word_1_59' title='bbox 1019 1017 1350 1086; x_wconf 89' lang='lat' dir='ltr'>omnium</span> <span class='ocrx_word' id='word_1_60' title='bbox 1413 1015 1778 1087; x_wconf 88' lang='lat' dir='ltr'>bonorum</span> <span class='ocrx_word' id='word_1_61' title='bbox 1835 1017 2200 1114; x_wconf 75' lang='lat' dir='ltr'>praesidio,</span> <span class='ocrx_word' id='word_1_62' title='bbox 2241 1019 2514 1117; x_wconf 86' lang='lat' dir='ltr'>quoad</span> <span class='ocrx_word' id='word_1_63' title='bbox 2566 1053 2567 1056; x_wconf 39' lang='lat'>¹</span> 
     </span>
     <span class='ocr_line' id='line_1_9' title="bbox 350 1123 2510 1214; baseline 0.004 -23"><span class='ocrx_word' id='word_1_64' title='bbox 350 1124 657 1208; x_wconf 65' lang='lat' dir='ltr'>viveres»,</span> <span class='ocrx_word' id='word_1_65' title='bbox 698 1150 848 1196; x_wconf 89' lang='lat' dir='ltr'>non</span> <span class='ocrx_word' id='word_1_66' title='bbox 876 1123 1100 1196; x_wconf 88' lang='lat' dir='ltr'>modo</span> <span class='ocrx_word' id='word_1_67' title='bbox 1125 1124 1492 1195; x_wconf 86' lang='lat' dir='ltr'>munitum</span> <span class='ocrx_word' id='word_1_68' title='bbox 1507 1150 1544 1214; x_wconf 90' lang='lat'>‚·</span> <span class='ocrx_word' id='word_1_69' title='bbox 1566 1125 1693 1196; x_wconf 88' lang='lat' dir='ltr'>sed</span> <span class='ocrx_word' id='word_1_70' title='bbox 1719 1125 1936 1196; x_wconf 88' lang='lat' dir='ltr'>etiam</span> <span class='ocrx_word' id='word_1_71' title='bbox 1960 1141 2312 1198; x_wconf 89' lang='lat' dir='ltr'>ornatum</span> <span class='ocrx_word' id='word_1_72' title='bbox 2342 1127 2510 1199; x_wconf 85' lang='lat' dir='ltr'>fore</span> 
     </span>
     <span class='ocr_line' id='line_1_10' title="bbox 346 1233 2508 1332; baseline 0.002 -28"><span class='ocrx_word' id='word_1_73' title='bbox 346 1233 761 1330; x_wconf 80' lang='lat' dir='ltr'>pollicebar.</span> <span class='ocrx_word' id='word_1_74' title='bbox 791 1238 1076 1321; x_wconf 74' lang='lat' dir='ltr'>Patavi,</span> <span class='ocrx_word' id='word_1_75' title='bbox 1097 1237 1409 1332; x_wconf 82' lang='lat' dir='ltr'>speravi,</span> <span class='ocrx_word' id='word_1_76' title='bbox 1445 1237 1723 1306; x_wconf 79' lang='lat' dir='ltr'>etiamsi</span> <span class='ocrx_word' id='word_1_77' title='bbox 1751 1234 1986 1308; x_wconf 87' lang='lat' dir='ltr'>honos</span> <span class='ocrx_word' id='word_1_78' title='bbox 2005 1251 2254 1309; x_wconf 89' lang='lat' dir='ltr'>noster</span> <span class='ocrx_word' id='word_1_79' title='bbox 2283 1238 2508 1311; x_wconf 79' lang='lat' dir='ltr'>vohis</span> 
     </span>
     <span class='ocr_line' id='line_1_11' title="bbox 351 1342 2140 1435; baseline 0.004 -23"><span class='ocrx_word' id='word_1_80' title='bbox 351 1343 561 1416; x_wconf 83' lang='lat' dir='ltr'>vilior</span> <span class='ocrx_word' id='word_1_81' title='bbox 581 1342 611 1388; x_wconf 78' lang='lat'>³</span> <span class='ocrx_word' id='word_1_82' title='bbox 646 1343 894 1418; x_wconf 87' lang='lat' dir='ltr'>fuisset</span> <span class='ocrx_word' id='word_1_83' title='bbox 912 1400 932 1435; x_wconf 89' lang='lat'>,</span> <span class='ocrx_word' id='word_1_84' title='bbox 975 1345 1275 1416; x_wconf 89' lang='lat' dir='ltr'>salutem</span> <span class='ocrx_word' id='word_1_85' title='bbox 1306 1359 1501 1416; x_wconf 84' lang='lat' dir='ltr'>cert-e</span> <span class='ocrx_word' id='word_1_86' title='bbox 1528 1368 1760 1416; x_wconf 84' lang='lat' dir='ltr'>caram</span> <span class='ocrx_word' id='word_1_87' title='bbox 1798 1343 2140 1428; x_wconf 81' lang='lat' dir='ltr'>futuram.</span> 
     </span>
    </p>

    <p class='ocr_par' dir='ltr' id='par_1_3' title="bbox 342 1453 2567 2874">
     <span class='ocr_line' id='line_1_12' title="bbox 449 1453 2504 1552; baseline 0.001 -27"><span class='ocrx_word' id='word_1_88' title='bbox 449 1457 574 1543; x_wconf 79' lang='lat' dir='ltr'>At,</span> <span class='ocrx_word' id='word_1_89' title='bbox 610 1461 687 1526; x_wconf 89' lang='lat' dir='ltr'>L.</span> <span class='ocrx_word' id='word_1_90' title='bbox 736 1455 1069 1526; x_wconf 85' lang='lat' dir='ltr'>Flaccum</span> <span class='ocrx_word' id='word_1_91' title='bbox 1104 1453 1400 1552; x_wconf 86' lang='lat' dir='ltr'>quidem</span> <span class='ocrx_word' id='word_1_92' title='bbox 1426 1509 1445 1543; x_wconf 90' lang='lat'>‚</span> <span class='ocrx_word' id='word_1_93' title='bbox 1476 1453 1788 1549; x_wconf 76' lang='lat' dir='ltr'>judiceS‚</span> <span class='ocrx_word' id='word_1_94' title='bbox 1835 1456 1894 1526; x_wconf 90' lang='lat' dir='ltr'>si</span> <span class='ocrx_word' id='word_1_95' title='bbox 1931 1453 2190 1551; x_wconf 90' lang='lat' dir='ltr'>(quod-</span> <span class='ocrx_word' id='word_1_96' title='bbox 2209 1453 2319 1527; x_wconf 83' lang='lat' dir='ltr'>dii</span> <span class='ocrx_word' id='word_1_97' title='bbox 2361 1462 2504 1528; x_wconf 89' lang='lat' dir='ltr'>im·</span> 
     </span>
     <span class='ocr_line' id='line_1_13' title="bbox 354 1562 2504 1662; baseline 0.002 -28"><span class='ocrx_word' id='word_1_98' title='bbox 354 1565 694 1636; x_wconf 84' lang='lat' dir='ltr'>mortales</span> <span class='ocrx_word' id='word_1_99' title='bbox 752 1589 967 1636; x_wconf 91' lang='lat' dir='ltr'>omen</span> <span class='ocrx_word' id='word_1_100' title='bbox 1024 1563 1382 1636; x_wconf 83' lang='lat' dir='ltr'>avertant!</span> <span class='ocrx_word' id='word_1_101' title='bbox 1417 1562 1448 1660; x_wconf 92' lang='lat'><em>)</em></span> <span class='ocrx_word' id='word_1_102' title='bbox 1503 1565 1735 1662; x_wconf 84' lang='lat' dir='ltr'>gravis</span> <span class='ocrx_word' id='word_1_103' title='bbox 1785 1563 2048 1658; x_wconf 85' lang='lat' dir='ltr'>injuria</span> <span class='ocrx_word' id='word_1_104' title='bbox 2105 1563 2458 1638; x_wconf 79' lang='lat' dir='ltr'>afflixerit</span> <span class='ocrx_word' id='word_1_105' title='bbox 2482 1621 2504 1656; x_wconf 87' lang='lat'>‚</span> 
     </span>
     <span class='ocr_line' id='line_1_14' title="bbox 348 1668 2504 1774; baseline 0.002 -29"><span class='ocrx_word' id='word_1_106' title='bbox 348 1699 753 1773; x_wconf 78' lang='lat' dir='ltr'>numquam</span> <span class='ocrx_word' id='word_1_107' title='bbox 783 1691 1019 1752; x_wconf 68' lang='lat' dir='ltr'>tamen</span> <span class='ocrx_word' id='word_1_108' title='bbox 1041 1676 1496 1774; x_wconf 80' lang='lat' dir='ltr'>prospexisse</span> <span class='ocrx_word' id='word_1_109' title='bbox 1510 1668 1760 1746; x_wconf 69' lang='lat' dir='ltr'>&#39;vestrae</span> <span class='ocrx_word' id='word_1_110' title='bbox 1779 1675 1986 1746; x_wconf 81' lang='lat' dir='ltr'>saluti</span> <span class='ocrx_word' id='word_1_111' title='bbox 2003 1728 2024 1760; x_wconf 90' lang='lat'>‚</span> <span class='ocrx_word' id='word_1_112' title='bbox 2039 1677 2504 1750; x_wconf 74' lang='lat' dir='ltr'>consuluisse</span> 
     </span>
     <span class='ocr_line' id='line_1_15' title="bbox 349 1781 2495 1884; baseline 0.002 -31"><span class='ocrx_word' id='word_1_113' title='bbox 349 1781 558 1855; x_wconf 83' lang='lat' dir='ltr'>vobis</span> <span class='ocrx_word' id='word_1_114' title='bbox 571 1838 591 1873; x_wconf 90' lang='lat'>,</span> <span class='ocrx_word' id='word_1_115' title='bbox 620 1783 862 1856; x_wconf 89' lang='lat' dir='ltr'>liberis</span> <span class='ocrx_word' id='word_1_116' title='bbox 879 1839 899 1872; x_wconf 93' lang='lat'><strong>‚</strong></span> <span class='ocrx_word' id='word_1_117' title='bbox 916 1783 1352 1882; x_wconf 86' lang='lat' dir='ltr'>conjugibus</span> <span class='ocrx_word' id='word_1_118' title='bbox 1368 1840 1388 1875; x_wconf 89' lang='lat'>,</span> <span class='ocrx_word' id='word_1_119' title='bbox 1405 1781 1718 1856; x_wconf 85' lang='lat' dir='ltr'>fortunis</span> <span class='ocrx_word' id='word_1_120' title='bbox 1753 1787 2038 1872; x_wconf 78' lang='lat' dir='ltr'>vestriS,</span> <span class='ocrx_word' id='word_1_121' title='bbox 2070 1787 2495 1884; x_wconf 87' lang='lat' dir='ltr'>poenitebit.</span> 
     </span>
     <span class='ocr_line' id='line_1_16' title="bbox 350 1894 2498 1994; baseline 0.001 -29"><span class='ocrx_word' id='word_1_122' title='bbox 350 1898 651 1994; x_wconf 87' lang='lat' dir='ltr'>Semper</span> <span class='ocrx_word' id='word_1_123' title='bbox 688 1898 785 1966; x_wconf 91' lang='lat' dir='ltr'>ita</span> <span class='ocrx_word' id='word_1_124' title='bbox 818 1900 1114 1984; x_wconf 87' lang='lat' dir='ltr'>sentiet,</span> <span class='ocrx_word' id='word_1_125' title='bbox 1150 1896 1366 1968; x_wconf 88' lang='lat' dir='ltr'>talem</span> <span class='ocrx_word' id='word_1_126' title='bbox 1409 1919 1484 1966; x_wconf 89' lang='lat' dir='ltr'>se</span> <span class='ocrx_word' id='word_1_127' title='bbox 1517 1894 1888 1966; x_wconf 76' lang='lat' dir='ltr'>animum4</span> <span class='ocrx_word' id='word_1_128' title='bbox 1937 1909 2012 1967; x_wconf 87' lang='lat' dir='ltr'>et</span> <span class='ocrx_word' id='word_1_129' title='bbox 2044 1899 2338 1993; x_wconf 85' lang='lat' dir='ltr'>generis</span> <span class='ocrx_word' id='word_1_130' title='bbox 2387 1897 2498 1968; x_wconf 89' lang='lat' dir='ltr'>di-</span> 
     </span>
     <span class='ocr_line' id='line_1_17' title="bbox 350 2005 2497 2107; baseline 0.002 -32"><span class='ocrx_word' id='word_1_131' title='bbox 350 2007 607 2101; x_wconf 86' lang='lat' dir='ltr'>gnitati</span> <span class='ocrx_word' id='word_1_132' title='bbox 623 2061 643 2096; x_wconf 90' lang='lat'>,</span> <span class='ocrx_word' id='word_1_133' title='bbox 683 2022 757 2079; x_wconf 91' lang='lat' dir='ltr'>et</span> <span class='ocrx_word' id='word_1_134' title='bbox 784 2009 1032 2106; x_wconf 87' lang='lat' dir='ltr'>pietati</span> <span class='ocrx_word' id='word_1_135' title='bbox 1062 2031 1206 2079; x_wconf 83' lang='lat' dir='ltr'>suae</span> <span class='ocrx_word' id='word_1_136' title='bbox 1222 2063 1244 2098; x_wconf 89' lang='lat'>‚</span> <span class='ocrx_word' id='word_1_137' title='bbox 1270 2021 1346 2078; x_wconf 90' lang='lat' dir='ltr'>et</span> <span class='ocrx_word' id='word_1_138' title='bbox 1370 2007 1617 2104; x_wconf 84' lang='lat' dir='ltr'>patriae</span> <span class='ocrx_word' id='word_1_139' title='bbox 1643 2005 1980 2079; x_wconf 83' lang='lat' dir='ltr'>debuisse</span> <span class='ocrx_word' id='word_1_140' title='bbox 2009 2035 2025 2076; x_wconf 77' lang='grc' dir='ltr'><strong><em>ε</em></strong></span> <span class='ocrx_word' id='word_1_141' title='bbox 2053 2031 2184 2078; x_wconf 81' lang='lat' dir='ltr'>vos</span> <span class='ocrx_word' id='word_1_142' title='bbox 2211 2033 2311 2080; x_wconf 87' lang='lat' dir='ltr'>ue</span> <span class='ocrx_word' id='word_1_143' title='bbox 2337 2033 2497 2107; x_wconf 88' lang='lat' dir='ltr'>poe·</span> 
     </span>
     <span class='ocr_line' id='line_1_18' title="bbox 348 2115 2494 2216; baseline 0.001 -31"><span class='ocrx_word' id='word_1_144' title='bbox 348 2116 578 2187; x_wconf 82' lang='lat' dir='ltr'>niteat</span> <span class='ocrx_word' id='word_1_145' title='bbox 601 2116 725 2188; x_wconf 89' lang='lat' dir='ltr'>tali</span> <span class='ocrx_word' id='word_1_146' title='bbox 753 2118 891 2188; x_wconf 83' lang='lat' dir='ltr'>civi</span> <span class='ocrx_word' id='word_1_147' title='bbox 925 2142 1077 2188; x_wconf 87' lang='lat' dir='ltr'>non</span> <span class='ocrx_word' id='word_1_148' title='bbox 1112 2118 1520 2216; x_wconf 88' lang='lat' dir='ltr'>pepercisse</span> <span class='ocrx_word' id='word_1_149' title='bbox 1546 2172 1566 2205; x_wconf 93' lang='lat'>‚</span> <span class='ocrx_word' id='word_1_150' title='bbox 1610 2141 1742 2216; x_wconf 89' lang='lat' dir='ltr'>per</span> <span class='ocrx_word' id='word_1_151' title='bbox 1773 2115 1948 2188; x_wconf 88' lang='lat' dir='ltr'>deos</span> <span class='ocrx_word' id='word_1_152' title='bbox 1996 2117 2494 2190; x_wconf 74' lang='lat' dir='ltr'>immortales!</span> 
     </span>
     <span class='ocr_line' id='line_1_19' title="bbox 342 2224 2567 2326; baseline 0.001 -30"><span class='ocrx_word' id='word_1_153' title='bbox 342 2224 619 2323; x_wconf 86' lang='lat' dir='ltr'>judiees</span> <span class='ocrx_word' id='word_1_154' title='bbox 636 2282 656 2316; x_wconf 88' lang='lat'>,</span> <span class='ocrx_word' id='word_1_155' title='bbox 679 2226 1075 2326; x_wconf 86' lang='lat' dir='ltr'>providete.</span> <span class='ocrx_word' id='word_1_156' title='bbox 1100 2229 1388 2318; x_wconf 90' lang='lat' dir='ltr'>Quotus</span> <span class='ocrx_word' id='word_1_157' title='bbox 1411 2227 1606 2297; x_wconf 89' lang='lat' dir='ltr'>enim</span> <span class='ocrx_word' id='word_1_158' title='bbox 1635 2229 1946 2325; x_wconf 90' lang='lat' dir='ltr'>quisque</span> <span class='ocrx_word' id='word_1_159' title='bbox 1974 2229 2268 2325; x_wconf 90' lang='lat' dir='ltr'>est,qui</span> <span class='ocrx_word' id='word_1_160' title='bbox 2299 2227 2492 2299; x_wconf 87' lang='lat' dir='ltr'>hanc</span> <span class='ocrx_word' id='word_1_161' title='bbox 2565 2245 2567 2254; x_wconf 92' lang='grc'><strong><em>·</em></strong></span> 
     </span>
     <span class='ocr_line' id='line_1_20' title="bbox 346 2334 2490 2436; baseline 0.001 -30"><span class='ocrx_word' id='word_1_162' title='bbox 346 2336 426 2407; x_wconf 90' lang='lat' dir='ltr'>in</span> <span class='ocrx_word' id='word_1_163' title='bbox 465 2336 843 2435; x_wconf 87' lang='lat' dir='ltr'>republica</span> <span class='ocrx_word' id='word_1_164' title='bbox 882 2352 1145 2409; x_wconf 85' lang='lat' dir='ltr'>sectam</span> <span class='ocrx_word' id='word_1_165' title='bbox 1165 2334 1195 2380; x_wconf 85' lang='lat'>⁵</span> <span class='ocrx_word' id='word_1_166' title='bbox 1230 2334 1622 2435; x_wconf 85' lang='lat' dir='ltr'>sequatur?</span> <span class='ocrx_word' id='word_1_167' title='bbox 1661 2339 1790 2434; x_wconf 89' lang='lat' dir='ltr'>qui</span> <span class='ocrx_word' id='word_1_168' title='bbox 1825 2335 2068 2425; x_wconf 77' lang='lat' dir='ltr'>vobiS‚</span> <span class='ocrx_word' id='word_1_169' title='bbox 2108 2341 2240 2436; x_wconf 91' lang='lat' dir='ltr'>qui</span> <span class='ocrx_word' id='word_1_170' title='bbox 2272 2340 2490 2410; x_wconf 80' lang='lat' dir='ltr'>vestri</span> 
     </span>
     <span class='ocr_line' id='line_1_21' title="bbox 347 2446 2487 2545; baseline -0.001 -28"><span class='ocrx_word' id='word_1_171' title='bbox 347 2446 705 2517; x_wconf 84' lang='lat' dir='ltr'>similibus</span> <span class='ocrx_word' id='word_1_172' title='bbox 732 2446 1015 2544; x_wconf 83' lang='lat' dir='ltr'>placere</span> <span class='ocrx_word' id='word_1_173' title='bbox 1042 2448 1331 2545; x_wconf 80' lang='lat' dir='ltr'>cupiat?</span> <span class='ocrx_word' id='word_1_174' title='bbox 1359 2450 1488 2544; x_wconf 89' lang='lat' dir='ltr'>qui</span> <span class='ocrx_word' id='word_1_175' title='bbox 1526 2448 1782 2544; x_wconf 89' lang='lat' dir='ltr'>optimi</span> <span class='ocrx_word' id='word_1_176' title='bbox 1817 2461 2034 2545; x_wconf 90' lang='lat' dir='ltr'>atque</span> <span class='ocrx_word' id='word_1_177' title='bbox 2061 2448 2487 2544; x_wconf 85' lang='lat' dir='ltr'>amplissimi</span> 
     </span>
     <span class='ocr_line' id='line_1_22' title="bbox 348 2554 2486 2655; baseline 0 -30"><span class='ocrx_word' id='word_1_178' title='bbox 348 2554 705 2653; x_wconf 85' lang='lat' dir='ltr'>qu&#39;usque</span> <span class='ocrx_word' id='word_1_179' title='bbox 746 2556 1063 2627; x_wconf 90' lang='lat' dir='ltr'>hominis</span> <span class='ocrx_word' id='word_1_180' title='bbox 1104 2570 1326 2654; x_wconf 88' lang='lat' dir='ltr'>atque</span> <span class='ocrx_word' id='word_1_181' title='bbox 1373 2556 1648 2629; x_wconf 86' lang='lat' dir='ltr'>ordinis</span> <span class='ocrx_word' id='word_1_182' title='bbox 1691 2558 2190 2628; x_wconf 85' lang='lat' dir='ltr'>auctoritatem</span> <span class='ocrx_word' id='word_1_183' title='bbox 2241 2558 2486 2655; x_wconf 86' lang='lat' dir='ltr'>magni</span> 
     </span>
     <span class='ocr_line' id='line_1_23' title="bbox 344 2662 2486 2765; baseline 0 -31"><span class='ocrx_word' id='word_1_184' title='bbox 344 2679 555 2762; x_wconf 89' lang='lat' dir='ltr'>putet</span> <span class='ocrx_word' id='word_1_185' title='bbox 570 2718 590 2753; x_wconf 87' lang='lat'>,</span> <span class='ocrx_word' id='word_1_186' title='bbox 616 2689 847 2762; x_wconf 90' lang='lat' dir='ltr'>quum</span> <span class='ocrx_word' id='word_1_187' title='bbox 868 2666 1064 2737; x_wconf 84' lang='lat' dir='ltr'>illam</span> <span class='ocrx_word' id='word_1_188' title='bbox 1090 2662 1336 2737; x_wconf 45' lang='lat' dir='ltr'>viam&amp;²</span> <span class='ocrx_word' id='word_1_189' title='bbox 1357 2664 1494 2737; x_wconf 88' lang='lat' dir='ltr'>sibi</span> <span class='ocrx_word' id='word_1_190' title='bbox 1515 2666 1809 2738; x_wconf 79' lang='lat' dir='ltr'>videant</span> <span class='ocrx_word' id='word_1_191' title='bbox 1834 2665 2362 2765; x_wconf 82' lang='lat' dir='ltr'>expeditiorem</span> <span class='ocrx_word' id='word_1_192' title='bbox 2393 2664 2486 2736; x_wconf 92' lang='lat' dir='ltr'>ad</span> 
     </span>
     <span class='ocr_line' id='line_1_24' title="bbox 348 2772 2093 2874; baseline 0 -29"><span class='ocrx_word' id='word_1_193' title='bbox 348 2772 701 2865; x_wconf 81' lang='lat' dir='ltr'>honoreS,</span> <span class='ocrx_word' id='word_1_194' title='bbox 746 2790 821 2847; x_wconf 89' lang='lat' dir='ltr'>et</span> <span class='ocrx_word' id='word_1_195' title='bbox 854 2775 944 2848; x_wconf 89' lang='lat' dir='ltr'>ad</span> <span class='ocrx_word' id='word_1_196' title='bbox 973 2779 1211 2847; x_wconf 88' lang='lat' dir='ltr'>omnia</span> <span class='ocrx_word' id='word_1_197' title='bbox 1232 2830 1251 2865; x_wconf 91' lang='lat'>,</span> <span class='ocrx_word' id='word_1_198' title='bbox 1285 2801 1448 2873; x_wconf 82' lang='lat' dir='ltr'>quae</span> <span class='ocrx_word' id='word_1_199' title='bbox 1476 2776 2093 2874; x_wconf 23' lang='lat' dir='ltr'>con-cupiverunt?</span> 
     </span>
    </p>

    <p class='ocr_par' dir='ltr' id='par_1_4' title="bbox 342 2882 2482 3085">
     <span class='ocr_line' id='line_1_25' title="bbox 436 2882 2482 2982; baseline 0.001 -29"><span class='ocrx_word' id='word_1_200' title='bbox 436 2886 653 2965; x_wconf 87' lang='lat' dir='ltr'><strong>XLII.</strong></span> <span class='ocrx_word' id='word_1_201' title='bbox 696 2884 837 2957; x_wconf 91' lang='lat' dir='ltr'>Sed</span> <span class='ocrx_word' id='word_1_202' title='bbox 874 2900 1113 2957; x_wconf 84' lang='lat' dir='ltr'>cetera</span> <span class='ocrx_word' id='word_1_203' title='bbox 1155 2887 1301 2957; x_wconf 87' lang='lat' dir='ltr'>sint</span> <span class='ocrx_word' id='word_1_204' title='bbox 1341 2910 1638 2975; x_wconf 77' lang='lat' dir='ltr'>eorum-3</span> <span class='ocrx_word' id='word_1_205' title='bbox 1679 2884 1819 2956; x_wconf 89' lang='lat' dir='ltr'>sibi</span> <span class='ocrx_word' id='word_1_206' title='bbox 1861 2882 2176 2957; x_wconf 89' lang='lat' dir='ltr'>habeant</span> <span class='ocrx_word' id='word_1_207' title='bbox 2213 2898 2482 2982; x_wconf 87' lang='lat' dir='ltr'>poten-</span> 
     </span>
     <span class='ocr_line' id='line_1_26' title="bbox 342 2994 2480 3085; baseline -0 -20"><span class='ocrx_word' id='word_1_208' title='bbox 342 2997 517 3067; x_wconf 86' lang='lat' dir='ltr'>tiam</span> <span class='ocrx_word' id='word_1_209' title='bbox 540 3006 560 3039; x_wconf 85' lang='lat'>¹</span> <span class='ocrx_word' id='word_1_210' title='bbox 588 3050 609 3083; x_wconf 90' lang='lat'>,</span> <span class='ocrx_word' id='word_1_211' title='bbox 648 2996 785 3067; x_wconf 86' lang='lat' dir='ltr'>sibi</span> <span class='ocrx_word' id='word_1_212' title='bbox 843 2995 1198 3085; x_wconf 68' lang='lat' dir='ltr'>honores»,</span> <span class='ocrx_word' id='word_1_213' title='bbox 1250 2994 1390 3066; x_wconf 89' lang='lat' dir='ltr'>sibi</span> <span class='ocrx_word' id='word_1_214' title='bbox 1453 3010 1864 3067; x_wconf 87' lang='lat' dir='ltr'>ceterorum</span> <span class='ocrx_word' id='word_1_215' title='bbox 1925 2994 2480 3066; x_wconf 88' lang='lat' dir='ltr'>commodorum</span> 
     </span>
    </p>
   </div>
   <div class='ocr_carea' id='block_1_3' title="bbox 346 3104 2478 3203">
    <p class='ocr_par' dir='ltr' id='par_1_5' title="bbox 346 3104 2478 3203">
     <span class='ocr_line' id='line_1_27' title="bbox 346 3104 2478 3203; baseline -0 -29"><span class='ocrx_word' id='word_1_216' title='bbox 346 3128 659 3176; x_wconf 84' lang='lat' dir='ltr'>summas</span> <span class='ocrx_word' id='word_1_217' title='bbox 694 3105 1063 3178; x_wconf 86' lang='lat' dir='ltr'>facultates</span> <span class='ocrx_word' id='word_1_218' title='bbox 1103 3134 1119 3177; x_wconf 90' lang='lat'><strong>:</strong></span> <span class='ocrx_word' id='word_1_219' title='bbox 1168 3106 1375 3178; x_wconf 88' lang='lat' dir='ltr'>liceat</span> <span class='ocrx_word' id='word_1_220' title='bbox 1417 3106 1539 3195; x_wconf 85' lang='lat' dir='ltr'>iis,</span> <span class='ocrx_word' id='word_1_221' title='bbox 1578 3108 1704 3203; x_wconf 90' lang='lat' dir='ltr'>qui</span> <span class='ocrx_word' id='word_1_222' title='bbox 1737 3104 1891 3175; x_wconf 87' lang='lat' dir='ltr'>haec</span> <span class='ocrx_word' id='word_1_223' title='bbox 1925 3104 2115 3177; x_wconf 82' lang='lat' dir='ltr'>salva</span> <span class='ocrx_word' id='word_1_224' title='bbox 2146 3127 2304 3175; x_wconf 91' lang='lat' dir='ltr'>esse</span> <span class='ocrx_word' id='word_1_225' title='bbox 2350 3128 2478 3174; x_wconf 87' lang='lat' dir='ltr'>vo-</span> 
     </span>
    </p>
   </div>
   <div class='ocr_carea' id='block_1_4' title="bbox 419 3343 2472 3409">
    <p class='ocr_par' dir='ltr' id='par_1_6' title="bbox 419 3343 2472 3409">
     <span class='ocr_line' id='line_1_28' title="bbox 419 3343 2472 3409; baseline 0 -18"><span class='ocrx_word' id='word_1_226' title='bbox 419 3358 466 3391; x_wconf 71' lang='lat' dir='ltr'>a.</span> <span class='ocrx_word' id='word_1_227' title='bbox 486 3344 566 3392; x_wconf 82' lang='lat' dir='ltr'>sie</span> <span class='ocrx_word' id='word_1_228' title='bbox 594 3346 780 3409; x_wconf 79' lang='lat' dir='ltr'>optime</span> <span class='ocrx_word' id='word_1_229' title='bbox 798 3348 996 3396; x_wconf 81' lang='lat' dir='ltr'>Gruter.</span> <span class='ocrx_word' id='word_1_230' title='bbox 1018 3362 1047 3394; x_wconf 79' lang='grc' dir='ltr'><strong>ο</strong></span> <span class='ocrx_word' id='word_1_231' title='bbox 1070 3344 1223 3397; x_wconf 76' lang='lat' dir='ltr'>codd.</span> <span class='ocrx_word' id='word_1_232' title='bbox 1243 3346 1362 3395; x_wconf 70' lang='lat' dir='ltr'>suis.</span> <span class='ocrx_word' id='word_1_233' title='bbox 1521 3348 1577 3393; x_wconf 81' lang='lat'>6.</span> <span class='ocrx_word' id='word_1_234' title='bbox 1606 3344 1757 3394; x_wconf 78' lang='lat' dir='ltr'>Illam</span> <span class='ocrx_word' id='word_1_235' title='bbox 1791 3346 1948 3394; x_wconf 75' lang='lat' dir='ltr'>viam.</span> <span class='ocrx_word' id='word_1_236' title='bbox 1989 3345 2184 3394; x_wconf 79' lang='lat' dir='ltr'>Civium</span> <span class='ocrx_word' id='word_1_237' title='bbox 2220 3343 2472 3408; x_wconf 75' lang='lat' dir='ltr'>improbo·</span> 
     </span>
    </p>
   </div>
   <div class='ocr_carea' id='block_1_5' title="bbox 346 3421 2478 3555">
    <p class='ocr_par' dir='ltr' id='par_1_7' title="bbox 346 3421 2478 3555">
     <span class='ocr_line' id='line_1_29' title="bbox 346 3421 2478 3487; baseline -0.001 -15"><span class='ocrx_word' id='word_1_238' title='bbox 346 3421 505 3485; x_wconf 79' lang='lat' dir='ltr'>olim,</span> <span class='ocrx_word' id='word_1_239' title='bbox 520 3423 799 3487; x_wconf 72' lang='lat' dir='ltr'>perdidero.</span> <span class='ocrx_word' id='word_1_240' title='bbox 828 3428 949 3475; x_wconf 81' lang='lat' dir='ltr'>J.v.</span> <span class='ocrx_word' id='word_1_241' title='bbox 973 3428 1029 3473; x_wconf 88' lang='lat' dir='ltr'>L.</span> <span class='ocrx_word' id='word_1_242' title='bbox 1451 3440 1586 3486; x_wconf 83' lang='lat' dir='ltr'>rum,</span> <span class='ocrx_word' id='word_1_243' title='bbox 1619 3424 1858 3472; x_wconf 74' lang='lat' dir='ltr'>diversam</span> <span class='ocrx_word' id='word_1_244' title='bbox 1891 3424 1954 3471; x_wconf 70' lang='lat' dir='ltr'>ab</span> <span class='ocrx_word' id='word_1_245' title='bbox 1987 3438 2042 3471; x_wconf 76' lang='lat' dir='ltr'>ea</span> <span class='ocrx_word' id='word_1_246' title='bbox 2067 3438 2214 3487; x_wconf 70' lang='lat' dir='ltr'>quam</span> <span class='ocrx_word' id='word_1_247' title='bbox 2239 3434 2478 3487; x_wconf 68' lang='lat' dir='ltr'>aequatus</span> 
     </span>
     <span class='ocr_line' id='line_1_30' title="bbox 416 3502 2470 3555; baseline -0.002 -2"><span class='ocrx_word' id='word_1_248' title='bbox 416 3504 466 3553; x_wconf 81' lang='lat'>3.</span> <span class='ocrx_word' id='word_1_249' title='bbox 510 3503 656 3551; x_wconf 77' lang='lat' dir='ltr'>Vobis</span> <span class='ocrx_word' id='word_1_250' title='bbox 692 3504 864 3555; x_wconf 74' lang='lat' dir='ltr'>vilior.</span> <span class='ocrx_word' id='word_1_251' title='bbox 899 3505 951 3553; x_wconf 86' lang='lat' dir='ltr'>Si</span> <span class='ocrx_word' id='word_1_252' title='bbox 978 3504 1125 3552; x_wconf 69' lang='lat' dir='ltr'>nobis</span> <span class='ocrx_word' id='word_1_253' title='bbox 1146 3502 1362 3551; x_wconf 70' lang='lat' dir='ltr'>honoros</span> <span class='ocrx_word' id='word_1_254' title='bbox 1449 3514 1524 3551; x_wconf 69' lang='lat' dir='ltr'>est</span> <span class='ocrx_word' id='word_1_255' title='bbox 1541 3504 1760 3552; x_wconf 74' lang='lat' dir='ltr'>Flaccus.</span> <span class='ocrx_word' id='word_1_256' title='bbox 1778 3504 1960 3551; x_wconf 74' lang='lat' dir='ltr'>Orator</span> <span class='ocrx_word' id='word_1_257' title='bbox 1977 3502 2076 3551; x_wconf 83' lang='lat' dir='ltr'>hoe</span> <span class='ocrx_word' id='word_1_258' title='bbox 2095 3502 2152 3549; x_wconf 86' lang='lat' dir='ltr'>iu</span> <span class='ocrx_word' id='word_1_259' title='bbox 2172 3502 2290 3549; x_wconf 84' lang='lat' dir='ltr'>loeo</span> <span class='ocrx_word' id='word_1_260' title='bbox 2315 3516 2470 3549; x_wconf 73' lang='lat' dir='ltr'>nova-</span> 
     </span>
    </p>
   </div>
   <div class='ocr_carea' id='block_1_6' title="bbox 346 3580 2474 3647">
    <p class='ocr_par' dir='ltr' id='par_1_8' title="bbox 346 3580 2474 3647">
     <span class='ocr_line' id='line_1_31' title="bbox 346 3580 2474 3647; baseline -0.003 -14"><span class='ocrx_word' id='word_1_261' title='bbox 346 3584 567 3633; x_wconf 76' lang='lat' dir='ltr'>eouferro</span> <span class='ocrx_word' id='word_1_262' title='bbox 596 3582 823 3647; x_wconf 74' lang='lat' dir='ltr'>nolletis;</span> <span class='ocrx_word' id='word_1_263' title='bbox 859 3586 901 3633; x_wconf 77' lang='lat' dir='ltr'>si</span> <span class='ocrx_word' id='word_1_264' title='bbox 928 3584 989 3633; x_wconf 79' lang='lat' dir='ltr'>de</span> <span class='ocrx_word' id='word_1_265' title='bbox 1012 3584 1075 3632; x_wconf 73' lang='lat' dir='ltr'>iis</span> <span class='ocrx_word' id='word_1_266' title='bbox 1096 3598 1267 3647; x_wconf 77' lang='lat' dir='ltr'>parum</span> <span class='ocrx_word' id='word_1_267' title='bbox 1290 3581 1362 3629; x_wconf 81' lang='lat' dir='ltr'>la·</span> <span class='ocrx_word' id='word_1_268' title='bbox 1447 3598 1558 3630; x_wconf 83' lang='lat' dir='ltr'>rum</span> <span class='ocrx_word' id='word_1_269' title='bbox 1583 3598 1745 3629; x_wconf 73' lang='lat' dir='ltr'>rerum</span> <span class='ocrx_word' id='word_1_270' title='bbox 1769 3581 1984 3629; x_wconf 74' lang='lat' dir='ltr'>fautores</span> <span class='ocrx_word' id='word_1_271' title='bbox 2017 3580 2213 3639; x_wconf 78' lang='lat' dir='ltr'>innuit,</span> <span class='ocrx_word' id='word_1_272' title='bbox 2241 3580 2361 3644; x_wconf 79' lang='lat' dir='ltr'>qui,</span> <span class='ocrx_word' id='word_1_273' title='bbox 2389 3594 2474 3628; x_wconf 74' lang='lat' dir='ltr'>uu·</span> 
     </span>
    </p>
   </div>
   <div class='ocr_carea' id='block_1_7' title="bbox 338 3658 2472 3883">
    <p class='ocr_par' dir='ltr' id='par_1_9' title="bbox 338 3658 2472 3883">
     <span class='ocr_line' id='line_1_32' title="bbox 344 3658 2472 3726; baseline -0.002 -17"><span class='ocrx_word' id='word_1_274' title='bbox 344 3660 618 3712; x_wconf 58' lang='lat' dir='ltr'>bematis.</span> <span class='ocrx_word' id='word_1_275' title='bbox 1448 3662 1582 3726; x_wconf 77' lang='lat' dir='ltr'>spice</span> <span class='ocrx_word' id='word_1_276' title='bbox 1597 3671 1648 3709; x_wconf 84' lang='lat' dir='ltr'>et</span> <span class='ocrx_word' id='word_1_277' title='bbox 1667 3659 1794 3708; x_wconf 80' lang='lat' dir='ltr'>duee</span> <span class='ocrx_word' id='word_1_278' title='bbox 1815 3661 2004 3709; x_wconf 64' lang='lat' dir='ltr'>Caute</span> <span class='ocrx_word' id='word_1_279' title='bbox 2020 3694 2036 3718; x_wconf 89' lang='lat'>,</span> <span class='ocrx_word' id='word_1_280' title='bbox 2058 3660 2162 3721; x_wconf 73' lang='lat' dir='ltr'>jam</span> <span class='ocrx_word' id='word_1_281' title='bbox 2185 3658 2354 3708; x_wconf 71' lang='lat' dir='ltr'>liheri-</span> <span class='ocrx_word' id='word_1_282' title='bbox 2375 3660 2472 3706; x_wconf 72' lang='lat' dir='ltr'>lto-</span> 
     </span>
     <span class='ocr_line' id='line_1_33' title="bbox 412 3736 2362 3817; baseline -0.001 -28"><span class='ocrx_word' id='word_1_283' title='bbox 412 3748 461 3817; x_wconf 63' lang='lat'>4.</span> <span class='ocrx_word' id='word_1_284' title='bbox 474 3741 641 3789; x_wconf 79' lang='lat' dir='ltr'>Talem</span> <span class='ocrx_word' id='word_1_285' title='bbox 655 3758 707 3789; x_wconf 79' lang='lat' dir='ltr'>se</span> <span class='ocrx_word' id='word_1_286' title='bbox 723 3740 957 3791; x_wconf 59' lang='lat' dir='ltr'>muntem.</span> <span class='ocrx_word' id='word_1_287' title='bbox 974 3742 1179 3805; x_wconf 70' lang='lat' dir='ltr'>Qualem</span> <span class='ocrx_word' id='word_1_288' title='bbox 1198 3739 1360 3803; x_wconf 79' lang='lat' dir='ltr'>reipu-</span> <span class='ocrx_word' id='word_1_289' title='bbox 1446 3756 1701 3789; x_wconf 71' lang='lat' dir='ltr'>manorum</span> <span class='ocrx_word' id='word_1_290' title='bbox 1725 3740 2002 3789; x_wconf 68' lang='lat' dir='ltr'>eeu-vicibus</span> <span class='ocrx_word' id='word_1_291' title='bbox 2019 3736 2362 3787; x_wconf 72' lang='lat' dir='ltr'>imminebant.</span> 
     </span>
     <span class='ocr_line' id='line_1_34' title="bbox 338 3813 2470 3883; baseline -0.001 -18"><span class='ocrx_word' id='word_1_292' title='bbox 338 3818 479 3867; x_wconf 66' lang='lat' dir='ltr'>bueo</span> <span class='ocrx_word' id='word_1_293' title='bbox 500 3820 738 3883; x_wconf 64' lang='lat' dir='ltr'>prutitit.</span> <span class='ocrx_word' id='word_1_294' title='bbox 1487 3838 1500 3849; x_wconf 91' lang='lat'><strong>·</strong></span> <span class='ocrx_word' id='word_1_295' title='bbox 1515 3820 1674 3869; x_wconf 78' lang='lat' dir='ltr'>XLII.</span> <span class='ocrx_word' id='word_1_296' title='bbox 1720 3836 1764 3867; x_wconf 89' lang='lat'>1.</span> <span class='ocrx_word' id='word_1_297' title='bbox 1805 3817 1904 3867; x_wconf 72' lang='lat' dir='ltr'>Sibi</span> <span class='ocrx_word' id='word_1_298' title='bbox 1937 3818 2155 3868; x_wconf 71' lang='lat' dir='ltr'>habeam</span> <span class='ocrx_word' id='word_1_299' title='bbox 2185 3813 2470 3883; x_wconf 63' lang='lat' dir='ltr'>ponendam.</span> 
     </span>
    </p>
   </div>
   <div class='ocr_carea' id='block_1_8' title="bbox 343 3896 2472 4041">
    <p class='ocr_par' dir='ltr' id='par_1_10' title="bbox 343 3896 2472 4041">
     <span class='ocr_line' id='line_1_35' title="bbox 412 3896 2472 3960; baseline 0 -15"><span class='ocrx_word' id='word_1_300' title='bbox 412 3896 465 3945; x_wconf 79' lang='lat'>5.</span> <span class='ocrx_word' id='word_1_301' title='bbox 510 3899 721 3949; x_wconf 63' lang='lat' dir='ltr'>Succusa.</span> <span class='ocrx_word' id='word_1_302' title='bbox 756 3898 967 3948; x_wconf 69' lang='lat' dir='ltr'>Virtutis</span> <span class='ocrx_word' id='word_1_303' title='bbox 1008 3910 1057 3947; x_wconf 80' lang='lat' dir='ltr'>et</span> <span class='ocrx_word' id='word_1_304' title='bbox 1110 3898 1261 3947; x_wconf 77' lang='lat' dir='ltr'>studii</span> <span class='ocrx_word' id='word_1_305' title='bbox 1305 3898 1358 3945; x_wconf 86' lang='lat' dir='ltr'>iu</span> <span class='ocrx_word' id='word_1_306' title='bbox 1445 3898 1627 3946; x_wconf 78' lang='lat' dir='ltr'>Olivet.</span> <span class='ocrx_word' id='word_1_307' title='bbox 1653 3898 1852 3947; x_wconf 73' lang='lat' dir='ltr'>Lnllem.</span> <span class='ocrx_word' id='word_1_308' title='bbox 1876 3897 2150 3947; x_wconf 70' lang='lat' dir='ltr'>oxonium.</span> <span class='ocrx_word' id='word_1_309' title='bbox 2181 3896 2305 3945; x_wconf 77' lang='lat' dir='ltr'>edit.</span> <span class='ocrx_word' id='word_1_310' title='bbox 2335 3906 2472 3960; x_wconf 41' lang='lat' dir='ltr'>pote&amp;</span> 
     </span>
     <span class='ocr_line' id='line_1_36' title="bbox 343 3975 1859 4041; baseline 0.003 -18"><span class='ocrx_word' id='word_1_311' title='bbox 343 3975 708 4041; x_wconf 76' lang='lat' dir='ltr'>rempublicam.</span> <span class='ocrx_word' id='word_1_312' title='bbox 1447 3988 1640 4027; x_wconf 74' lang='lat' dir='ltr'>statem.</span> <span class='ocrx_word' id='word_1_313' title='bbox 1659 3978 1783 4027; x_wconf 64' lang='lat' dir='ltr'>LV.</span> <span class='ocrx_word' id='word_1_314' title='bbox 1803 3978 1859 4027; x_wconf 81' lang='grc' dir='ltr'>Ι...</span> 
     </span>
    </p>
   </div>
   <div class='ocr_carea' id='block_1_9' title="bbox 2560 0 2573 610">
    <p class='ocr_par' dir='ltr' id='par_1_11' title="bbox 2560 0 2573 610">
     <span class='ocr_line' id='line_1_37' title="bbox 2560 0 2573 610; baseline 0 0"><span class='ocrx_word' id='word_1_315' title='bbox 2560 0 2573 610; x_wconf 95' lang='lat' dir='ltr'> </span> 
     </span>
    </p>
   </div>
  </div>
 </body>
</html>
