2594 4537
360 279 488 368 146
976 279 1073 349 M.
1124 280 1199 347 T.
1253 281 1840 354 elcsnoms

434 411 585 478 VII.
636 408 700 474 Ο
738 426 1015 474 rnorem
1058 401 1482 530 praeclarum
1507 459 1527 492 ,
1566 403 2164 505 disciplinamque
2190 465 2210 498 ‚
2245 433 2471 506 quam

336 543 377 588 a
436 512 828 643 majoribus
882 515 1326 635 accepimus,
1379 517 1438 584 si
1489 513 1784 610 quidem
1843 517 2290 590 teneremus!
2341 520 2472 591 sed

337 630 581 700 nescio
622 649 775 724 quo
834 636 1045 718 pacto
1092 622 1237 717 jam
1286 621 1379 694 de
1417 622 1753 696 manibus
1805 624 2135 699 elabitur.
2179 627 2472 699 Nullam

338 738 529 810 enim
588 733 691 818 iffi
742 733 969 826 nostri
1021 734 1526 829 sapientissimi
1571 748 1644 804 et
1686 735 2108 806 sanctissimi
2149 739 2276 805 viri
2319 741 2470 808 vim

336 845 747 918 concionis¹
792 867 945 914 esse
982 842 1397 914 voluerunt.
1435 847 1614 934 Quae
1653 845 1983 916 scisceret
2019 844 2310 948 plebes,
2347 863 2476 918 aut

336 981 497 1054 quae
524 952 1145 1053 populusjuberet
1166 963 1223 1040 ²,
1257 969 1615 1025 summota
1651 939 2034 1041 concione,
2060 941 2471 1029 distributis

337 1065 745 1165 partibu5‚
688 1060 717 1106 ³
786 1062 1115 1136 tributim
1160 1077 1235 1134 et
1281 1064 1737 1134 centuriatim
1779 1061 2152 1161 descriptis
2188 1063 2468 1138 ordini-

330 1177 506 1262 bus,
536 1171 878 1246 classibus
903 1225 923 1258 ,
944 1172 1274 1244 aetatibus
1294 1227 1316 1257 ,
1351 1173 1616 1246 auditis
1647 1171 2064 1247 auctoribus
2079 1172 2134 1262 4,
2165 1199 2246 1248 re
2281 1176 2470 1248 mul-

333 1303 447 1358 tos
484 1287 633 1358 dies
667 1284 1113 1383 promulgata
1144 1299 1216 1355 et
1252 1285 1539 1380 cognita
1560 1279 1612 1371 ⁵,
1650 1283 1892 1378 juberi
1923 1285 2298 1384 vetarique
2331 1312 2466 1358 vo-

337 1400 651 1470 luerunt.
708 1399 1127 1467 Graecorum
1178 1409 1416 1467 autem
1471 1407 1640 1464 totae
1685 1392 2114 1491 respublicae
2150 1395 2472 1467 sedentis

330 1505 752 1581 concionis⁶
780 1509 1179 1578 temeritate
1208 1505 1819 1579 administrantur.
1850 1509 2102 1602 Itaque
2120 1557 2141 1590 ‚
2168 1519 2250 1578 ut
2279 1506 2472 1580 hanc

334 1622 722 1705 Graeciam,
770 1641 933 1714 quae
982 1614 1256 1710 jamdiu
1311 1616 1458 1688 suis
1514 1614 1828 1692 consiliis
1871 1615 2200 1712 perculsa
2241 1630 2319 1686 et
2371 1614 2474 1687 af-

330 1729 520 1826 flicta
550 1744 693 1817 est,
722 1729 1047 1798 omittam
1078 1753 1095 1796 :
1138 1725 1255 1796 illa
1288 1741 1499 1796 vetus
1518 1779 1538 1814 ‚
1573 1749 1735 1824 quae
1759 1723 2130 1821 quondam
2161 1724 2468 1823 opibus»,

328 1840 633 1936 imperio
655 1893 675 1924 ‚
710 1835 933 1934 gloria
969 1833 1247 1924 floruit,
1281 1835 1426 1906 hoc
1457 1861 1607 1909 uno
1635 1835 1828 1910 malo
1860 1833 2216 1923 concidit,
2249 1834 2472 1908 liber·

331 1964 474 2020 tate
536 1944 1003 2018 immoderata
1061 1968 1145 2016 ac
1203 1945 1492 2018 licentia
1559 1946 2020 2018 concionum.
2083 1948 2332 2036 Quum
2391 1950 2470 2018 in

329 2061 654 2132 theatro⁷
720 2057 1033 2155 imperiti
1092 2055 1427 2128 homines
1452 2109 1472 2144 ,
1543 2079 1786 2128 rerum
1847 2057 2174 2130 omnium
2243 2057 2492 2131 rudes

326 2295 463 2328 more
482 2288 531 2325 et
556 2292 703 2325 menn
714 2274 971 2337 juberent,
998 2284 1083 2321 sut
1105 2284 1349 2332 veterent3
1439 2272 1668 2321 centuria
1687 2272 2000 2337 rogabantur,
2021 2295 2048 2315 ιι
2064 2271 2322 2337 descriptis
2338 2272 2476 2321 ordi·

326 2359 457 2407 unde
481 2352 757 2424 χειροτονεῖν
786 2364 839 2401 et
860 2348 1143 2420 piper-ovim.

394 2438 511 2484 vn.
544 2452 589 2484 t.
628 2429 889 2484 Nullam..
908 2430 1055 2480 ‚vim
1083 2428 1347 2480 concionis.

327 2516 478 2581 Apud
499 2518 747 2563 Romanos
772 2510 907 2559 nulls
924 2510 1081 2558 lexin
1106 2509 1350 2558 concione

328 2594 573 2645 ferebatur
593 2608 607 2643 :
642 2592 729 2641 sed
756 2606 905 2654 quum
932 2607 995 2639 ex
1018 2590 1209 2638 Rostris
1232 2604 1352 2653 pro·

328 2676 489 2742 posits
525 2674 721 2729 fuisset,
766 2681 815 2718 et
850 2686 941 2735 per
983 2672 1163 2718 trinum
1200 2668 1352 2717 affixa

330 2752 635 2809 nundinum,
670 2763 727 2800 ut
760 2766 864 2799 enm
896 2750 1025 2797 cives
1056 2764 1352 2813 cognoscere

216 2826 227 2837 ’
330 2842 554 2899 possent,
576 2831 629 2878 in
647 2844 871 2893 eampum
897 2828 1129 2877 Martium
1151 2828 1351 2877 descen-

222 2958 227 2965 .
330 2912 538 2970 debant,
566 2912 607 2960 si
632 2910 826 2959 comitis
851 2908 1156 2969 haberentur,
1180 2920 1229 2957 et
1252 2924 1348 2973 po-

328 2992 453 3059 pulo
484 2989 869 3056 proponebatur,
896 2999 951 3037 ut
977 3004 1081 3036 enin
1107 2988 1350 3053 suffragiis

329 3074 429 3121 suis
464 3072 541 3120 vel
572 3070 798 3131 juberet,
838 3069 919 3117 vel
956 3068 1244 3133 antiquaret.
1278 3093 1353 3105 -—-

330 3152 486 3200 Abest
514 3150 657 3199 enim.

401 3247 451 3281 2.
484 3232 601 3293 Quoe
618 3227 825 3291 populus
839 3226 1048 3292 juberet.
1080 3224 1230 3288 Quod
1254 3239 1351 3289 po·

332 3312 477 3377 pnlus
512 3310 565 3356 in
588 3306 840 3355 tribuariis
876 3306 1084 3354 comitiis
1116 3302 1320 3366 jubebat
1336 3338 1351 3364 ,

328 3388 597 3440 vocabatur
621 3386 958 3451 plebiscitum,
992 3384 1127 3449 quod
1154 3385 1206 3431 in
1234 3399 1351 3431 een·

332 3468 522 3518 tui-istis
538 3504 553 3529 ,
578 3466 749 3531 populi
762 3467 979 3527 iussum3
1001 3464 1114 3527 quis
1138 3461 1356 3527 populus

332 3550 582 3597 universus
594 3542 815 3607 jubebat.

402 3631 452 3676 3.
475 3620 1003 3687 Distributispartibus.
1036 3620 1354 3683 Unaquaeque

330 3707 486 3755 tribus
521 3719 741 3753 seorsum
765 3700 951 3759 stabam
986 3700 1139 3749 divisa
1172 3708 1273 3747 erat
1299 3699 1352 3745 in

331 3786 571 3835 centurius
588 3820 603 3845 ,
643 3798 849 3847 quarum
884 3778 1131 3827 nonnullae
1156 3777 1219 3826 nd
1245 3777 1351 3841 pri-

331 3880 459 3913 mam
492 3864 691 3910 classem
704 3896 721 3919 ,
754 3860 859 3908 alla!
884 3858 947 3907 sd
974 3856 1232 3905 secundum
1247 3891 1263 3915 ,
1304 3866 1354 3904 et

330 3946 401 3992 sic
440 3942 666 4004 deinceps
702 3937 1020 4004 spectabant3
1067 3947 1353 3999 servatoque

332 4024 505 4072 ordine
556 4020 791 4069 classium·
835 4017 1113 4081 singillatim
1172 4016 1352 4066 eadem

1437 2351 1583 2400 nibus
1599 2386 1615 2410 ,
1637 2351 1870 2401 classibus
1883 2388 1900 2415 ,
1919 2351 2144 2401 :tatibus
2167 2372 2211 2400 ι.

1509 2439 1559 2487 4.
1585 2430 1891 2481 Auctoribus.
1915 2432 2058 2495 Legis
2077 2430 2374 2496 proposita.

1509 2512 1562 2559 5.
1619 2510 1935 2577 PrunmIgata
1979 2520 2030 2557 ee
2069 2509 2291 2574 cognita.
2351 2510 2470 2573 Quo

1438 2604 1568 2638 enno
1591 2590 1790 2639 Flacca·
1805 2604 1998 2639 causam
2021 2590 2174 2649 dixit,
2199 2590 2256 2639 C.
2275 2590 2472 2639 cnam

1439 2669 1664 2728 consule,
1681 2668 1832 2717 mults
1851 2668 1948 2717 lats
1964 2669 2182 2727 fuerant,
2197 2684 2290 2714 nee
2305 2678 2470 2716 tsin-

1435 2749 1767 2813 promnlgsts,
1793 2760 1850 2799 ut
1877 2748 1940 2797 de
1969 2748 2132 2799 clodii
2157 2746 2462 2811 adoptione,

1439 2829 1579 2889 cnjus
1604 2828 1824 2879 meminit
1855 2829 2032 2878 Cicero
2065 2840 2159 2892 pro
2193 2830 2346 2876 Doun.
2383 2828 2470 2877 16.

1436 2907 1546 2956 Alis
1569 2906 1774 2972 plurima
1795 2924 1882 2972 per
1903 2908 2001 2955 vim
2016 2942 2032 2969 ,
2057 2918 2106 2955 et
2125 2906 2318 2971 impetu
2339 2922 2468 2955 oon-

1435 2988 1570 3035 eit-ti
1589 2986 1761 3052 populi
1783 2987 1950 3035 tulisse
1967 2987 2126 3036 Ges-1·
2143 2984 2468 3049 ”gueli-tun

1439 3080 1592 3129 esque
1618 3066 1724 3129 ipsa
1749 3077 1950 3128 questus
1967 3064 2138 3130 paullo
2159 3075 2274 3112 ante
2291 3064 2469 3114 Cieem

1439 3146 1491 3192 in
1517 3160 1658 3193 causa
1671 3144 1732 3193 C.
1749 3146 1971 3203 Antonii,
1989 3146 2226 3193 Caessrem
2245 3158 2304 3191 nc
2321 3145 2468 3191 Pom-

1437 3224 1604 3289 peium
1622 3224 1894 3274 offenderat
1907 3256 1924 3283 ,
1941 3238 2151 3287 quorum
2163 3238 2226 3271 eo
2244 3232 2470 3287 tempore

1439 3304 1586 3351 nimis
1614 3310 1715 3351 erat
1743 3305 1792 3351 in
1825 3302 1976 3351 libers
2003 3304 2202 3351 civitate
2225 3304 2465 3367 potentis.

1439 3387 1566 3433 Hinc
1601 3398 1774 3447 snpra,
1803 3384 2042 3443 majorum
2075 3381 2336 3446 disciplina
2361 3382 2466 3429 lun-

1441 3461 1552 3511 dsts
1563 3499 1579 3524 ‚
1595 3460 1792 3522 subjicit
1807 3473 1825 3508 ε
1844 3482 1870 3503 α
1885 3462 1938 3508 si
1951 3459 2152 3524 quidem
2163 3462 2464 3509 tenemus!

1441 3540 1526 3589 sed
1545 3540 1709 3589 nescio
1731 3556 1832 3604 quo
1859 3549 2006 3604 pecto
2025 3539 2126 3600 iem
2151 3539 2216 3589 de
2239 3540 2470 3587 manibus

1441 3618 1648 3667 dubitur
1663 3640 1707 3666 υ.

1509 3701 1556 3748 6.
1579 3698 1794 3747 Sedemis
1809 3696 2074 3747 concionis.
2095 3700 2208 3747 Una
2227 3698 2468 3749 duntsxat

1441 3778 1614 3827 diurne
1641 3779 1871 3827 sessione.

1515 3874 1561 3919 7.
1615 3860 1678 3905 In
1727 3856 1930 3905 theatro.
1991 3856 2152 3905 Graeci
2199 3856 2468 3905 conciones

1439 3936 1684 3985 habebant
1699 3937 1750 3984 iu
1773 3936 1987 3996 theatro,
2009 3946 2060 3983 et
2081 3934 2344 3997 sedek-nu
2369 3936 2467 3984 Ro·

1439 4018 1570 4065 niani
1591 4016 1646 4065 in
1673 4016 1810 4078 foro,
1827 4024 1876 4064 et
1899 4013 2108 4063 stabant.
