2594 4537
348 263 485 337 ψ
977 237 1075 304 Μ.
1126 236 1203 304 T.
1258 234 1842 308 CICERONIS

338 378 449 436 set
468 369 555 449 ¹²3
593 361 721 458 qui
762 356 936 430 caedi
972 371 1049 428 et
1086 355 1388 430 flammae
1411 412 1430 446 ‚
1464 357 1674 430 vobis
1709 356 2130 430 auctoribus
2148 413 2166 447 ‚
2209 361 2492 432 restite·

306 525 311 529 -
338 489 488 562 rat;
519 496 688 544 cum
717 466 911 541 ferro
940 481 1014 548 et
1038 465 1318 538 facibus
1337 468 1670 540 homines
1695 481 1849 539 tota
1875 465 2058 539 urbe
2078 467 2492 556 volitantes,

342 581 895 677 magistratuum
931 589 1120 648 tecta
1163 577 1586 676 impugnata
1607 575 1692 665 ¹³,
1725 575 2033 649 deorum
2065 579 2342 676 templa
2376 583 2490 649 in·

336 695 741 779 flammata,
791 694 1055 762 summi
1101 693 1237 761 viri
1283 706 1356 763 et
1401 693 1767 764 clarissimi
1803 693 2118 765 consulis
2141 692 2206 748 ¹⁴
2253 691 2487 765 fasces

336 803 635 890 fractos,
673 801 1043 874 fortissimi
1074 816 1293 899 atque
1329 803 1589 901 optimi
1614 803 1788 884 viri,
1821 797 2182 874 tribuni¹⁵
2214 801 2478 900 plebis,

339 914 868 988 sanctissimum
904 936 1210 1011 corpus,
1238 935 1392 984 non
1427 927 1700 984 tactum
1736 937 1820 984 ac
1849 911 2196 983 violatum
2227 937 2486 1002 mauu,

342 1025 471 1098 sed
516 1023 975 1095 vulneratum
1024 1019 1221 1094 ferro
1270 1020 1832 1118 confectumque
1881 1018 2268 1094 vidistisffi.
2326 1023 2492 1111 Qua

341 1152 577 1232 strage
627 1123 963 1206 nonnulli
1012 1133 1325 1230 permoti
1372 1133 1825 1229 magistratus
1848 1141 1936 1218 ¹⁷,
1987 1133 2246 1228 partim
2285 1146 2492 1201 metu

336 1249 633 1333 mortis,
694 1245 955 1341 partim
1012 1240 1516 1341 desperatione
1572 1240 2019 1339 reipublicae,
2079 1240 2410 1338 paullum
2449 1266 2491 1311 a

343 1379 509 1426 mea
547 1376 762 1426 causa
798 1364 1272 1422 recesserunt.
1326 1350 1612 1448 Reliqui
1649 1349 1980 1439 suerunt,
2019 1373 2206 1449 quos
2245 1375 2490 1450 neque

335 1479 597 1552 terror,
624 1478 871 1559 neque
901 1464 1046 1548 vis»,
1078 1485 1217 1532 nec
1244 1480 1446 1560 spes,
1476 1486 1613 1533 nec
1637 1476 1906 1549 metus,
1937 1485 2073 1532 nec
2101 1465 2484 1559 promissa,

342 1600 483 1648 nec
514 1578 728 1646 minae
750 1627 771 1660 ‚
815 1596 952 1642 nec
990 1571 1136 1643 tela
1155 1626 1176 1660 ,
1207 1596 1345 1643 nee
1381 1569 1570 1644 faces
1600 1596 1644 1642 a
1674 1586 1911 1643 vestra
1942 1573 2407 1658 auctoritate,
2447 1595 2486 1642 a

343 1683 604 1782 populi
644 1682 925 1753 romani
966 1679 1360 1778 dignitate,
1399 1705 1441 1750 a
1475 1704 1636 1750 mea
1675 1679 1904 1750 salute
1941 1677 2416 1775 depellerent.

440 1797 562 1866 IV.
607 1794 948 1890 Princeps
996 1795 1069 1862 P.
1124 1789 1522 1878 LentuluS‚
1571 1811 1834 1888 parens
1881 1813 1963 1860 ac
2009 1787 2189 1860 deus
2225 1803 2484 1860 nostrae

345 1907 583 1994 vitae,
528 1914 551 1948 ¹
627 1901 983 1990 fortunae'‚
1042 1901 1449 1991 memoriae,
1511 1899 1864 1988 nominiS‚
1925 1897 2069 1968 hoc
2115 1895 2484 1996 specimen

416 2098 435 2128 ι
448 2095 501 2129 a.
530 2076 731 2144 Quum
710 2093 750 2125 ts
772 2073 1065 2124 excessisset.
1089 2074 1163 2121 De
1185 2087 1237 2120 se
1256 2073 1368 2137 ipso

336 2159 571 2224 loquitur.
596 2159 762 2221 Quum
780 2155 822 2204 is
839 2158 894 2204 in
912 2155 1134 2204 exsilium
1157 2150 1370 2212 abiisset,

341 2240 426 2305 qui
454 2254 557 2288 non
579 2238 773 2303 privato
791 2233 1029 2293 consilio,
1059 2230 1146 2281 sed
1172 2242 1372 2280 auctore

339 2332 511 2369 senatu
536 2317 833 2383 supplicium
858 2314 921 2363 de
942 2310 1210 2374 conjuratis
1238 2327 1372 2361 sum·

342 2408 526 2464 poem.

418 2477 497 2525 13.
523 2473 609 2523 Al.
633 2479 935 2536 oppugnata.
971 2470 1023 2517 J.
1041 2470 1107 2517 V.
1134 2470 1191 2517 1..

419 2564 501 2612 ¹⁴-
526 2538 761 2601 ansulis.
779 2546 1157 2612 Intelligendum
1176 2545 1372 2595 videtur

342 2631 607 2685 Lentulus,
649 2627 735 2693 qui
770 2642 902 2675 anno
942 2642 1004 2674 eo
1046 2625 1217 2675 consul
1253 2625 1368 2676 fuit.

345 2716 652 2776 Quamquam
673 2708 802 2755 enim
821 2704 977 2754 simile
1001 2706 1187 2753 facinus
1204 2704 1373 2770 proxi·

344 2809 429 2843 mo
461 2791 625 2856 priore
664 2802 795 2836 suno
831 2786 883 2832 in
918 2783 1120 2833 consule
1157 2783 1372 2832 Gabinio

346 2868 655 2921 commissum
684 2874 979 2914 memoratur
1001 2864 1056 2912 in
1078 2862 1177 2912 Pis.
1203 2879 1249 2910 c.
1280 2876 1342 2909 ω
1359 2897 1374 2923 ,

344 2962 393 3001 et
410 2949 559 2999 Dion.
576 2945 857 2995 xxxvm
870 2977 885 3002 ,
911 2946 1005 3004 303
1026 2942 1150 2989 nihil
1168 2940 1344 2989 mirum
1358 2972 1374 2999 ,

342 3045 442 3096 quo
460 3041 592 3077 anuo
623 3022 844 3073 discessit
870 3022 1043 3071 Cicero
1064 3051 1080 3077 ,
1106 3019 1237 3068 idem
1262 3035 1374 3067 eve-

346 3114 472 3161 nisse
514 3110 569 3157 iu
606 3104 815 3153 turbidis
864 3099 1195 3166 temporibns;
1236 3096 1375 3164 qnod

346 3192 487 3241 etiam
524 3188 577 3234 in
612 3196 736 3233 orat.
765 3183 903 3231 alter.
932 3190 1047 3245 post
1084 3180 1187 3228 red.
1230 3195 1277 3227 c.
1309 3179 1365 3236 6,

348 3265 663 3333 significatur.
711 3260 821 3311 Nisi
860 3260 1015 3318 forte,
1056 3270 1115 3307 ut
1158 3258 1373 3307 Gesnero

346 3350 536 3415 placet,
574 3358 675 3391 rem
712 3355 818 3389 non
855 3338 1058 3387 omnino
1095 3347 1275 3385 certam
1319 3334 1372 3382 in

348 3424 512 3478 medio
540 3419 788 3484 reliquerit
821 3417 995 3467 Cicero
1016 3451 1031 3475 ,
1062 3432 1153 3465 nee
1180 3415 1372 3478 adjecto

346 3502 562 3556 consuli·
592 3498 819 3556 nomine,
846 3512 897 3543 se
930 3497 1045 3543 satis
1078 3493 1139 3542 ab
1166 3494 1373 3543 audien·

348 3587 479 3639 tibus
498 3583 599 3631 fore
617 3574 987 3640 intelligendum
1009 3574 1071 3623 sit
1091 3573 1368 3623 arbitratus.

424 3666 509 3714 15.
554 3657 755 3708 Tribuni
774 3654 946 3722 plebis.
984 3656 1038 3703 Ρ.
1068 3652 1256 3713 Sextii,
1284 3651 1372 3716 qui

350 3760 545 3797 omnem
570 3739 875 3803 magistratus
899 3736 975 3783 sni
1002 3734 1100 3783 vim
1126 3733 1189 3781 ad
1212 3728 1370 3779 confi-

351 3824 579 3875 ciendum
612 3816 863 3871 Ciceronis
896 3813 1107 3863 reditum
1144 3812 1371 3860 contulit.

351 3904 431 3955 Ad
453 3901 663 3965 Quirites
677 3931 693 3956 ,
712 3912 823 3961 esp.
844 3896 899 3942 6.
924 3919 995 3930 —
1011 3890 1372 3941 Sanctissimum

351 3998 543 4046 corpus.
580 3980 731 4026 Erant
754 3975 883 4025 enim
905 3972 1087 4021 tribuni
1112 3970 1270 4037 plebis
1296 3970 1370 4019 le·

1457 2067 1600 2138 gibus
1627 2069 1826 2120 sacratis
1859 2071 2182 2128 acron-cti,
2215 2069 2320 2130 its,
2361 2079 2416 2117 ut
2445 2070 2484 2117 si

1458 2153 1570 2218 quis
1591 2167 1644 2200 re
1660 2187 1674 2211 ‚
1693 2151 1771 2198 vel
1789 2149 1944 2198 verbo
1963 2152 2050 2198 ebs
2068 2148 2276 2196 laesisset
2293 2185 2310 2212 ,
2325 2165 2480 2208 sacer,-

1457 2231 1512 2282 h.
1540 2248 1584 2283 e.
1621 2229 1915 2279 detestabilis
1939 2237 2063 2279 esset
2078 2263 2096 2291 ,
2130 2229 2336 2293 ejusque
2361 2227 2484 2278 bona

1457 2312 1846 2379 publicarentur.

1535 2394 1618 2441 16.
1667 2390 1768 2439 Sed
1792 2392 2114 2452 vulneratum
2135 2388 2290 2455 serm
2326 2388 2486 2455 conse*

1455 2482 1680 2535 etun-que
1701 2470 1916 2519 vidisee‘s.
1940 2472 2035 2519 Pro
2055 2471 2225 2519 Sextio
2239 2506 2258 2531 ,
2274 2488 2384 2537 cap.
2403 2472 2481 2533 37,

1457 2550 1706 2617 copiosius
1725 2568 1826 2599 rem
1849 2560 2027 2600 narrat.

1535 2646 1614 2691 17.
1650 2632 1977 2696 Magi-§vauca
2015 2630 2344 2692 conjectabat
2377 2628 2482 2677 Mn-

1459 2710 1632 2759 nutius
1651 2708 1815 2759 aediles
1835 2708 2100 2775 significari
2125 2721 2178 2757 et
2203 2708 2482 2775 quatum.

1459 2790 1538 2837 Ac
1565 2790 1774 2853 primum
1799 2790 1837 2837 ii
1861 2804 1953 2837 nee
1989 2788 2302 2837 ferentinum
2327 2788 2484 2851 legum

1460 2882 1552 2915 nee
1589 2867 1799 2915 vocandi
1835 2879 2028 2917 senatus
2064 2878 2364 2932 potestatem
2395 2866 2483 2913 ln·

1460 2946 1698 3007 buerunt,
1748 2946 1928 2995 deinde
1973 2946 2130 3010 siquis
2175 2958 2358 3011 preter
2401 2944 2484 2991 tri-

1459 3024 1621 3073 hunos
1647 3036 1696 3073 et
1723 3036 1956 3090 pretores
1979 3041 2071 3090 pro
2097 3026 2210 3073 viro
2237 3040 2482 3090 pugnave-

1463 3116 1538 3152 rat
1558 3138 1573 3163 ,
1607 3104 1650 3152 ei
1688 3120 1788 3152 non
1815 3104 1974 3153 minus
2009 3120 2155 3168 quam
2195 3104 2405 3153 tribunis
2431 3102 2482 3149 in

1462 3182 1644 3246 reliqua
1688 3184 1907 3233 oratione
1951 3185 2117 3247 gratie
2163 3182 2480 3231 debebantur.

1462 3261 1784 3310 Probabiliter
1814 3262 1869 3310 h.
1897 3262 1936 3311 l.
1967 3261 2027 3309 de
2064 3263 2130 3325 Q.
2165 3261 2386 3309 Fabricio
2409 3260 2484 3307 lo·

1461 3342 1630 3406 quitur
1657 3353 1850 3401 orator,
1877 3342 1964 3405 qui
1997 3356 2151 3406 quum
2185 3341 2400 3405 primum
2423 3337 2482 3386 de

1459 3420 1737 3469 revoc-ndo
1765 3420 2003 3471 Cicerone
2039 3420 2308 3478 retulisset,
2331 3434 2482 3466 arma·

1459 3509 1620 3547 torum
1659 3516 1806 3547 manu
1839 3500 1951 3547 soro
1993 3499 2226 3564 expulsus
2243 3532 2260 3561 ,
2297 3513 2356 3545 eo
2399 3510 2480 3561 per

1459 3578 1660 3642 aliquod
1700 3594 1816 3627 sane
1855 3589 2048 3643 tempus
2091 3576 2342 3625 abstinuit.
2389 3576 2480 3623 Pro

1461 3659 1650 3718 Sextio,
1676 3673 1784 3721 cap.
1813 3658 1902 3706 35.

1529 3738 1620 3788 lv.
1653 3752 1700 3787 ι.
1739 3736 1934 3784 Nostra
1959 3734 2100 3782 w‘eae.
2137 3736 2364 3799 Quippe,
2398 3732 2478 3797 qui

1458 3832 1536 3865 me
1563 3832 1592 3864 a
1621 3826 1780 3863 morte
1803 3814 1867 3862 ad
1893 3814 2071 3871 vitam,
2096 3830 2126 3861 a
2153 3812 2481 3877 despentions

1459 3893 1523 3943 sd
1548 3910 1707 3959 spem,
1735 3892 1798 3941 nb
1827 3892 2000 3940 exsilio
2025 3890 2091 3939 sd
2114 3892 2314 3941 salutem
2339 3904 2479 3939 revo-

1461 3974 1606 4023 cavit.
1630 3971 1713 4022 Ad
1729 3970 1944 4035 Quirites
1960 4007 1976 4035 ,
1994 3986 2107 4035 cap.
2123 3970 2186 4033 5,
2209 3970 2244 4037 S
2269 3982 2348 4019 ιι.
