2594 4537
286 284 429 359 358
932 290 1033 355 M.
1080 290 1159 356 T.
1212 290 1778 359 CICERONIS

286 424 453 481 nata
478 406 903 497 est‚deinde
930 409 1217 506 inopia3
1259 408 1730 508 impendebat
1761 407 2026 499 fames,
2051 412 2428 501 incendia,

284 518 511 591 oedes
530 574 549 605 ‚
596 518 942 614 direptio;
975 518 1402 591 imminebat
1437 534 1612 591 tuus
1655 518 1862 593 furor
1897 524 2224 593 omnium
2273 524 2430 595 sor-

280 631 479 701 tuuis
512 642 585 699 et
614 627 851 699 bonis,

380 740 733 831 Queritur
762 738 975 811 etiam
1012 740 1432 837 importuna
1467 744 1728 839 pestis,
1785 767 1869 841 ex
1915 766 2043 813 ore
2087 747 2426 841 impuris-

286 855 473 923 simo
508 856 704 923 Sext.
752 848 987 921 Clodii
1028 875 1183 922 rem
1232 849 1776 923 frumentariam
1797 848 1828 895 ⁸
1863 876 2016 925 esse
2057 868 2382 953 ereptam
2403 910 2426 943 ‚

282 962 733 1057 summisque
760 962 835 1031 in
862 960 1231 1058 periculis,
1268 962 1422 1057 ejus
1449 962 1588 1033 viri
1623 961 1968 1033 auxilium
1999 963 2426 1060 implorasse

280 1069 845 1170 rempublicam,
882 1094 925 1143 a
962 1094 1113 1167 quo
1142 1094 1332 1169 saepe
1367 1096 1444 1142 se
1483 1086 1557 1143 et
1593 1086 1944 1143 servatam
1965 1126 1986 1159 ‚
2024 1087 2099 1143 et
2123 1072 2427 1170 amplifi·

280 1198 515 1255 catam
542 1206 698 1255 esse
736 1184 1199 1255 meminisset.
1240 1186 1464 1253 Extra
1489 1182 1824 1255 ordinem
1851 1181 2020 1255 ferri
2057 1182 2242 1255 nihil
2271 1184 2426 1280 pla·

280 1310 397 1368 cet
413 1295 690 1369 clodio.
713 1294 955 1384 Quid?
982 1294 1075 1367 de
1094 1319 1211 1365 me
1233 1294 1434 1391 quod
1457 1294 1706 1365 tulisse
1725 1308 1798 1365 te
1817 1292 1994 1365 dicis
2007 1348 2030 1381 ‚
2045 1292 2422 1391 patricida,

282 1404 649 1477 fratricida
664 1458 685 1493 ‚
712 1404 1107 1476 sororicida
1122 1458 1141 1493 ,
1162 1430 1416 1475 nonne
1437 1418 1640 1477 extra
1665 1403 1992 1476 ordinem
2015 1403 2288 1476 tulisti?
2321 1409 2424 1475 An

282 1513 373 1585 de
411 1529 615 1613 peste
660 1517 861 1603 civis,
906 1513 1530 1615 quemadmodum
1565 1538 1823 1587 omnes
1864 1515 2014 1610 jam
2058 1513 2160 1585 dii
2204 1529 2426 1613 atque

276 1624 619 1709 homines
640 1623 1060 1719 judicarunt
1080 1680 1099 1714 ‚
1130 1629 1656 1698 conservatoris
1676 1625 2090 1723 reipublicae
2113 1680 2134 1710 ,
2169 1650 2427 1723 quem·

280 1734 677 1807 admodum
716 1749 959 1807 autem
1005 1750 1161 1807 tute
1214 1738 1372 1833 ipse
1405 1734 1814 1823 confiteris,
1861 1760 2012 1807 non
2047 1734 2274 1805 modo
2311 1736 2424 1805 in-

282 1846 643 1931 demnati,
682 1845 811 1917 sed
858 1871 953 1919 ne
1006 1850 1322 1919 accusati
1375 1846 1714 1944 quidem,
1770 1848 1973 1917 licuit
2017 1844 2151 1917 tihi
2190 1844 2425 1931 ferre,

279 1978 433 2024 non
470 1954 699 2052 legem
724 2009 743 2043 ‚
784 1955 909 2027 sed
946 1956 1297 2029 nefarium
1342 1958 1848 2055 privilegium9
1878 2012 1897 2043 ‚
1963 1956 2258 2053 lugente
2313 1982 2426 2027 se-

276 2079 455 2135 natu
478 2118 497 2153 ‚
532 2065 1011 2137 moerentibus
1046 2066 1263 2138 bonis
1305 2066 1650 2139 omnibus
1670 2122 1689 2155 ‚
1711 2069 1954 2137 totius
1993 2067 2214 2137 Italiae
2255 2090 2425 2165 pre·

276 2174 481 2247 cibus
522 2176 955 2276 repudiati&-
982 2202 1327 2276 oppressa
1357 2192 1717 2276 captaque
1749 2176 2170 2276 republica?
2205 2178 2422 2265 mihi,

275 2287 555 2383 populo
590 2288 1394 2382 romano'implorarite,
1423 2303 1678 2370 senatu
1717 2304 2096 2386 poscente,
2137 2303 2425 2387 tempo-

278 2392 483 2466 ribus
535 2394 957 2492 reipublicae
1012 2396 1545 2493 flagitantibu3‚
1589 2423 1741 2469 non
1787 2399 1988 2470 licuit
2049 2398 2144 2470 de
2197 2401 2426 2472 salute

278 2507 534 2601 populi
563 2509 847 2576 romani
876 2509 1308 2578 sententiam
1333 2507 1618 2580 dicere?
1645 2512 1806 2597 Qua
1827 2508 2126 2606 quidem
2151 2510 2230 2580 in
2267 2535 2428 2584 sen-

264 2618 504 2697 ,tentia
530 2625 630 2700 ¹⁰,
666 2617 725 2684 si
757 2619 889 2686 Cn.
926 2619 1227 2713 Pompei
1250 2617 1566 2716 {dignitas
1599 2633 1810 2690 aucta
1837 2633 1946 2689 est
1971 2671 1990 2706 ‚
2033 2619 2428 2714 conjuncta

278 2837 465 2902 plebis,
498 2849 555 2886 nt
578 2839 877 2890 frumentum
902 2840 1093 2906 populo
1108 2875 1125 2902 ,
1168 2843 1306 2906 qnod
1397 2845 1480 2900 iet,
1509 2824 1626 2898 ’.ηἰ,
1671 2841 1852 2906 quibus
1891 2844 2044 2890 ceteri
2071 2841 2192 2890 libri
2219 2855 2392 2892 cerem
2409 2877 2424 2902 ,

278 2928 419 2966 antea
447 2919 576 2966 senis
603 2920 710 2966 eris
736 2935 793 2967 ac
829 2919 1087 2968 trientibus
1120 2922 1174 2968 in
1200 2922 1306 2968 sin·-
1393 2921 1719 2985 superaddite
1743 2923 1942 2969 fuerunt
1965 2921 2017 2968 in
2053 2937 2115 2968 eo
2151 2921 2272 2971 eod.
2292 2924 2426 2970 anti-

198 3057 203 3062 ·
279 2993 426 3058 gulos
446 2997 639 3044 modios
660 2996 891 3055 debetur,
917 2999 1065 3062 gratis
1090 2999 1304 3058 dentur,
1395 3015 1490 3065 qm
1527 3015 1700 3060 manu,
1737 3001 1800 3049 ed
1841 3001 2132 3049 sententiam
2161 3003 2422 3062 nimirum,

278 3083 329 3122 et
345 3077 457 3123 Sex.
477 3075 657 3126 Clodio
682 3077 989 3125 trumuini-ia
1020 3063 1304 3141 procur-tio
1393 3093 1504 3142 quae
1537 3095 1707 3128 mnne·
1737 3091 1871 3138 erut,
1909 3079 2226 3144 explendem.
2253 3083 2424 3131 Cetera

280 3155 608 3204 manderetur.
628 3155 757 3203 Vide
774 3158 958 3204 Ancon.
980 3156 1033 3202 in
1053 3157 1302 3205 Pisonem.
1391 3173 1496 3206 non
1511 3175 1664 3223 panes
1679 3193 1695 3218 ‚
1723 3175 1834 3223 qun
1855 3157 2038 3207 ibidem
2057 3159 2264 3218 desunt,
2289 3175 2356 3208 ne
2373 3161 2426 3208 in

352 3234 401 3280 8.
432 3234 547 3279 Rem
559 3231 963 3297 frumentariam.
986 3236 1133 3284 conf.
1148 3237 1304 3283 Asco-
1391 3239 1492 3285 onis
1507 3237 1706 3301 quidem
1727 3225 1866 3287 libris
1885 3239 2075 3288 invenit
2095 3239 2358 3297 Gravius,
2371 3251 2426 3288 ut

278 3313 413 3359 niu·
455 3312 509 3357 in
548 3313 711 3360 rison.
738 3331 846 3378 cap.
869 3323 931 3372 4,
974 3325 1023 3362 et
1060 3315 1304 3374 Dionem,
1391 3317 1446 3364 in
1471 3317 1534 3364 V.
1561 3320 1619 3366 1..
1649 3327 1887 3367 testetur:
1919 3335 2030 3383 qun
2053 3329 2220 3366 tamen
2239 3321 2422 3382 optinn

280 3391 585 3448 xxxvm,
618 3394 699 3440 13.
1203 3399 1213 3410 ’
1256 3467 1261 3472 “
1392 3407 1533 3452 sunt,
1561 3407 1610 3444 et
1635 3398 1806 3445 melius
1831 3398 1892 3446 ed
1929 3399 2224 3447 sententiam
2263 3398 2424 3446 termi-

350 3485 403 3532 9.
430 3468 759 3535 Prim‘legium.
788 3473 969 3522 Contra
1010 3487 1089 3518 xri
1128 3473 1228 3524 tab.
1256 3483 1306 3520 et
1393 3477 1603 3524 nandum
1630 3478 1998 3537 adsciscuntur,
2020 3493 2173 3540 quam
2195 3493 2312 3541 quie
2337 3493 2422 3526 eo·

269 3563 475 3602 sacratu
500 3550 648 3615 leges.
1397 3555 1494 3602 dex
1527 3567 1692 3604 noster
1729 3556 1951 3614 adhibet,
1979 3573 2084 3606 non
2121 3559 2179 3604 iu
2209 3559 2424 3606 editione

348 3649 425 3680 ιο.
448 3635 559 3695 Qua
580 3631 775 3696 quidem
800 3632 851 3680 in
876 3632 1140 3682 sententia.
1166 3633 1293 3682 cod.
1391 3634 1596 3684 mediol.
1616 3637 1826 3700 primum
1843 3671 1858 3696 ,
1881 3647 1936 3684 ut
1951 3636 2148 3685 monuit
2171 3637 2420 3694 Gravius,

272 3711 566 3760 Bai-berinae
602 3714 667 3759 ita
695 3709 828 3758 hune
866 3712 1032 3760 locum
1068 3711 1297 3763 exhibet:
1387 3729 1562 3764 *emin
1606 3727 1774 3775 antea,
1811 3725 1870 3763 nt
1925 3729 2018 3779 ego
2067 3715 2336 3773 testificor,
2369 3716 2418 3762 in

272 3809 297 3832 ιι
316 3792 426 3851 Qua
473 3791 672 3855 quidem
722 3792 774 3838 in
812 3791 1051 3839 sententia
1090 3792 1163 3838 sie
1200 3793 1293 3839 Cn.
1385 3803 1592 3857 utraque
1619 3796 1831 3852 Veneta,
1875 3801 2034 3856 1490,
2079 3795 2233 3856 1498.
2277 3793 2416 3841 Unde

268 3869 493 3930 Pompeii
531 3870 743 3933 dignitas
776 3881 915 3918 aucta
950 3881 1053 3928 est,
1080 3877 1137 3918 ut
1170 3887 1291 3918 eon·
1379 3881 1544 3920 antem
1565 3872 1834 3920 Lambinus
1851 3871 2092 3931 maluerit,
2111 3874 2412 3932 -oenjnneu

259 3951 433 4009 iuncta
452 3950 513 3994 sit
533 3963 641 3994 eum
670 3949 880 3996 utilitate
906 3950 1177 3996 communi.·
1200 3951 1289 3996 De-
1377 3951 1588 4000 ntilitnte
1611 3953 1864 4000 communi
1881 3971 1904 3995 ι
1925 3987 1940 4011 ,
1974 3967 2054 4000 me
2089 3952 2248 4000 futeor
2275 3953 2404 4015 igno-

268 4027 453 4085 simnt,
479 4035 573 4074 etc.
594 4049 619 4068 α
657 4027 753 4074 Sed
782 4027 913 4075 binae
943 4028 1041 4074 illae
1068 4029 1286 4084 voculae,
1375 4045 1496 4078 rere.
1523 4031 1670 4080 Nulla
1713 4042 1817 4080 erat
1855 4047 2000 4080 mun
2043 4031 2406 4095 pmpoeitionis
