2594 4537
236 247 378 330 214
998 237 1586 312 EXGURSUS.

236 383 413 431 tores
456 363 651 430 otiam
700 361 1158 450 postularetur,
1210 376 1285 425 ut
1329 359 1546 450 paullo
1593 371 1745 422 ante
1789 353 2038 419 dictum
2065 369 2202 437 est,
2253 354 2426 419 nisi

231 471 533 553 abjiceret
559 468 1033 534 accusationem
1058 465 1493 547 aduersarius,
1528 461 1888 528 necessario
1913 459 2424 547 consequitur,

234 591 682 641 accusatorum
737 573 1010 636 alterum
1062 571 1368 636 detulisse
1427 567 1692 658 quidem
1751 566 2022 632 Antonii
2075 587 2364 630 nomen
2395 613 2420 644 ‚

232 703 370 745 non
403 697 619 745 autem
654 677 736 742 ad
771 677 1205 742 accusandum
1238 676 1615 757 accessisse3
1651 674 1926 739 alterum
1963 687 2030 736 et
2059 671 2422 736 detulisse

232 806 508 866 nomen,
536 800 603 848 et
626 783 1100 848 accusationem
1128 783 1334 870 ipsam
1365 763 1718 871 peregisse,
1749 781 1890 844 Jam
1921 799 2079 843 vero
2109 799 2194 841 ex
2220 799 2418 841 ora-

234 891 413 954 tione
452 890 524 952 in
560 889 632 954 P.
683 887 1017 954 Vatinium
1052 886 1346 969 ostendi,
1385 887 1470 970 Q.
1520 885 1880 949 Maximum
1930 903 2084 947 eum
2129 882 2416 962 fuisse,

234 997 349 1084 qui
384 995 723 1083 quaesitore
739 1042 758 1076 ,
792 1010 861 1058 et
898 993 1171 1058 consilio
1198 992 1452 1058 delecto
1473 1039 1493 1074 ,
1525 1007 1592 1057 et
1623 991 1970 1071 rejectione
2009 1011 2124 1052 reo
2163 987 2410 1053 dene·-

233 1115 379 1192 gata
402 1148 422 1183 ,
465 1115 821 1188 utrumque
865 1099 1230 1187 praestiterit
1254 1144 1274 1179 ,
1329 1113 1397 1162 et
1443 1097 1803 1161 Antonium
1853 1093 2410 1184 repetundarum

234 1205 675 1286 damnaverit3
720 1204 993 1269 Coelium
1024 1201 1302 1293 proinde
1333 1202 1402 1266 iu
1433 1200 1853 1281 damnatum,
1885 1215 1950 1264 et
1987 1199 2358 1263 absentem
2381 1247 2404 1278 ,

236 1309 621 1398 eloquentiis
650 1329 783 1372 suae
814 1307 1173 1396 periculum
1203 1306 1414 1372 facere
1447 1327 1580 1369 non
1609 1305 1928 1395 potuisse.
1963 1303 2196 1366 Cicero
2231 1303 2408 1391 ipse

236 1417 365 1480 hoc
401 1415 576 1480 idem
612 1415 886 1478 innuere
914 1411 1211 1478 videtur:
1242 1413 1356 1499 qui
1374 1461 1394 1494 ,
1429 1411 1581 1476 licet
1609 1411 1678 1475 in
1709 1431 1788 1476 eo
1823 1411 1906 1474 sit
1931 1407 2232 1474 assiduus
2250 1457 2274 1491 ,
2310 1425 2404 1473 ut

236 1521 413 1586 Goelii
456 1517 825 1586 facundiam
870 1517 1140 1581 summis
1188 1517 1420 1581 efferat
1455 1513 1758 1580 laudibus
1775 1563 1795 1598 ,
1836 1514 2000 1578 nihil
2032 1530 2255 1578 tamen
2299 1513 2404 1578 de

237 1642 369 1690 tam
398 1616 1069 1690 celebri'accusatione
1094 1638 1583 1704 commemorat,
1617 1645 1676 1686 c.
1710 1643 1824 1708 19:
1861 1649 1888 1676 ι
1909 1619 2200 1686 Audistis
2219 1667 2240 1702 ,
2270 1621 2396 1683 in-

244 1730 389 1818 quit
406 1777 426 1812 ,
460 1750 667 1816 quum
700 1750 822 1816 pro
848 1727 1215 1810 se·diceret;
1246 1728 1515 1810 audistis
1546 1744 1733 1792 antea
1753 1775 1772 1809 ,
1803 1749 2010 1814 quum
2039 1740 2394 1792 accusaret

248 1836 543 1926 (patrem
586 1835 865 1901 Atratini
898 1834 983 1900 de
1016 1836 1269 1900 ambitu
1303 1833 1758 1922 accusaverat)
1789 1855 1994 1923 genus
2029 1833 2392 1913 orationis,

244 1942 609 2007 facultatem
634 1987 655 2024 ,
698 1942 953 2030 copiam
1002 1942 1468 2020 sententiarum
1487 1989 1508 2024 ,
1559 1956 1756 2029 atque
1801 1939 2151 2004 verborum
2167 1986 2186 2020 ,
2227 1959 2390 2027 quae

240 2064 452 2113 vestra
478 2045 822 2137 prudentia
850 2063 948 2112 est
966 2095 984 2129 ,
1024 2047 1434 2136 perspexistis
1457 2078 1484 2103 υ
1509 2070 1529 2130 3
1575 2069 1695 2112 cur
1728 2067 1860 2110 non
1891 2061 1958 2108 et
1990 2042 2155 2108 illud
2185 2043 2388 2108 addi·

246 2152 343 2217 dit
367 2151 673 2218 :audistis
692 2201 710 2235 ,
740 2175 946 2240 quum
974 2152 1253 2216 triennio
1280 2167 1434 2216 ante
1472 2167 1798 2216 accusaret
1810 2149 2172 2214 Antonium
2189 2148 2220 2212 ἓ)
2247 2150 2386 2212 hoc

242 2276 379 2326 erat
405 2258 611 2348 reipsa
629 2257 1004 2348 praeclarum
1018 2306 1037 2341 ,
1060 2255 1365 2322 damnato
1390 2280 1532 2341 re03
1556 2274 1622 2323 et
1644 2280 1724 2325 eo
1747 2255 1948 2347 magis
1975 2255 2342 2345 gloriosum
2361 2302 2381 2335 ,

242 2362 423 2453 quod
461 2365 569 2429 illo
614 2380 905 2452 tempore
950 2363 1275 2451 specimen
1309 2362 1412 2427 sui
1451 2362 1826 2443 hujusmodi
1871 2360 2154 2427 dedisset
2169 2410 2192 2445 ,
2237 2384 2383 2451 quo

238 2468 583 2535 libidinose
598 2516 617 2549 ,
651 2484 718 2531 et
743 2468 1071 2532 luxuriose
1108 2468 1340 2532 vixisse
1363 2468 1771 2559 arguebatur.
1798 2466 1925 2533 Sed
1947 2469 2160 2532 fuerat
2193 2468 2380 2533 Coelii

244 2574 521 2639 maxima
546 2574 684 2637 laus
701 2621 719 2655 ,
748 2595 955 2661 quum
981 2574 1320 2638 hominem
1348 2576 1752 2641 consularem
1772 2625 1791 2659 ,
1816 2574 2029 2639 delato
2061 2576 2338 2639 nomine
2357 2622 2378 2655 ,

236 2678 596 2761 accusavit,
624 2702 765 2745 sors
797 2679 883 2745 ita
911 2679 1147 2743 tulerat
1165 2726 1184 2761 ,
1211 2696 1287 2745 ut
1312 2697 1462 2768 post
1485 2698 1690 2745 actam
1715 2705 1754 2745 a
1773 2680 2060 2747 Maximo
2087 2704 2382 2762 musam,

234 2786 412 2849 nulla
442 2786 581 2873 ipse
606 2784 900 2849 oratione
924 2784 1023 2848 uti
1044 2802 1283 2874 posset.
1312 2786 1523 2865 Hujus
1549 2786 2008 2875 disputationis
2035 2788 2376 2853 conclusio

238 2892 381 2956 talis
413 2906 549 2956 est:
578 2890 645 2955 Si
674 2888 1049 2955 damnatum
1074 2892 1145 2956 C.
1171 2892 1528 2957 Antonium
1557 2892 2066 2981 repetundarum
2093 2894 2378 2959 fatemur

234 3021 271 3061 a
304 2998 387 3081 Q.
420 2996 651 3081 Fabio;
693 3020 848 3087 ergo
888 3019 1099 3087 neque
1132 2998 1564 3063 damnationis
1591 3022 1781 3064 causa
1805 3000 2135 3065 transferri
2159 3015 2376 3089 potest

236 3104 310 3169 in
351 3104 595 3169 crimen
630 3125 748 3167 seu
775 3102 1239 3183 conjurationis
1260 3150 1280 3185 ,
1313 3127 1430 3169 seu
1470 3104 1898 3191 proditionis,
1933 3105 2064 3171 hoc
2087 3122 2206 3187 est,
2235 3128 2373 3169 ma-

227 3200 513 3292 jestatis3
545 3230 759 3296 neque
790 3231 863 3273 ea
893 3210 1089 3274 verba
1118 3209 1450 3274 Ciceronis
1476 3232 1492 3274 ε
1531 3240 1558 3265 σι
1583 3211 1708 3274 Cui
1733 3211 1960 3275 nocuit
1981 3212 2210 3300 opinio
2233 3232 2373 3275 ma-

236 3312 428 3379 leficii
453 3312 763 3403 cogitati»
780 3362 799 3391 ,
822 3312 1195 3378 referuntur
1219 3312 1300 3378 ad
1321 3316 1797 3380 accusationem
1823 3316 2023 3398 Coelii,
2052 3338 2197 3405 quse
2223 3338 2373 3406 per-

235 3436 373 3485 acta
414 3442 549 3483 non
579 3418 732 3503 fuit,
760 3418 876 3483 sed
894 3418 975 3485 ad
996 3420 1181 3487 Fabii
1216 3421 1537 3487 actionem
1567 3421 1647 3487 de
1677 3421 2072 3512 repetundis.
2099 3421 2370 3503 Deinde,

237 3524 399 3591 illud
434 3548 621 3615 aeque
655 3525 1071 3613 perspicuum
1110 3542 1237 3609 est,
1274 3550 1502 3595 omnes
1523 3576 1542 3611 ,
1571 3528 1976 3617 quicumque
2003 3530 2370 3609 conjurasse

238 3654 388 3695 cum
435 3632 710 3697 Catilina
746 3629 1152 3714 dicebantur,
1194 3654 1453 3697 causam
1492 3632 1574 3698 de
1599 3634 1662 3698 vi
1685 3634 1947 3723 publica
1969 3634 2206 3699 dixisse
2231 3636 2370 3722 lege

236 3738 339 3801 vel
368 3737 616 3803 Plautia
638 3788 657 3823 ,
700 3738 805 3801 vel
844 3738 1134 3821 Lutatia,
1178 3736 1358 3827 quod
1401 3740 1622 3831 negari
1665 3762 1800 3804 non
1845 3756 2058 3831 potest
2079 3788 2097 3822 ,
2143 3740 2195 3804 si
2244 3763 2368 3829 qua

236 3842 539 3907 Ciceroni
575 3867 650 3909 ac
696 3842 995 3907 Sallustio
1032 3844 1117 3909 sit
1155 3844 1348 3929 {ides3
1395 3862 1462 3911 at
1506 3845 1588 3911 de
1631 3846 1958 3927 majestate
1997 3862 2366 3913 accusatum
