2594 4537
313 268 452 343 556
951 274 1049 341 M.
1103 274 1180 341 Τ.
1235 244 1797 343 CICERONIS

307 394 435 467 sed
471 392 656 483 haec,
686 394 838 492 pari
877 392 1042 463 loco
1078 396 1256 477 orti,
1308 408 1481 467 sunt
1526 388 2097 465 innumerabiles
2122 390 2244 461 alii
2286 414 2471 463 con-

306 505 615 602 sequuti.
663 499 950 573 Profers
995 504 1409 603 triumphos
1454 506 1531 575 T.
1579 496 1817 575 Didiiss
1864 515 1937 573 et
1974 506 2053 574 C.
2077 503 2465 589 ‚Marii;.et

307 614 603 712 quaeriS‚
645 610 824 710 quid
863 612 1092 687 simile
1127 617 1204 687 in
1245 614 1561 687 Plancio.
1600 614 1825 704 Quasi
1862 636 2037 683 vero
2076 613 2227 701 isti,
2264 636 2463 709 quos

307 748 867 811 commemoras,
923 740 1312 824 propterea
1359 728 1587 823 magis
1634 722 1845 795 laude
1890 720 2167 793 fuerint
2209 720 2457 819 digni,

307 833 510 932 quod
550 838 1094 935 triumpharunt
1107 848 1165 926 9,
1211 851 1285 908 et
1320 862 1509 925 non,
1550 837 1723 933 quia
1754 834 2335 905 commissisunt
2372 835 2459 903 iis

309 945 758 1039 magistratus
779 1002 800 1036 ‚
843 950 920 1019 in
964 945 1234 1044 quibus
1271 970 1355 1019 re
1402 944 1593 1019 bene
1642 958 1843 1044 gesta
1882 943 2453 1041 triumpharent.

307 1056 576 1151 RogaS‚
621 1082 783 1154 quae
807 1074 1038 1131 castra
1066 1056 1365 1129 viderit:
1404 1058 1533 1154 qui
1562 1070 1638 1127 et
1671 1054 1879 1127 miles
1911 1056 1986 1124 in
2022 1057 2276 1140 Creta,
2308 1058 2461 1124 Me-

303 1162 476 1235 tello
513 1162 654 1238 hoc
689 1169 1120 1268 imperatore
1153 1178 1238 1256 ¹⁰,
1269 1180 1345 1239 et
1380 1166 1718 1238 tribunus
1744 1168 1825 1237 in
1852 1163 2281 1237 Macedonia
2310 1166 2453 1233 mi-

297 1270 510 1345 litum
558 1272 816 1367 fuerit,
871 1293 944 1351 et
992 1291 1309 1375 quaestor
1360 1290 1647 1349 tantum
1704 1300 1792 1347 ex
1844 1300 1925 1348 re
1972 1273 2275 1345 militari
2332 1272 2455 1345 de-

299 1388 598 1457 traxerit
653 1390 1002 1487 temporis
1021 1442 1042 1475 ‚
1101 1401 1459 1486 quantum
1526 1389 1604 1457 in
1682 1410 1801 1457 me
1878 1382 2453 1457 custodiendum

305 1493 690 1571 transferre
731 1500 1084 1571 maluerit.
1131 1501 1447 1590 Quaeris,
1490 1520 1671 1569 num
1712 1495 2019 1567 disertus
2042 1502 2131 1565 ¹¹.
2174 1499 2457 1577 Immo,

301 1604 381 1676 id
404 1607 610 1704 quod
633 1610 1032 1683 secundum
1059 1624 1164 1683 est
1180 1664 1199 1697 ,
1229 1634 1323 1681 ne
1352 1607 1487 1681 sibi
1512 1604 1807 1705 quidem
1834 1604 2123 1677 videtur
2140 1614 2229 1673 ¹².
2256 1606 2453 1675 Num

303 1716 884 1810 jurisconsultus
936 1722 1160 1813 Quasi
1206 1722 1591 1818 quisquam
1638 1720 1729 1790 sit
1748 1712 1833 1805 ¹³,
1882 1716 2011 1813 qui
2062 1712 2203 1785 sibi
2254 1714 2457 1785 hunc

307 1824 570 1897 falsum
607 1827 700 1901 de
730 1831 893 1926 jure
923 1829 1383 1930 respondisse
1420 1828 1631 1901 dicat.
1674 1833 1950 1899 Omnes
1984 1828 2183 1897 enim
2216 1828 2455 1897 istius-

309 1933 509 2006 modi
537 1952 725 2010 artes
756 1940 830 2011 in
861 1942 946 2011 iis
971 1938 1631 2040 reprehenduntur,
1668 1936 1839 2035 qui,
1872 1960 2107 2033 quum
2145 1933 2451 2034 professi

310 2040 619 2135 fuerint,
655 2048 1060 2127 satisfacere
1097 2076 1246 2123 non
1286 2064 1631 2149 possunt3
1669 2071 1821 2120 non
1862 2050 1941 2118 in
1986 2048 2110 2134 iis,
2157 2049 2289 2143 qui
2324 2044 2453 2117 ab·

309 2151 526 2228 fuisse
551 2166 574 2201 ¹
585 2161 615 2209 ⁴
651 2158 746 2232 ab
787 2163 939 2233 istis
980 2160 1236 2233 studiis
1271 2158 1735 2233 confitentur.
1768 2161 2053 2243 VirtuS‚
2088 2154 2453 2254 probitas,

311 2266 680 2366 integritas
713 2272 790 2342 in
822 2271 1238 2362 candidato,
1281 2295 1441 2352 non,
1475 2271 1737 2368 linguae
1785 2264 2203 2339 volubilitas
2230 2321 2251 2352 ‚
2296 2291 2451 2338 non

309 2401 462 2465 ars,
500 2404 653 2452 non
690 2383 986 2455 scientia
1033 2383 1313 2480 requiri
1364 2381 1567 2452 solet.
1610 2385 1713 2451 Ut
1758 2402 1893 2449 nos
1940 2378 2019 2448 in
2066 2379 2451 2475 mancipiis

312 2489 645 2583 parandis
664 2545 683 2578 ,
725 2495 1050 2589 quamvis
1099 2491 1290 2592 frugi
1332 2491 1701 2563 hominem
1748 2491 1805 2560 si
1849 2512 1986 2586 pro
2027 2485 2239 2558 fabro
2260 2543 2279 2576 ‚
2327 2502 2451 2558 aut

387 2739 436 2786 8.
463 2739 663 2805 Pmsers
689 2741 956 2806 triumphos
977 2747 1032 2794 T.
1053 2742 1205 2794 Didii.
1231 2744 1335 2793 Alii

314 2816 494 2866 babent
510 2841 536 2862 ι
550 2821 743 2870 Profer·
764 2823 1038 2888 triumphos
1051 2823 1166 2874 Tib.
1185 2826 1336 2872 Grac-

313 2895 394 2946 chi
421 2909 470 2947 ot
494 2899 552 2949 C.
567 2901 764 2950 Madia.

383 2993 436 3039 9.
452 2979 634 3046 Digni,
661 2981 799 3045 qnod
809 2981 1187 3048 triumpharunt.
1207 2984 1334 3032 MSS

317 3059 392 3106 Fr.
420 3060 586 3108 Ursin.
618 3061 724 3110 nic:
754 3072 1049 3126 «propterea
1077 3063 1332 3126 magistra-

313 3135 443 3185 tibus
451 3137 630 3188 suerint
643 3139 942 3204 digni,quod
951 3141 1331 3206 triumpharunt,

311 3225 362 3263 et
385 3232 490 3264 non
525 3219 638 3282 qnia
671 3219 916 3268 commissi
939 3231 1054 3268 sunt
1085 3221 1147 3269 iis
1177 3221 1331 3284 magi-

267 3315 276 3322 ·
313 3306 508 3356 stratus,
523 3296 574 3344 in
593 3297 772 3361 quibua
793 3314 844 3346 re
863 3298 986 3348 bene
1005 3309 1136 3363 genta
1159 3300 1335 3348 trium-

312 3373 528 3439 pharunt
550 3397 599 3424 n.
625 3378 730 3426 Erf-
757 3388 804 3426 et
833 3379 995 3429 Graev.
1034 3401 1060 3422 α
1077 3390 1336 3445 propterea

313 3456 616 3518 magistratus
641 3457 862 3522 ceperint
894 3459 1034 3522 quod
1069 3458 1332 3523 triumpha·

313 3545 428 3582 runt
445 3557 492 3584 τι.
513 3535 666 3584 Omll.
690 3535 1070 3602 triumpharant.
1091 3539 1172 3586 Sic
1209 3537 1331 3588 Lan.

317 3630 343 3662 e
369 3614 564 3664 duobus
591 3614 741 3664 codd.
759 3616 944 3680 Regiis.

389 3710 468 3742 10.
499 3694 696 3744 Metello
731 3693 823 3742 Ιιοο
855 3695 1160 3760 imperatore.
1201 3697 1333 3744 Prae-

313 3789 422 3820 sens
439 3784 555 3822 erat.

389 3866 467 3899 ιι.
495 3855 624 3901 Num
665 3853 892 3902 diser-tus.
928 3856 1091 3906 Graev.
1127 3871 1191 3904 ex
1229 3857 1331 3904 Erf.

315 3949 340 3968 a
355 3943 472 3976 num
499 3931 706 3980 disertus
729 3935 793 3982 sit
806 3955 847 3982 n.

396 4023 472 4058 12.
503 4012 578 4056 Ne
617 4010 708 4058 sibi
741 4011 934 4076 quidem
971 4011 1182 4062 videtur.
1211 4017 1331 4064 Rae

1420 2741 1604 2792 Plautii
1636 2739 1875 2790 modestia
1910 2739 1962 2788 in
2002 2737 2227 2788 canam
2270 2738 2423 2788 resilit
2436 2775 2451 2791 .

1420 2824 1507 2888 qui
1524 2840 1575 2872 se
1592 2823 1696 2887 ipse
1714 2837 1943 2886 mgnum
1956 2821 2171 2870 habehat
2186 2833 2449 2871 oratooen.

1499 2904 1579 2950 13.
1604 2900 1764 2968 Quem*
1780 2901 2039 2966 quisquam
2056 2899 2139 2951 sie.
2167 2903 2315 2950 Unus
2330 2903 2449 2950 Brit.

1423 2981 1684 3047 quispiam.
1704 2980 1802 3029 uie
1824 2981 2069 3029 utrumvis
2092 2979 2261 3028 locum
2278 2981 2449 3034 buben

1422 3071 1585 3110 tamen
1618 3077 1771 3124 quum
1810 3069 1915 3108 tnta
1952 3060 2189 3109 sententia
2236 3061 2447 3124 negativi

1423 3141 1588 3205 potius
1614 3140 1801 3204 generis
1822 3141 1913 3198 sit,
1931 3138 2225 3203 exquisitim
2245 3155 2273 3186 a
2290 3140 2447 3204 pluri-

1422 3222 1513 3268 mi·
1554 3220 1703 3266 immo
1746 3219 1846 3267 fere
1880 3217 2111 3266 omnibus
2150 3219 2279 3268 MSS
2320 3229 2449 3268 reete

1420 3311 1659 3348 servatum
1694 3309 1784 3346 est.

1496 3387 1577 3434 14.
1602 3376 1701 3441 Qui
1724 3376 1955 3444 abfuisse.
1982 3377 2165 3424 Erfurt.
2188 3389 2243 3426 et
2273 3380 2445 3426 Bam.

1422 3475 1513 3508 «se
1536 3457 1750 3506 abfuisse
1764 3479 1806 3506 n.
1826 3457 1967 3504 Un'ns
1987 3465 2101 3504 ante
2124 3457 2291 3505 Graev.
2308 3459 2447 3504 Iam·

1421 3537 1595 3594 binus,
1642 3556 1668 3577 ι
1694 3535 1779 3599 qui
1825 3535 2040 3583 abfuisse
2084 3551 2139 3583 se
2156 3556 2211 3584 n.
2258 3537 2445 3584 Putavit

1422 3617 1607 3667 scilicet
1650 3630 1923 3680 pronomen
1966 3613 2029 3662 ab
2064 3624 2287 3662 extrema
2316 3615 2449 3664 vocis

1422 3695 1751 3748 antecedentis
1768 3695 1955 3762 syllaba
1974 3694 2125 3744 fuine
2148 3695 2443 3760 absorptum.

1418 3778 1569 3826 Nunc
1608 3775 1705 3824 alio
1744 3775 1799 3822 id
1836 3775 1949 3824 loco
1990 3775 2181 3824 Erfnrt.
2218 3775 2443 3827 exhibet.

1420 3858 1562 3921 eique
1600 3870 1711 3902 cum
1746 3855 1941 3902 Graevio
1970 3855 2137 3918 paruit
2162 3855 2365 3904 lanan.
2380 3881 2439 3890 -·

1422 3937 1502 3985 Ab
1530 3934 1631 3984 istis
1657 3933 1850 3982 suedie).
1880 3933 2013 3991 Alii,
2040 3933 2198 3984 istius.
2222 3936 2342 3986 Tres
2368 3933 2441 3982 de·

1421 4015 1568 4080 nique
1595 4013 1667 4064 Ιώ
1696 4028 1807 4061 cum
1837 4011 1997 4076 Naug.
