<?xml version="1.0" encoding="UTF-8"?>
<!DOCTYPE html PUBLIC "-//W3C//DTD XHTML 1.0 Transitional//EN"
    "http://www.w3.org/TR/xhtml1/DTD/xhtml1-transitional.dtd">
<html xmlns="http://www.w3.org/1999/xhtml" xml:lang="en" lang="en">
 <head>
  <title>
</title>
<meta http-equiv="Content-Type" content="text/html;charset=utf-8" />
  <meta name='ocr-system' content='tesseract 3.04.00' />
  <meta name='ocr-capabilities' content='ocr_page ocr_carea ocr_par ocr_line ocrx_word'/>
</head>
<body>
  <div class='ocr_page' id='page_1' title='image "./mtciceronisquae05lemagoog_0254.png"; bbox 0 0 2594 4537; ppageno 0'>
   <div class='ocr_carea' id='block_1_1' title="bbox 312 191 2021 343">
    <p class='ocr_par' dir='ltr' id='par_1_1' title="bbox 312 191 2021 343">
     <span class='ocr_line' id='line_1_1' title="bbox 312 191 2021 343; baseline -0.004 -31"><span class='ocrx_word' id='word_1_1' title='bbox 312 243 451 327; x_wconf 74' lang='lat'><strong>242</strong></span> <span class='ocrx_word' id='word_1_2' title='bbox 682 191 1362 310; x_wconf 60' lang='lat' dir='ltr'><strong>&#39;MARKLANm</strong></span> <span class='ocrx_word' id='word_1_3' title='bbox 1409 239 1532 306; x_wconf 85' lang='lat' dir='ltr'><strong>ET</strong></span> <span class='ocrx_word' id='word_1_4' title='bbox 1580 239 2021 343; x_wconf 68' lang='lat' dir='ltr'><strong>cnsNEm</strong></span> 
     </span>
    </p>
   </div>
   <div class='ocr_carea' id='block_1_2' title="bbox 270 359 2438 4055">
    <p class='ocr_par' dir='ltr' id='par_1_2' title="bbox 270 359 2438 4055">
     <span class='ocr_line' id='line_1_2' title="bbox 308 359 2438 442; baseline 0 -13"><span class='ocrx_word' id='word_1_5' title='bbox 308 362 619 430; x_wconf 79' lang='lat' dir='ltr'><strong>orationis</strong></span> <span class='ocrx_word' id='word_1_6' title='bbox 652 377 729 426; x_wconf 83' lang='lat' dir='ltr'><strong>ut</strong></span> <span class='ocrx_word' id='word_1_7' title='bbox 762 359 1194 424; x_wconf 75' lang='lat' dir='ltr'><strong>Ciceronianae</strong></span> <span class='ocrx_word' id='word_1_8' title='bbox 1224 359 1523 424; x_wconf 80' lang='lat' dir='ltr'><strong>meminit</strong></span> <span class='ocrx_word' id='word_1_9' title='bbox 1557 359 1879 424; x_wconf 85' lang='lat' dir='ltr'><strong>Asconius</strong></span> <span class='ocrx_word' id='word_1_10' title='bbox 1897 407 1918 442; x_wconf 90' lang='lat'>,</span> <span class='ocrx_word' id='word_1_11' title='bbox 1951 359 2129 426; x_wconf 81' lang='lat' dir='ltr'><strong>haud</strong></span> <span class='ocrx_word' id='word_1_12' title='bbox 2165 362 2308 428; x_wconf 71' lang='lat' dir='ltr'><strong>leve</strong></span> <span class='ocrx_word' id='word_1_13' title='bbox 2339 387 2438 430; x_wconf 84' lang='lat' dir='ltr'><strong>ar-</strong></span> 
     </span>
     <span class='ocr_line' id='line_1_3' title="bbox 306 463 2437 560; baseline -0 -27"><span class='ocrx_word' id='word_1_14' title='bbox 306 483 693 560; x_wconf 82' lang='lat' dir='ltr'><strong>gumentum</strong></span> <span class='ocrx_word' id='word_1_15' title='bbox 722 463 920 529; x_wconf 85' lang='lat' dir='ltr'><strong>latere</strong></span> <span class='ocrx_word' id='word_1_16' title='bbox 950 480 1179 529; x_wconf 84' lang='lat' dir='ltr'><strong>contra</strong></span> <span class='ocrx_word' id='word_1_17' title='bbox 1210 463 1660 528; x_wconf 84' lang='lat' dir='ltr'><strong>auctoritatem</strong></span> <span class='ocrx_word' id='word_1_18' title='bbox 1697 463 1856 543; x_wconf 79' lang='lat' dir='ltr'><strong>ejus.</strong></span> <span class='ocrx_word' id='word_1_19' title='bbox 1899 465 2070 530; x_wconf 89' lang='lat' dir='ltr'><strong>Nam</strong></span> <span class='ocrx_word' id='word_1_20' title='bbox 2103 467 2158 530; x_wconf 88' lang='lat' dir='ltr'><strong>si</strong></span> <span class='ocrx_word' id='word_1_21' title='bbox 2189 468 2278 532; x_wconf 83' lang='lat' dir='ltr'><strong>ab</strong></span> <span class='ocrx_word' id='word_1_22' title='bbox 2299 472 2437 534; x_wconf 75' lang='lat' dir='ltr'><strong>evi-</strong></span> 
     </span>
     <span class='ocr_line' id='line_1_4' title="bbox 304 569 2436 660; baseline -0 -18"><span class='ocrx_word' id='word_1_23' title='bbox 304 574 614 642; x_wconf 73' lang='lat' dir='ltr'><strong>dentibus</strong></span> <span class='ocrx_word' id='word_1_24' title='bbox 654 569 1161 637; x_wconf 68' lang='lat' dir='ltr'><strong>anachronismis</strong></span> <span class='ocrx_word' id='word_1_25' title='bbox 1207 570 1574 636; x_wconf 69' lang='lat' dir='ltr'><strong>discesseris</strong></span> <span class='ocrx_word' id='word_1_26' title='bbox 1589 617 1608 652; x_wconf 90' lang='lat'>,</span> <span class='ocrx_word' id='word_1_27' title='bbox 1644 577 1721 635; x_wconf 83' lang='lat' dir='ltr'><strong>ut</strong></span> <span class='ocrx_word' id='word_1_28' title='bbox 1741 613 1762 652; x_wconf 88' lang='lat'><strong>,</strong></span> <span class='ocrx_word' id='word_1_29' title='bbox 1804 594 2010 660; x_wconf 82' lang='lat' dir='ltr'><strong>quum</strong></span> <span class='ocrx_word' id='word_1_30' title='bbox 2049 587 2436 660; x_wconf 76' lang='lat' dir='ltr'><strong>personatus</strong></span> 
     </span>
     <span class='ocr_line' id='line_1_5' title="bbox 300 665 2434 771; baseline 0.001 -25"><span class='ocrx_word' id='word_1_31' title='bbox 300 682 577 771; x_wconf 82' lang='lat' dir='ltr'><strong>scriptor</strong></span> <span class='ocrx_word' id='word_1_32' title='bbox 614 701 691 742; x_wconf 86' lang='lat' dir='ltr'><strong>ea</strong></span> <span class='ocrx_word' id='word_1_33' title='bbox 734 665 1063 766; x_wconf 79' lang='lat' dir='ltr'><strong>loquitur,</strong></span> <span class='ocrx_word' id='word_1_34' title='bbox 1106 696 1251 766; x_wconf 75' lang='lat' dir='ltr'><strong>ques</strong></span> <span class='ocrx_word' id='word_1_35' title='bbox 1284 694 1438 766; x_wconf 83' lang='lat' dir='ltr'><strong>post</strong></span> <span class='ocrx_word' id='word_1_36' title='bbox 1475 676 1613 742; x_wconf 84' lang='lat' dir='ltr'><strong>veri</strong></span> <span class='ocrx_word' id='word_1_37' title='bbox 1643 677 1928 744; x_wconf 76' lang='lat' dir='ltr'><strong>auctoris</strong></span> <span class='ocrx_word' id='word_1_38' title='bbox 1961 696 2242 744; x_wconf 85' lang='lat' dir='ltr'><strong>mortem</strong></span> <span class='ocrx_word' id='word_1_39' title='bbox 2283 705 2434 748; x_wconf 84' lang='lat' dir='ltr'><strong>eve-</strong></span> 
     </span>
     <span class='ocr_line' id='line_1_6' title="bbox 302 781 2434 874; baseline 0.001 -24"><span class='ocrx_word' id='word_1_40' title='bbox 302 787 475 852; x_wconf 83' lang='lat' dir='ltr'><strong>nisse</strong></span> <span class='ocrx_word' id='word_1_41' title='bbox 514 795 799 866; x_wconf 71' lang='lat' dir='ltr'><strong>constat,</strong></span> <span class='ocrx_word' id='word_1_42' title='bbox 832 783 1089 847; x_wconf 83' lang='lat' dir='ltr'><strong>nullum</strong></span> <span class='ocrx_word' id='word_1_43' title='bbox 1116 783 1356 848; x_wconf 84' lang='lat' dir='ltr'><strong>certius</strong></span> <span class='ocrx_word' id='word_1_44' title='bbox 1379 781 1700 863; x_wconf 84' lang='lat' dir='ltr'><strong>judicium</strong></span> <span class='ocrx_word' id='word_1_45' title='bbox 1733 793 1920 855; x_wconf 69' lang='grc' dir='ltr'><strong>νοοιίας</strong></span> <span class='ocrx_word' id='word_1_46' title='bbox 1946 784 2162 849; x_wconf 79' lang='lat' dir='ltr'><strong>afferri</strong></span> <span class='ocrx_word' id='word_1_47' title='bbox 2187 795 2434 874; x_wconf 79' lang='lat' dir='ltr'><strong>potest,</strong></span> 
     </span>
     <span class='ocr_line' id='line_1_7' title="bbox 300 887 2433 982; baseline 0 -25"><span class='ocrx_word' id='word_1_48' title='bbox 300 913 498 982; x_wconf 85' lang='lat' dir='ltr'><strong>quam</strong></span> <span class='ocrx_word' id='word_1_49' title='bbox 524 890 666 956; x_wconf 80' lang='lat' dir='ltr'><strong>talis</strong></span> <span class='ocrx_word' id='word_1_50' title='bbox 682 888 969 954; x_wconf 86' lang='lat' dir='ltr'><strong>duorum</strong></span> <span class='ocrx_word' id='word_1_51' title='bbox 1002 887 1293 968; x_wconf 80' lang='lat' dir='ltr'><strong>ejusdem</strong></span> <span class='ocrx_word' id='word_1_52' title='bbox 1325 890 1622 953; x_wconf 86' lang='lat' dir='ltr'><strong>locorum</strong></span> <span class='ocrx_word' id='word_1_53' title='bbox 1655 889 2103 977; x_wconf 76' lang='lat' dir='ltr'><strong>repugnantia.</strong></span> <span class='ocrx_word' id='word_1_54' title='bbox 2119 891 2219 954; x_wconf 77' lang='lat' dir='ltr'><strong>lta</strong></span> <span class='ocrx_word' id='word_1_55' title='bbox 2253 893 2433 958; x_wconf 87' lang='lat' dir='ltr'><strong>enim</strong></span> 
     </span>
     <span class='ocr_line' id='line_1_8' title="bbox 298 995 2432 1088; baseline 0 -25"><span class='ocrx_word' id='word_1_56' title='bbox 298 998 510 1088; x_wconf 81' lang='lat' dir='ltr'><strong>&#39;pergit</strong></span> <span class='ocrx_word' id='word_1_57' title='bbox 537 995 855 1062; x_wconf 85' lang='lat' dir='ltr'><strong>Asconius</strong></span> <span class='ocrx_word' id='word_1_58' title='bbox 883 1017 899 1060; x_wconf 73' lang='grc' dir='ltr'>ε</span> <span class='ocrx_word' id='word_1_59' title='bbox 937 1024 964 1051; x_wconf 76' lang='grc' dir='ltr'><strong>σι</strong></span> <span class='ocrx_word' id='word_1_60' title='bbox 982 995 1135 1060; x_wconf 84' lang='lat' dir='ltr'><strong>Non</strong></span> <span class='ocrx_word' id='word_1_61' title='bbox 1175 995 1502 1084; x_wconf 75' lang='lat' dir='ltr'><strong>praetexire</strong></span> <span class='ocrx_word' id='word_1_62' title='bbox 1521 1009 1740 1059; x_wconf 76' lang='lat' dir='ltr'><strong>autem</strong></span> <span class='ocrx_word' id='word_1_63' title='bbox 1761 1017 1879 1060; x_wconf 78' lang='lat' dir='ltr'><strong>vos</strong></span> <span class='ocrx_word' id='word_1_64' title='bbox 1901 996 2052 1060; x_wconf 76' lang='lat' dir='ltr'><strong>volo</strong></span> <span class='ocrx_word' id='word_1_65' title='bbox 2069 1041 2090 1078; x_wconf 92' lang='lat'><strong>,</strong></span> <span class='ocrx_word' id='word_1_66' title='bbox 2118 1019 2258 1062; x_wconf 73' lang='lat' dir='ltr'><strong>esse</strong></span> <span class='ocrx_word' id='word_1_67' title='bbox 2283 1022 2432 1064; x_wconf 87' lang='lat' dir='ltr'><strong>ora·</strong></span> 
     </span>
     <span class='ocr_line' id='line_1_9' title="bbox 296 1097 2432 1189; baseline 0 -21"><span class='ocrx_word' id='word_1_68' title='bbox 296 1103 479 1168; x_wconf 76' lang='lat' dir='ltr'><strong>toriae</strong></span> <span class='ocrx_word' id='word_1_69' title='bbox 528 1097 919 1182; x_wconf 84' lang='lat' dir='ltr'><strong>calliditatis,</strong></span> <span class='ocrx_word' id='word_1_70' title='bbox 972 1115 1051 1164; x_wconf 85' lang='lat' dir='ltr'><strong>ut</strong></span> <span class='ocrx_word' id='word_1_71' title='bbox 1068 1145 1089 1182; x_wconf 92' lang='lat'><strong>,</strong></span> <span class='ocrx_word' id='word_1_72' title='bbox 1148 1121 1356 1188; x_wconf 83' lang='lat' dir='ltr'><strong>quum</strong></span> <span class='ocrx_word' id='word_1_73' title='bbox 1413 1122 1580 1189; x_wconf 83' lang='lat' dir='ltr'><strong>opus</strong></span> <span class='ocrx_word' id='word_1_74' title='bbox 1631 1099 1758 1182; x_wconf 66' lang='lat' dir='ltr'><strong>sit5</strong></span> <span class='ocrx_word' id='word_1_75' title='bbox 1813 1099 2058 1166; x_wconf 83' lang='lat' dir='ltr'><strong>eisdem</strong></span> <span class='ocrx_word' id='word_1_76' title='bbox 2097 1101 2299 1168; x_wconf 74' lang='lat' dir='ltr'><strong>rebus</strong></span> <span class='ocrx_word' id='word_1_77' title='bbox 2345 1106 2432 1170; x_wconf 86' lang='lat' dir='ltr'><strong>ab</strong></span> 
     </span>
     <span class='ocr_line' id='line_1_10' title="bbox 294 1204 2434 1297; baseline 0 -23"><span class='ocrx_word' id='word_1_78' title='bbox 294 1225 571 1297; x_wconf 85' lang='lat' dir='ltr'><strong>utraque</strong></span> <span class='ocrx_word' id='word_1_79' title='bbox 604 1223 787 1295; x_wconf 82' lang='lat' dir='ltr'><strong>parte</strong></span> <span class='ocrx_word' id='word_1_80' title='bbox 818 1205 921 1270; x_wconf 79' lang='lat' dir='ltr'><strong>vel</strong></span> <span class='ocrx_word' id='word_1_81' title='bbox 955 1227 993 1269; x_wconf 84' lang='lat' dir='ltr'><strong>a</strong></span> <span class='ocrx_word' id='word_1_82' title='bbox 1038 1205 1380 1270; x_wconf 72' lang='lat' dir='ltr'><strong>contrariis</strong></span> <span class='ocrx_word' id='word_1_83' title='bbox 1414 1221 1706 1270; x_wconf 67' lang='lat' dir='ltr'><strong>utantur.</strong></span> <span class='ocrx_word' id='word_1_84' title='bbox 1754 1204 1924 1270; x_wconf 82' lang='lat' dir='ltr'><strong>Nam</strong></span> <span class='ocrx_word' id='word_1_85' title='bbox 1957 1226 2164 1295; x_wconf 87' lang='lat' dir='ltr'><strong>quum</strong></span> <span class='ocrx_word' id='word_1_86' title='bbox 2194 1231 2434 1274; x_wconf 86' lang='lat' dir='ltr'><strong>secun-</strong></span> 
     </span>
     <span class='ocr_line' id='line_1_11' title="bbox 293 1311 2430 1402; baseline 0.001 -24"><span class='ocrx_word' id='word_1_87' title='bbox 293 1314 459 1378; x_wconf 80' lang='lat' dir='ltr'><strong>dum</strong></span> <span class='ocrx_word' id='word_1_88' title='bbox 506 1312 840 1377; x_wconf 86' lang='lat' dir='ltr'><strong>Ciceronis·</strong></span> <span class='ocrx_word' id='word_1_89' title='bbox 890 1311 1263 1400; x_wconf 81' lang='lat' dir='ltr'><strong>opinionem</strong></span> <span class='ocrx_word' id='word_1_90' title='bbox 1321 1327 1583 1377; x_wconf 88' lang='lat' dir='ltr'><strong>auctore</strong></span> <span class='ocrx_word' id='word_1_91' title='bbox 1643 1311 1942 1402; x_wconf 78' lang='lat' dir='ltr'><strong>Scipione</strong></span> <span class='ocrx_word' id='word_1_92' title='bbox 2003 1335 2136 1378; x_wconf 86' lang='lat' dir='ltr'><strong>cos.</strong></span> <span class='ocrx_word' id='word_1_93' title='bbox 2215 1314 2430 1380; x_wconf 78' lang='lat' dir='ltr'><strong>aediles</strong></span> 
     </span>
     <span class='ocr_line' id='line_1_12' title="bbox 290 1417 2432 1506; baseline 0 -19"><span class='ocrx_word' id='word_1_94' title='bbox 290 1435 609 1487; x_wconf 83' lang='lat' dir='ltr'><strong>secretum</strong></span> <span class='ocrx_word' id='word_1_95' title='bbox 660 1435 815 1483; x_wconf 86' lang='lat' dir='ltr'><strong>ante</strong></span> <span class='ocrx_word' id='word_1_96' title='bbox 862 1439 1091 1482; x_wconf 83' lang='lat' dir='ltr'><strong>omnes</strong></span> <span class='ocrx_word' id='word_1_97' title='bbox 1140 1419 1360 1483; x_wconf 87' lang='lat' dir='ltr'><strong>locum</strong></span> <span class='ocrx_word' id='word_1_98' title='bbox 1405 1417 1740 1506; x_wconf 84' lang='lat' dir='ltr'><strong>spectandi</strong></span> <span class='ocrx_word' id='word_1_99' title='bbox 1785 1419 2192 1485; x_wconf 81' lang='lat' dir='ltr'><strong>senatoribus</strong></span> <span class='ocrx_word' id='word_1_100' title='bbox 2235 1421 2432 1488; x_wconf 84' lang='lat' dir='ltr'><strong>dede-</strong></span> 
     </span>
     <span class='ocr_line' id='line_1_13' title="bbox 287 1523 2428 1612; baseline 0.001 -21"><span class='ocrx_word' id='word_1_101' title='bbox 287 1527 458 1609; x_wconf 76' lang='lat' dir='ltr'><strong>rint5</strong></span> <span class='ocrx_word' id='word_1_102' title='bbox 494 1523 725 1590; x_wconf 83' lang='lat' dir='ltr'><strong>eodem</strong></span> <span class='ocrx_word' id='word_1_103' title='bbox 770 1523 881 1588; x_wconf 90' lang='lat' dir='ltr'><strong>illo</strong></span> <span class='ocrx_word' id='word_1_104' title='bbox 918 1524 1089 1589; x_wconf 77' lang='lat' dir='ltr'><strong>factu</strong></span> <span class='ocrx_word' id='word_1_105' title='bbox 1134 1523 1456 1612; x_wconf 74' lang='lat' dir='ltr'><strong>Scipionis</strong></span> <span class='ocrx_word' id='word_1_106' title='bbox 1499 1524 1568 1588; x_wconf 87' lang='lat' dir='ltr'><strong>in</strong></span> <span class='ocrx_word' id='word_1_107' title='bbox 1613 1523 1738 1588; x_wconf 82' lang='lat' dir='ltr'><strong>hac</strong></span> <span class='ocrx_word' id='word_1_108' title='bbox 1787 1523 2052 1612; x_wconf 78' lang='lat' dir='ltr'><strong>quidem·</strong></span> <span class='ocrx_word' id='word_1_109' title='bbox 2091 1527 2392 1594; x_wconf 82' lang='lat' dir='ltr'><strong>oratione</strong></span> <span class='ocrx_word' id='word_1_110' title='bbox 2409 1575 2428 1612; x_wconf 89' lang='lat'>,</span> 
     </span>
     <span class='ocr_line' id='line_1_14' title="bbox 286 1627 2432 1722; baseline 0.002 -26"><span class='ocrx_word' id='word_1_111' title='bbox 286 1635 439 1722; x_wconf 79' lang='lat' dir='ltr'><strong>quia</strong></span> <span class='ocrx_word' id='word_1_112' title='bbox 484 1652 673 1696; x_wconf 83' lang='lat' dir='ltr'><strong>eausa</strong></span> <span class='ocrx_word' id='word_1_113' title='bbox 714 1627 1047 1718; x_wconf 87' lang='lat' dir='ltr'><strong>popularis</strong></span> <span class='ocrx_word' id='word_1_114' title='bbox 1095 1645 1233 1694; x_wconf 87' lang='lat' dir='ltr'><strong>erat</strong></span> <span class='ocrx_word' id='word_1_115' title='bbox 1245 1677 1267 1711; x_wconf 84' lang='lat'>‚</span> <span class='ocrx_word' id='word_1_116' title='bbox 1313 1630 1862 1718; x_wconf 76' lang='lat' dir='ltr'><strong>premebatur-que</strong></span> <span class='ocrx_word' id='word_1_117' title='bbox 1897 1647 2162 1696; x_wconf 80' lang='lat' dir='ltr'><strong>senatus</strong></span> <span class='ocrx_word' id='word_1_118' title='bbox 2199 1649 2432 1700; x_wconf 83' lang='lat' dir='ltr'><strong>aucto·</strong></span> 
     </span>
     <span class='ocr_line' id='line_1_15' title="bbox 284 1733 2434 1827; baseline 0 -24"><span class='ocrx_word' id='word_1_119' title='bbox 284 1739 475 1803; x_wconf 85' lang='lat' dir='ltr'><strong>ritate</strong></span> <span class='ocrx_word' id='word_1_120' title='bbox 493 1779 513 1820; x_wconf 86' lang='lat'>,</span> <span class='ocrx_word' id='word_1_121' title='bbox 558 1753 755 1824; x_wconf 81' lang='lat' dir='ltr'><strong>atque</strong></span> <span class='ocrx_word' id='word_1_122' title='bbox 804 1735 893 1800; x_wconf 89' lang='lat' dir='ltr'><strong>ob</strong></span> <span class='ocrx_word' id='word_1_123' title='bbox 940 1733 1011 1799; x_wconf 90' lang='lat' dir='ltr'><strong>id</strong></span> <span class='ocrx_word' id='word_1_124' title='bbox 1059 1733 1438 1826; x_wconf 83' lang='lat' dir='ltr'><strong>dignitatem</strong></span> <span class='ocrx_word' id='word_1_125' title='bbox 1489 1735 1628 1816; x_wconf 84' lang='lat' dir='ltr'><strong>ejus</strong></span> <span class='ocrx_word' id='word_1_126' title='bbox 1673 1733 1922 1802; x_wconf 76' lang='lat' dir='ltr'><strong>ordinis</strong></span> <span class='ocrx_word' id='word_1_127' title='bbox 1974 1751 2172 1826; x_wconf 84' lang='lat' dir='ltr'><strong>quam</strong></span> <span class='ocrx_word' id='word_1_128' title='bbox 2221 1741 2434 1827; x_wconf 87' lang='lat' dir='ltr'><strong>possit</strong></span> 
     </span>
     <span class='ocr_line' id='line_1_16' title="bbox 286 1839 2434 1934; baseline 0.001 -25"><span class='ocrx_word' id='word_1_129' title='bbox 286 1843 565 1909; x_wconf 80' lang='lat' dir='ltr'><strong>maxime</strong></span> <span class='ocrx_word' id='word_1_130' title='bbox 588 1842 821 1907; x_wconf 85' lang='lat' dir='ltr'><strong>elevari</strong></span> <span class='ocrx_word' id='word_1_131' title='bbox 845 1861 1051 1906; x_wconf 79' lang='lat' dir='ltr'><strong>causoe</strong></span> <span class='ocrx_word' id='word_1_132' title='bbox 1074 1839 1490 1930; x_wconf 70' lang='lat' dir='ltr'><strong>expediebat,</strong></span> <span class='ocrx_word' id='word_1_133' title='bbox 1520 1842 1900 1931; x_wconf 66' lang='lat' dir='ltr'><strong>paenituisse</strong></span> <span class='ocrx_word' id='word_1_134' title='bbox 1917 1843 2010 1908; x_wconf 81' lang='lat' dir='ltr'><strong>ait</strong></span> <span class='ocrx_word' id='word_1_135' title='bbox 2037 1843 2434 1934; x_wconf 81' lang='lat' dir='ltr'><strong>Scipionem,</strong></span> 
     </span>
     <span class='ocr_line' id='line_1_17' title="bbox 288 1941 2434 2037; baseline 0.001 -27"><span class='ocrx_word' id='word_1_136' title='bbox 288 1943 469 2034; x_wconf 78' lang='lat' dir='ltr'><strong>quod</strong></span> <span class='ocrx_word' id='word_1_137' title='bbox 508 1965 735 2033; x_wconf 83' lang='lat' dir='ltr'><strong>passus</strong></span> <span class='ocrx_word' id='word_1_138' title='bbox 782 1957 952 2007; x_wconf 86' lang='lat' dir='ltr'><strong>esset</strong></span> <span class='ocrx_word' id='word_1_139' title='bbox 994 1941 1064 2006; x_wconf 88' lang='lat' dir='ltr'><strong>id</strong></span> <span class='ocrx_word' id='word_1_140' title='bbox 1104 1941 1281 2008; x_wconf 84' lang='lat' dir='ltr'><strong>fieri:</strong></span> <span class='ocrx_word' id='word_1_141' title='bbox 1324 1943 1392 2009; x_wconf 87' lang='lat' dir='ltr'><strong>in</strong></span> <span class='ocrx_word' id='word_1_142' title='bbox 1433 1965 1506 2008; x_wconf 82' lang='lat' dir='ltr'><strong>ea</strong></span> <span class='ocrx_word' id='word_1_143' title='bbox 1541 1943 1838 2008; x_wconf 83' lang='lat' dir='ltr'><strong>oratione</strong></span> <span class='ocrx_word' id='word_1_144' title='bbox 1878 1942 1962 2008; x_wconf 87' lang='lat' dir='ltr'><strong>de</strong></span> <span class='ocrx_word' id='word_1_145' title='bbox 2008 1945 2434 2037; x_wconf 73' lang='lat' dir='ltr'><strong>haruspicum</strong></span> 
     </span>
     <span class='ocr_line' id='line_1_18' title="bbox 288 2041 2436 2139; baseline 0.002 -25"><span class='ocrx_word' id='word_1_146' title='bbox 288 2067 605 2139; x_wconf 84' lang='lat' dir='ltr'><strong>responso</strong></span> <span class='ocrx_word' id='word_1_147' title='bbox 627 2091 647 2132; x_wconf 82' lang='lat'>,</span> <span class='ocrx_word' id='word_1_148' title='bbox 704 2041 857 2137; x_wconf 77' lang='lat' dir='ltr'><strong>qu&#39;ia</strong></span> <span class='ocrx_word' id='word_1_149' title='bbox 899 2048 967 2114; x_wconf 90' lang='lat' dir='ltr'><strong>in</strong></span> <span class='ocrx_word' id='word_1_150' title='bbox 1020 2065 1253 2115; x_wconf 85' lang='lat' dir='ltr'><strong>senatu</strong></span> <span class='ocrx_word' id='word_1_151' title='bbox 1297 2047 1662 2115; x_wconf 84' lang='lat' dir='ltr'><strong>habebatur</strong></span> <span class='ocrx_word' id='word_1_152' title='bbox 1679 2095 1700 2129; x_wconf 88' lang='lat'><strong>‚</strong></span> <span class='ocrx_word' id='word_1_153' title='bbox 1756 2049 1944 2131; x_wconf 72' lang='lat' dir='ltr'><strong>cnjus</strong></span> <span class='ocrx_word' id='word_1_154' title='bbox 1986 2051 2254 2117; x_wconf 84' lang='lat' dir='ltr'><strong>auribus</strong></span> <span class='ocrx_word' id='word_1_155' title='bbox 2299 2071 2436 2119; x_wconf 84' lang='lat' dir='ltr'><strong>erat</strong></span> 
     </span>
     <span class='ocr_line' id='line_1_19' title="bbox 283 2153 2432 2245; baseline 0.003 -25"><span class='ocrx_word' id='word_1_156' title='bbox 283 2153 787 2237; x_wconf 70' lang='lat' dir='ltr'><strong>blandiendum,</strong></span> <span class='ocrx_word' id='word_1_157' title='bbox 827 2171 893 2220; x_wconf 74' lang='lat' dir='ltr'><strong>et</strong></span> <span class='ocrx_word' id='word_1_158' title='bbox 922 2167 1318 2245; x_wconf 76' lang='lat' dir='ltr'><strong>magnopere</strong></span> <span class='ocrx_word' id='word_1_159' title='bbox 1343 2156 1530 2220; x_wconf 83' lang='lat' dir='ltr'><strong>illum</strong></span> <span class='ocrx_word' id='word_1_160' title='bbox 1559 2155 1812 2237; x_wconf 81' lang='lat' dir='ltr'><strong>laudat,</strong></span> <span class='ocrx_word' id='word_1_161' title='bbox 1839 2173 1910 2222; x_wconf 87' lang='lat' dir='ltr'><strong>ct</strong></span> <span class='ocrx_word' id='word_1_162' title='bbox 1928 2177 2066 2222; x_wconf 87' lang='lat' dir='ltr'><strong>non</strong></span> <span class='ocrx_word' id='word_1_163' title='bbox 2087 2175 2432 2226; x_wconf 75' lang='lat' dir='ltr'><strong>auctorem</strong></span> 
     </span>
     <span class='ocr_line' id='line_1_20' title="bbox 282 2261 2428 2354; baseline 0.003 -25"><span class='ocrx_word' id='word_1_164' title='bbox 282 2263 483 2330; x_wconf 82' lang='lat' dir='ltr'><strong>fuisse</strong></span> <span class='ocrx_word' id='word_1_165' title='bbox 514 2261 715 2328; x_wconf 81' lang='lat' dir='ltr'><strong>dandi</strong></span> <span class='ocrx_word' id='word_1_166' title='bbox 758 2263 953 2352; x_wconf 87' lang='lat' dir='ltr'><strong>(nam</strong></span> <span class='ocrx_word' id='word_1_167' title='bbox 980 2261 1053 2329; x_wconf 84' lang='lat' dir='ltr'><strong>id</strong></span> <span class='ocrx_word' id='word_1_168' title='bbox 1072 2281 1211 2328; x_wconf 87' lang='lat' dir='ltr'><strong>erat</strong></span> <span class='ocrx_word' id='word_1_169' title='bbox 1234 2263 1436 2329; x_wconf 79' lang='lat' dir='ltr'><strong>levius</strong></span> <span class='ocrx_word' id='word_1_170' title='bbox 1459 2261 1520 2353; x_wconf 86' lang='lat'><strong>),</strong></span> <span class='ocrx_word' id='word_1_171' title='bbox 1555 2262 1672 2329; x_wconf 83' lang='lat' dir='ltr'><strong>sed</strong></span> <span class='ocrx_word' id='word_1_172' title='bbox 1691 2263 1908 2354; x_wconf 84' lang='lat' dir='ltr'><strong>ipsum</strong></span> <span class='ocrx_word' id='word_1_173' title='bbox 1933 2265 2126 2333; x_wconf 87' lang='lat' dir='ltr'><strong>etiam</strong></span> <span class='ocrx_word' id='word_1_174' title='bbox 2169 2265 2428 2335; x_wconf 83' lang='lat' dir='ltr'><strong>dedisse</strong></span> 
     </span>
     <span class='ocr_line' id='line_1_21' title="bbox 282 2371 2431 2461; baseline 0.003 -24"><span class='ocrx_word' id='word_1_175' title='bbox 282 2372 439 2439; x_wconf 89' lang='lat' dir='ltr'><strong>dicit</strong></span> <span class='ocrx_word' id='word_1_176' title='bbox 459 2402 507 2438; x_wconf 71' lang='grc' dir='ltr'><strong>υ.</strong></span> <span class='ocrx_word' id='word_1_177' title='bbox 556 2373 635 2437; x_wconf 89' lang='lat' dir='ltr'><strong>In</strong></span> <span class='ocrx_word' id='word_1_178' title='bbox 681 2394 819 2460; x_wconf 88' lang='lat' dir='ltr'><strong>quo</strong></span> <span class='ocrx_word' id='word_1_179' title='bbox 862 2371 1010 2437; x_wconf 88' lang='lat' dir='ltr'><strong>loco</strong></span> <span class='ocrx_word' id='word_1_180' title='bbox 1056 2373 1343 2461; x_wconf 82' lang='lat' dir='ltr'><strong>primum</strong></span> <span class='ocrx_word' id='word_1_181' title='bbox 1379 2374 1686 2453; x_wconf 79' lang='lat' dir='ltr'><strong>jocularis</strong></span> <span class='ocrx_word' id='word_1_182' title='bbox 1729 2392 1914 2439; x_wconf 84' lang='lat' dir='ltr'><strong>error</strong></span> <span class='ocrx_word' id='word_1_183' title='bbox 1957 2376 2290 2442; x_wconf 80' lang='lat' dir='ltr'><strong>notandus</strong></span> <span class='ocrx_word' id='word_1_184' title='bbox 2333 2394 2431 2443; x_wconf 84' lang='lat' dir='ltr'><strong>est</strong></span> 
     </span>
     <span class='ocr_line' id='line_1_22' title="bbox 283 2476 2430 2570; baseline 0.002 -26"><span class='ocrx_word' id='word_1_185' title='bbox 283 2478 845 2555; x_wconf 77' lang='lat' dir='ltr'><strong>commentatoris,</strong></span> <span class='ocrx_word' id='word_1_186' title='bbox 886 2476 1003 2565; x_wconf 85' lang='lat' dir='ltr'><strong>qui</strong></span> <span class='ocrx_word' id='word_1_187' title='bbox 1048 2476 1207 2541; x_wconf 89' lang='lat' dir='ltr'><strong>dum</strong></span> <span class='ocrx_word' id='word_1_188' title='bbox 1244 2478 1312 2541; x_wconf 90' lang='lat' dir='ltr'><strong>in</strong></span> <span class='ocrx_word' id='word_1_189' title='bbox 1352 2479 1665 2543; x_wconf 86' lang='lat' dir='ltr'><strong>Cicerone</strong></span> <span class='ocrx_word' id='word_1_190' title='bbox 1701 2482 2200 2570; x_wconf 82' lang='lat' dir='ltr'><strong>repugnantiam</strong></span> <span class='ocrx_word' id='word_1_191' title='bbox 2237 2505 2430 2549; x_wconf 82' lang='lat' dir='ltr'><strong>excu-</strong></span> 
     </span>
     <span class='ocr_line' id='line_1_23' title="bbox 282 2582 2430 2679; baseline 0.003 -30"><span class='ocrx_word' id='word_1_192' title='bbox 282 2600 381 2649; x_wconf 86' lang='lat' dir='ltr'><strong>sat</strong></span> <span class='ocrx_word' id='word_1_193' title='bbox 400 2632 420 2667; x_wconf 88' lang='lat'><strong>,</strong></span> <span class='ocrx_word' id='word_1_194' title='bbox 468 2598 675 2647; x_wconf 87' lang='lat' dir='ltr'><strong>semet</strong></span> <span class='ocrx_word' id='word_1_195' title='bbox 722 2583 861 2670; x_wconf 76' lang='lat' dir='ltr'><strong>ipse</strong></span> <span class='ocrx_word' id='word_1_196' title='bbox 910 2582 1254 2647; x_wconf 84' lang='lat' dir='ltr'><strong>manifesto</strong></span> <span class='ocrx_word' id='word_1_197' title='bbox 1299 2582 1611 2672; x_wconf 61' lang='lat' dir='ltr'><strong>impedit4</strong></span> <span class='ocrx_word' id='word_1_198' title='bbox 1650 2598 1716 2649; x_wconf 86' lang='lat' dir='ltr'><strong>et</strong></span> <span class='ocrx_word' id='word_1_199' title='bbox 1754 2602 1856 2651; x_wconf 66' lang='lat' dir='ltr'><strong>res</strong></span> <span class='ocrx_word' id='word_1_200' title='bbox 1901 2586 2072 2652; x_wconf 85' lang='lat' dir='ltr'><strong>inter</strong></span> <span class='ocrx_word' id='word_1_201' title='bbox 2118 2611 2190 2653; x_wconf 89' lang='lat' dir='ltr'><strong>se</strong></span> <span class='ocrx_word' id='word_1_202' title='bbox 2238 2613 2430 2679; x_wconf 81' lang='lat' dir='ltr'><strong>repu-</strong></span> 
     </span>
     <span class='ocr_line' id='line_1_24' title="bbox 280 2686 2426 2780; baseline 0.004 -27"><span class='ocrx_word' id='word_1_203' title='bbox 280 2704 551 2780; x_wconf 72' lang='lat' dir='ltr'><strong>gnantes</strong></span> <span class='ocrx_word' id='word_1_204' title='bbox 574 2688 841 2776; x_wconf 72' lang='lat' dir='ltr'><strong>profert.</strong></span> <span class='ocrx_word' id='word_1_205' title='bbox 872 2686 1037 2751; x_wconf 86' lang='lat' dir='ltr'><strong>Nam</strong></span> <span class='ocrx_word' id='word_1_206' title='bbox 1062 2687 1243 2776; x_wconf 87' lang='lat' dir='ltr'><strong>prior</strong></span> <span class='ocrx_word' id='word_1_207' title='bbox 1263 2708 1414 2776; x_wconf 84' lang='lat' dir='ltr'><strong>pars</strong></span> <span class='ocrx_word' id='word_1_208' title='bbox 1435 2687 2005 2757; x_wconf 79' lang='lat' dir='ltr'><strong>animadversionis</strong></span> <span class='ocrx_word' id='word_1_209' title='bbox 2041 2693 2426 2761; x_wconf 75' lang='lat' dir='ltr'><strong>Ciceronem</strong></span> 
     </span>
     <span class='ocr_line' id='line_1_25' title="bbox 280 2792 2428 2887; baseline 0.004 -27"><span class='ocrx_word' id='word_1_210' title='bbox 280 2795 475 2860; x_wconf 83' lang='lat' dir='ltr'><strong>tradit</strong></span> <span class='ocrx_word' id='word_1_211' title='bbox 514 2794 585 2860; x_wconf 88' lang='lat' dir='ltr'><strong>in</strong></span> <span class='ocrx_word' id='word_1_212' title='bbox 620 2792 846 2859; x_wconf 61' lang='lat' dir='ltr'><strong>eadem</strong></span> <span class='ocrx_word' id='word_1_213' title='bbox 880 2794 1173 2861; x_wconf 83' lang='lat' dir='ltr'><strong>oratione</strong></span> <span class='ocrx_word' id='word_1_214' title='bbox 1213 2794 1431 2861; x_wconf 86' lang='lat' dir='ltr'><strong>dicere</strong></span> <span class='ocrx_word' id='word_1_215' title='bbox 1449 2838 1468 2877; x_wconf 84' lang='lat'><strong>,</strong></span> <span class='ocrx_word' id='word_1_216' title='bbox 1509 2795 1880 2885; x_wconf 84' lang='lat' dir='ltr'><strong>Scipionem</strong></span> <span class='ocrx_word' id='word_1_217' title='bbox 1911 2799 2172 2887; x_wconf 76' lang='lat' dir='ltr'><strong>«ipsum</strong></span> <span class='ocrx_word' id='word_1_218' title='bbox 2201 2820 2428 2869; x_wconf 85' lang='lat' dir='ltr'><strong>aucto-</strong></span> 
     </span>
     <span class='ocr_line' id='line_1_26' title="bbox 276 2899 2424 2994; baseline 0.004 -28"><span class='ocrx_word' id='word_1_219' title='bbox 276 2917 419 2967; x_wconf 82' lang='lat' dir='ltr'><strong>rem</strong></span> <span class='ocrx_word' id='word_1_220' title='bbox 438 2900 649 2965; x_wconf 84' lang='lat' dir='ltr'><strong>fuisse·</strong></span> <span class='ocrx_word' id='word_1_221' title='bbox 662 2899 861 2965; x_wconf 82' lang='lat' dir='ltr'><strong>dandi</strong></span> <span class='ocrx_word' id='word_1_222' title='bbox 882 2930 910 2958; x_wconf 72' lang='grc' dir='ltr'><strong>ι</strong></span> <span class='ocrx_word' id='word_1_223' title='bbox 938 2920 1092 2966; x_wconf 82' lang='lat' dir='ltr'><strong>eum</strong></span> <span class='ocrx_word' id='word_1_224' title='bbox 1112 2902 1333 2967; x_wconf 87' lang='lat' dir='ltr'><strong>locum</strong></span> <span class='ocrx_word' id='word_1_225' title='bbox 1357 2901 1768 2967; x_wconf 85' lang='lat' dir='ltr'><strong>senatoribus</strong></span> <span class='ocrx_word' id='word_1_226' title='bbox 1789 2926 1808 2988; x_wconf 81' lang='lat'>3</span> <span class='ocrx_word' id='word_1_227' title='bbox 1841 2906 2198 2994; x_wconf 79' lang='lat' dir='ltr'><strong>posterior,</strong></span> <span class='ocrx_word' id='word_1_228' title='bbox 2230 2938 2258 2965; x_wconf 79' lang='grc' dir='ltr'><strong>σι</strong></span> <span class='ocrx_word' id='word_1_229' title='bbox 2280 2930 2424 2975; x_wconf 87' lang='lat' dir='ltr'><strong>non</strong></span> 
     </span>
     <span class='ocr_line' id='line_1_27' title="bbox 275 3005 2424 3098; baseline 0.003 -25"><span class='ocrx_word' id='word_1_230' title='bbox 275 3023 613 3074; x_wconf 79' lang='lat' dir='ltr'><strong>auctorem</strong></span> <span class='ocrx_word' id='word_1_231' title='bbox 648 3005 846 3073; x_wconf 84' lang='lat' dir='ltr'><strong>fuisse</strong></span> <span class='ocrx_word' id='word_1_232' title='bbox 878 3006 1151 3091; x_wconf 75' lang='lat' dir='ltr'><strong>dandi»,</strong></span> <span class='ocrx_word' id='word_1_233' title='bbox 1186 3006 1305 3073; x_wconf 81' lang='lat' dir='ltr'><strong>sed</strong></span> <span class='ocrx_word' id='word_1_234' title='bbox 1333 3038 1358 3063; x_wconf 83' lang='lat'>«</span> <span class='ocrx_word' id='word_1_235' title='bbox 1377 3008 1592 3098; x_wconf 86' lang='lat' dir='ltr'><strong>ipsum</strong></span> <span class='ocrx_word' id='word_1_236' title='bbox 1625 3009 1818 3075; x_wconf 85' lang='lat' dir='ltr'><strong>etiam</strong></span> <span class='ocrx_word' id='word_1_237' title='bbox 1845 3010 2100 3077; x_wconf 82' lang='lat' dir='ltr'><strong>dedisse</strong></span> <span class='ocrx_word' id='word_1_238' title='bbox 2123 3044 2168 3078; x_wconf 68' lang='grc' dir='ltr'><strong>ι.</strong></span> <span class='ocrx_word' id='word_1_239' title='bbox 2196 3014 2424 3097; x_wconf 83' lang='lat' dir='ltr'><strong>Quare</strong></span> 
     </span>
     <span class='ocr_line' id='line_1_28' title="bbox 275 3112 2420 3210; baseline 0.002 -30"><span class='ocrx_word' id='word_1_240' title='bbox 275 3115 416 3180; x_wconf 77' lang='lat' dir='ltr'><strong>hoec</strong></span> <span class='ocrx_word' id='word_1_241' title='bbox 460 3115 654 3179; x_wconf 86' lang='lat' dir='ltr'><strong>nimis</strong></span> <span class='ocrx_word' id='word_1_242' title='bbox 706 3114 1087 3181; x_wconf 79' lang='lat' dir='ltr'><strong>festinanter</strong></span> <span class='ocrx_word' id='word_1_243' title='bbox 1140 3114 1380 3203; x_wconf 79' lang='lat' dir='ltr'><strong>scripta</strong></span> <span class='ocrx_word' id='word_1_244' title='bbox 1421 3112 1728 3179; x_wconf 86' lang='lat' dir='ltr'><strong>videntur</strong></span> <span class='ocrx_word' id='word_1_245' title='bbox 1769 3117 1851 3180; x_wconf 83' lang='lat' dir='ltr'><strong>ab</strong></span> <span class='ocrx_word' id='word_1_246' title='bbox 1892 3118 2178 3185; x_wconf 84' lang='lat' dir='ltr'><strong>Asconio</strong></span> <span class='ocrx_word' id='word_1_247' title='bbox 2223 3143 2242 3185; x_wconf 73' lang='grc' dir='ltr'>ε</span> <span class='ocrx_word' id='word_1_248' title='bbox 2293 3120 2420 3210; x_wconf 34' lang='lat' dir='ltr'><strong>‚qui</strong></span> 
     </span>
     <span class='ocr_line' id='line_1_29' title="bbox 276 3219 2416 3314; baseline 0.002 -27"><span class='ocrx_word' id='word_1_249' title='bbox 276 3238 353 3287; x_wconf 86' lang='lat' dir='ltr'><strong>ut</strong></span> <span class='ocrx_word' id='word_1_250' title='bbox 376 3221 499 3286; x_wconf 88' lang='lat' dir='ltr'><strong>sibi</strong></span> <span class='ocrx_word' id='word_1_251' title='bbox 514 3221 756 3287; x_wconf 77' lang='lat' dir='ltr'><strong>melius</strong></span> <span class='ocrx_word' id='word_1_252' title='bbox 779 3236 1139 3305; x_wconf 83' lang='lat' dir='ltr'><strong>constaret,</strong></span> <span class='ocrx_word' id='word_1_253' title='bbox 1166 3220 1448 3285; x_wconf 86' lang='lat' dir='ltr'><strong>scribere</strong></span> <span class='ocrx_word' id='word_1_254' title='bbox 1476 3219 1838 3305; x_wconf 87' lang='lat' dir='ltr'><strong>debuisset,</strong></span> <span class='ocrx_word' id='word_1_255' title='bbox 1861 3220 1932 3288; x_wconf 85' lang='lat' dir='ltr'><strong>in</strong></span> <span class='ocrx_word' id='word_1_256' title='bbox 1953 3225 2173 3313; x_wconf 87' lang='lat' dir='ltr'><strong>priore</strong></span> <span class='ocrx_word' id='word_1_257' title='bbox 2195 3243 2416 3314; x_wconf 82' lang='lat' dir='ltr'><strong>parte,</strong></span> 
     </span>
     <span class='ocr_line' id='line_1_30' title="bbox 273 3323 2418 3419; baseline 0.003 -28"><span class='ocrx_word' id='word_1_258' title='bbox 273 3350 436 3410; x_wconf 88' lang='lat' dir='ltr'><strong>non,</strong></span> <span class='ocrx_word' id='word_1_259' title='bbox 465 3328 729 3417; x_wconf 79' lang='lat' dir='ltr'><strong>«ipsum</strong></span> <span class='ocrx_word' id='word_1_260' title='bbox 750 3327 947 3393; x_wconf 84' lang='lat' dir='ltr'><strong>fuisse</strong></span> <span class='ocrx_word' id='word_1_261' title='bbox 972 3342 1306 3392; x_wconf 75' lang='lat' dir='ltr'><strong>auctorem</strong></span> <span class='ocrx_word' id='word_1_262' title='bbox 1342 3323 1537 3391; x_wconf 86' lang='lat' dir='ltr'><strong>dandi</strong></span> <span class='ocrx_word' id='word_1_263' title='bbox 1559 3357 1622 3410; x_wconf 71' lang='lat' dir='ltr'><strong>a»,</strong></span> <span class='ocrx_word' id='word_1_264' title='bbox 1639 3326 1756 3393; x_wconf 88' lang='lat' dir='ltr'><strong>sed</strong></span> <span class='ocrx_word' id='word_1_265' title='bbox 1776 3328 2032 3419; x_wconf 77' lang='lat' dir='ltr'><strong>«ipsum</strong></span> <span class='ocrx_word' id='word_1_266' title='bbox 2075 3330 2336 3397; x_wconf 77' lang='lat' dir='ltr'><strong>dedisse</strong></span> <span class='ocrx_word' id='word_1_267' title='bbox 2352 3363 2379 3392; x_wconf 67' lang='lat' dir='ltr'>n</span> <span class='ocrx_word' id='word_1_268' title='bbox 2395 3378 2418 3415; x_wconf 85' lang='lat'>‚</span> 
     </span>
     <span class='ocr_line' id='line_1_31' title="bbox 272 3432 2416 3525; baseline 0.003 -28"><span class='ocrx_word' id='word_1_269' title='bbox 272 3435 341 3499; x_wconf 88' lang='lat' dir='ltr'><strong>in</strong></span> <span class='ocrx_word' id='word_1_270' title='bbox 366 3435 725 3522; x_wconf 81' lang='lat' dir='ltr'><strong>posteriore</strong></span> <span class='ocrx_word' id='word_1_271' title='bbox 742 3449 983 3517; x_wconf 86' lang='lat' dir='ltr'><strong>autem,</strong></span> <span class='ocrx_word' id='word_1_272' title='bbox 1004 3464 1031 3491; x_wconf 70' lang='grc' dir='ltr'>ι</span> <span class='ocrx_word' id='word_1_273' title='bbox 1051 3454 1187 3497; x_wconf 87' lang='lat' dir='ltr'><strong>non</strong></span> <span class='ocrx_word' id='word_1_274' title='bbox 1212 3453 1476 3521; x_wconf 80' lang='lat' dir='ltr'><strong>passum</strong></span> <span class='ocrx_word' id='word_1_275' title='bbox 1501 3432 1756 3499; x_wconf 72' lang='lat' dir='ltr'><strong>fiiisse».</strong></span> <span class='ocrx_word' id='word_1_276' title='bbox 1778 3434 2056 3520; x_wconf 80' lang='lat' dir='ltr'><strong>Deinde,</strong></span> <span class='ocrx_word' id='word_1_277' title='bbox 2068 3438 2416 3525; x_wconf 85' lang='lat' dir='ltr'><strong>quomodo</strong></span> 
     </span>
     <span class='ocr_line' id='line_1_32' title="bbox 272 3536 2416 3632; baseline 0.001 -27"><span class='ocrx_word' id='word_1_278' title='bbox 272 3541 393 3605; x_wconf 86' lang='lat' dir='ltr'><strong>ista</strong></span> <span class='ocrx_word' id='word_1_279' title='bbox 406 3540 545 3605; x_wconf 85' lang='lat' dir='ltr'><strong>talis</strong></span> <span class='ocrx_word' id='word_1_280' title='bbox 567 3540 993 3630; x_wconf 80' lang='lat' dir='ltr'><strong>repugnantia</strong></span> <span class='ocrx_word' id='word_1_281' title='bbox 1016 3537 1099 3603; x_wconf 85' lang='lat' dir='ltr'><strong>ad</strong></span> <span class='ocrx_word' id='word_1_282' title='bbox 1122 3536 1574 3605; x_wconf 77' lang='lat' dir='ltr'><strong>«calliditatem</strong></span> <span class='ocrx_word' id='word_1_283' title='bbox 1604 3540 1952 3605; x_wconf 85' lang='lat' dir='ltr'><strong>oratoriam</strong></span> <span class='ocrx_word' id='word_1_284' title='bbox 1967 3573 1994 3597; x_wconf 79' lang='grc' dir='ltr'><strong>ι·</strong></span> <span class='ocrx_word' id='word_1_285' title='bbox 2019 3543 2246 3607; x_wconf 86' lang='lat' dir='ltr'><strong>referri</strong></span> <span class='ocrx_word' id='word_1_286' title='bbox 2265 3566 2416 3632; x_wconf 87' lang='lat' dir='ltr'><strong>pos-</strong></span> 
     </span>
     <span class='ocr_line' id='line_1_33' title="bbox 273 3644 2414 3738; baseline 0.001 -26"><span class='ocrx_word' id='word_1_287' title='bbox 273 3649 355 3712; x_wconf 85' lang='lat' dir='ltr'><strong>sit</strong></span> <span class='ocrx_word' id='word_1_288' title='bbox 372 3694 391 3727; x_wconf 90' lang='lat'>,</span> <span class='ocrx_word' id='word_1_289' title='bbox 421 3646 725 3737; x_wconf 60' lang='lat' dir='ltr'><strong>equidem</strong></span> <span class='ocrx_word' id='word_1_290' title='bbox 748 3668 883 3711; x_wconf 88' lang='lat' dir='ltr'><strong>non</strong></span> <span class='ocrx_word' id='word_1_291' title='bbox 909 3645 1115 3733; x_wconf 82' lang='lat' dir='ltr'><strong>capio.</strong></span> <span class='ocrx_word' id='word_1_292' title='bbox 1138 3644 1311 3711; x_wconf 86' lang='lat' dir='ltr'><strong>Nam</strong></span> <span class='ocrx_word' id='word_1_293' title='bbox 1335 3644 1387 3709; x_wconf 88' lang='lat' dir='ltr'><strong>si</strong></span> <span class='ocrx_word' id='word_1_294' title='bbox 1411 3645 1520 3711; x_wconf 84' lang='lat' dir='ltr'><strong>cui</strong></span> <span class='ocrx_word' id='word_1_295' title='bbox 1547 3669 1626 3711; x_wconf 83' lang='lat' dir='ltr'><strong>ex</strong></span> <span class='ocrx_word' id='word_1_296' title='bbox 1649 3664 1784 3712; x_wconf 85' lang='lat' dir='ltr'><strong>arte</strong></span> <span class='ocrx_word' id='word_1_297' title='bbox 1805 3648 2027 3715; x_wconf 85' lang='lat' dir='ltr'><strong>licebit</strong></span> <span class='ocrx_word' id='word_1_298' title='bbox 2042 3696 2061 3733; x_wconf 89' lang='lat'>,</span> <span class='ocrx_word' id='word_1_299' title='bbox 2089 3650 2376 3738; x_wconf 85' lang='lat' dir='ltr'><strong>aliquem</strong></span> <span class='ocrx_word' id='word_1_300' title='bbox 2393 3696 2414 3731; x_wconf 90' lang='lat'>,</span> 
     </span>
     <span class='ocr_line' id='line_1_34' title="bbox 274 3749 2411 3845; baseline 0.001 -29"><span class='ocrx_word' id='word_1_301' title='bbox 274 3750 837 3841; x_wconf 81' lang='lat' dir='ltr'><strong>quemadmodum</strong></span> <span class='ocrx_word' id='word_1_302' title='bbox 858 3751 954 3815; x_wconf 88' lang='lat' dir='ltr'><strong>ibi</strong></span> <span class='ocrx_word' id='word_1_303' title='bbox 976 3749 1350 3839; x_wconf 85' lang='lat' dir='ltr'><strong>Scipionem</strong></span> <span class='ocrx_word' id='word_1_304' title='bbox 1371 3800 1394 3835; x_wconf 86' lang='lat'>,</span> <span class='ocrx_word' id='word_1_305' title='bbox 1423 3774 1558 3815; x_wconf 88' lang='lat' dir='ltr'><strong>uno</strong></span> <span class='ocrx_word' id='word_1_306' title='bbox 1583 3753 1728 3817; x_wconf 89' lang='lat' dir='ltr'><strong>loco</strong></span> <span class='ocrx_word' id='word_1_307' title='bbox 1751 3752 1966 3819; x_wconf 88' lang='lat' dir='ltr'><strong>dicere</strong></span> <span class='ocrx_word' id='word_1_308' title='bbox 1985 3800 2011 3836; x_wconf 83' lang='lat'>‚</span> <span class='ocrx_word' id='word_1_309' title='bbox 2029 3784 2057 3811; x_wconf 75' lang='grc' dir='ltr'>ι</span> <span class='ocrx_word' id='word_1_310' title='bbox 2083 3756 2302 3845; x_wconf 85' lang='lat' dir='ltr'><strong>ipsum</strong></span> <span class='ocrx_word' id='word_1_311' title='bbox 2325 3756 2411 3821; x_wconf 81' lang='lat' dir='ltr'><strong>fe-</strong></span> 
     </span>
     <span class='ocr_line' id='line_1_35' title="bbox 270 3856 2410 3950; baseline 0.001 -27"><span class='ocrx_word' id='word_1_312' title='bbox 270 3860 434 3923; x_wconf 84' lang='lat' dir='ltr'><strong>cisse</strong></span> <span class='ocrx_word' id='word_1_313' title='bbox 464 3856 749 3946; x_wconf 73' lang='lat' dir='ltr'><strong>aliquid»</strong></span> <span class='ocrx_word' id='word_1_314' title='bbox 768 3906 787 3941; x_wconf 87' lang='lat'><strong>,</strong></span> <span class='ocrx_word' id='word_1_315' title='bbox 818 3857 944 3921; x_wconf 82' lang='lat' dir='ltr'><strong>alio</strong></span> <span class='ocrx_word' id='word_1_316' title='bbox 977 3856 1128 3922; x_wconf 92' lang='lat' dir='ltr'><strong>loco</strong></span> <span class='ocrx_word' id='word_1_317' title='bbox 1154 3880 1453 3947; x_wconf 75' lang='lat' dir='ltr'><strong>«passum</strong></span> <span class='ocrx_word' id='word_1_318' title='bbox 1493 3882 1630 3924; x_wconf 87' lang='lat' dir='ltr'><strong>esse</strong></span> <span class='ocrx_word' id='word_1_319' title='bbox 1664 3860 1908 3949; x_wconf 84' lang='lat' dir='ltr'><strong>aliquid</strong></span> <span class='ocrx_word' id='word_1_320' title='bbox 1941 3859 2081 3926; x_wconf 82' lang='lat' dir='ltr'><strong>ficri</strong></span> <span class='ocrx_word' id='word_1_321' title='bbox 2106 3892 2173 3944; x_wconf 66' lang='grc' dir='ltr'><strong>κ,</strong></span> <span class='ocrx_word' id='word_1_322' title='bbox 2211 3876 2410 3950; x_wconf 85' lang='lat' dir='ltr'><strong>atque</strong></span> 
     </span>
     <span class='ocr_line' id='line_1_36' title="bbox 273 3960 2405 4055; baseline 0.002 -29"><span class='ocrx_word' id='word_1_323' title='bbox 273 3962 579 4028; x_wconf 66' lang='lat' dir='ltr'><strong>aminime</strong></span> <span class='ocrx_word' id='word_1_324' title='bbox 596 3984 783 4053; x_wconf 76' lang='lat' dir='ltr'><strong>aequo</strong></span> <span class='ocrx_word' id='word_1_325' title='bbox 802 3960 1022 4028; x_wconf 87' lang='lat' dir='ltr'><strong>animo</strong></span> <span class='ocrx_word' id='word_1_326' title='bbox 1046 3984 1307 4053; x_wconf 85' lang='lat' dir='ltr'><strong>passum</strong></span> <span class='ocrx_word' id='word_1_327' title='bbox 1333 3987 1470 4034; x_wconf 79' lang='lat' dir='ltr'><strong>esse</strong></span> <span class='ocrx_word' id='word_1_328' title='bbox 1483 3996 1530 4049; x_wconf 70' lang='grc' dir='ltr'><strong>υ,</strong></span> <span class='ocrx_word' id='word_1_329' title='bbox 1553 3988 1688 4029; x_wconf 89' lang='lat' dir='ltr'><strong>non</strong></span> <span class='ocrx_word' id='word_1_330' title='bbox 1714 3965 1930 4050; x_wconf 84' lang='lat' dir='ltr'><strong>video,</strong></span> <span class='ocrx_word' id='word_1_331' title='bbox 1957 3964 2120 4055; x_wconf 82' lang='lat' dir='ltr'><strong>quid</strong></span> <span class='ocrx_word' id='word_1_332' title='bbox 2143 3964 2405 4033; x_wconf 81' lang='lat' dir='ltr'><strong>differat</strong></span> 
     </span>
    </p>
   </div>
  </div>
 </body>
</html>
