2594 4537
318 253 463 325 638
920 249 1201 318 GASP.
1255 248 1856 320 GARATONII

322 394 398 441 ut
436 373 721 439 revocari
760 394 897 435 non
930 372 1157 459 possit.
1186 370 1528 437 Eckhelius
1553 389 1768 436 autem
1782 420 1802 454 ,
1841 388 2004 436 tom.
2017 372 2116 437 Vl
2143 370 2484 465 doctrine

322 500 749 547 nummorum
792 490 1081 540 veterum
1100 526 1121 559 ,
1196 500 1340 568 pag.
1397 476 1480 565 95
1499 526 1518 561 ,
1577 476 1934 567 intelligens
1999 480 2326 567 profecto
2387 480 2486 543 vir

322 606 521 675 atque
550 585 853 673 diligens,
898 606 1019 646 cur
1044 584 1430 647 sententiam
1461 582 1629 648 ferre
1653 584 1936 672 apertius
1958 582 2304 669 noluerit,
2345 608 2480 649 non

326 692 615 781 dispicio.
651 692 1133 778 Argumentum
1167 690 1358 778 etiam
1395 689 1474 754 de
1501 690 1816 771 nummis,
1843 710 1980 776 quo
2009 689 2352 779 deeeptus
2387 707 2482 755 est

326 798 701 865 Chishullus
717 843 734 876 ,
765 818 908 885 pag.
934 794 1058 859 203
1077 843 1096 878 ,
1124 795 1350 883 etipse
1375 796 1444 858 in
1471 794 1819 860 refellendo
1846 795 2114 861 Masson
2132 844 2154 877 ‚
2181 818 2324 862 cur
2343 820 2480 871 non

322 902 575 992 attigit?
620 924 769 965 nam
789 949 808 983 ,
858 900 1039 988 quod
1091 902 1378 964 muneris
1427 916 1564 966 erat
1616 902 1754 983 sui,
1812 898 1996 965 facile
2041 900 2478 967 dissolvisset.

324 1008 545 1073 Martis
592 1006 821 1071 ultoris
860 1006 1177 1095 templum
1217 1006 1472 1071 nummi
1505 1005 1864 1071 rotundum
1887 1006 2242 1089 exhibent,
2279 1024 2482 1094 atque

320 1128 807 1201 monopterum.
844 1110 1045 1192 Quod
1082 1134 1193 1175 sex
1217 1112 1542 1177 columnae
1579 1112 1650 1177 in
1683 1112 1818 1177 aliis
1849 1112 2396 1201 conspiciuntur,
2415 1112 2482 1175 in

322 1220 458 1283 aliis
490 1232 803 1305 quatuor,
840 1214 975 1279 duo
1004 1215 1201 1281 fuisse
1228 1215 1468 1305 templa
1499 1216 1824 1283 creditum
1859 1232 1975 1281 est.
2011 1216 2360 1282 Massonis
2393 1218 2482 1280 ri·

326 1324 539 1389 dicula
586 1322 879 1387 defensio
922 1338 1053 1404 est,
1106 1323 1300 1387 facies
1353 1340 1420 1387 et
1463 1324 1658 1389 latera
1725 1324 1797 1387 in
1855 1345 1932 1387 ea
1993 1322 2214 1411 figura
2264 1324 2484 1387 inesse

322 1447 522 1519 atque
570 1429 854 1495 differre.
908 1429 1071 1511 Quis
1120 1452 1257 1493 non
1305 1430 1484 1495 videt
1505 1478 1524 1512 ,
1571 1429 1789 1495 medio
1825 1428 2134 1517 ampliato
2185 1430 2482 1495 intereo·

325 1535 611 1615 lumnio,
645 1534 925 1622 spatium
956 1532 1185 1598 artifici
1228 1532 1508 1599 defuisse
1531 1535 1560 1598 i>
1583 1536 1730 1623 quis
1763 1557 1843 1598 ex
1875 1534 1998 1598 illis
2038 1556 2479 1599 nummorum

324 1643 636 1732 angustiis
668 1664 819 1705 vera
852 1640 1115 1705 aedificia
1150 1642 1500 1707 metiatur?
1527 1643 1878 1732 specimina
1909 1658 2102 1722 sunt,
2133 1642 2225 1707 ad
2259 1665 2480 1707 amus·

328 1752 450 1814 sim
470 1748 651 1811 nihil.
684 1750 845 1812 Duoe
873 1747 1073 1835 igitur
1100 1746 1400 1813 detractae
1421 1750 1694 1813 omnino
1723 1748 2046 1813 columnae
2077 1764 2248 1813 sunt
2274 1772 2293 1812 :
2321 1772 2476 1837 qua·

324 1876 475 1919 rum
506 1854 563 1917 si
592 1869 767 1917 recta
798 1852 1121 1916 institutio
1153 1854 1279 1917 fuit
1299 1902 1318 1937 ,
1351 1876 1461 1919 sex
1492 1874 1798 1943 apparere
1825 1854 2124 1941 oportuit
2159 1854 2236 1917 in
2265 1854 2475 1918 hemi·

326 1962 511 2049 cyclo
532 2008 549 2041 ,
570 1958 979 2046 totidemque
1002 1959 1071 2021 in
1104 1980 1330 2023 averso
1353 1961 1584 2043 fuisse,
1613 1976 1692 2023 ut
1717 1958 2066 2025 duodecim
2093 1960 2166 2023 in
2191 1960 2476 2025 circuitu

326 2081 849 2130 numerarentur.
900 2064 1223 2153 suspicari
1274 2066 1470 2130 etiam
1505 2066 1656 2131 lieet
1673 2113 1691 2148 ,
1747 2065 1904 2131 cella
1947 2066 2318 2155 templum,
2367 2068 2476 2130 etsi

328 2196 464 2237 non
514 2187 813 2260 apparet,
852 2171 1121 2235 minime
1162 2172 1464 2236 caruisse.
1511 2171 1693 2254 Quid
1736 2170 1974 2260 plura?
2009 2194 2234 2237 unum
2282 2172 2476 2235 fuisse

326 2281 477 2344 satis
500 2278 745 2343 indicat
774 2280 1105 2368 Augustus
1127 2279 1267 2366 ipse
1288 2281 1358 2342 in
1385 2280 1542 2344 actis
1571 2280 1698 2344 iuis
1713 2278 1868 2361 suis,
1889 2302 1951 2367 p.
1987 2277 2136 2372 175,
2167 2279 2321 2366 176.
2349 2281 2476 2343 lam

326 2385 525 2472 igitur
550 2385 605 2448 si
632 2384 811 2448 hunc
833 2384 1201 2447 Marianum
1227 2383 1295 2447 in
1327 2405 1558 2472 campo
1585 2384 1846 2448 titulum
1881 2385 1964 2447 ab
1986 2386 2304 2472 Augusto
2343 2407 2476 2474 pro·

328 2490 575 2554 fectum
606 2487 929 2572 dicamus,
955 2501 1306 2577 antequam
1343 2491 1560 2554 forum
1595 2487 1974 2566 aedificaret,
2003 2489 2336 2580 novisque
2363 2507 2474 2556 sta·

332 2595 459 2659 tuis
486 2610 860 2677 exornaret,
888 2596 1103 2660 inanis
1137 2598 1510 2678 conjectura
1539 2619 1674 2661 non
1707 2597 1850 2661 erit.

421 2701 485 2766 6.
530 2699 645 2764 Illa
677 2721 834 2764 vero
868 2722 1023 2764 sane
1057 2700 1291 2786 levior,
1323 2727 1466 2791 quae
1499 2725 1538 2767 a
1575 2703 1886 2768 mausolei
1921 2701 2259 2767 vicinitate
2295 2701 2472 2766 duci·

334 2821 477 2868 tur:
515 2825 723 2892 quum
753 2803 1069 2870 indicium
1101 2809 1458 2896 habeamus
1490 2809 1620 2874 loci
1653 2809 1915 2898 porticu
1936 2855 1956 2890 ,
1995 2809 2370 2896 statuisque
2399 2807 2474 2871 ad

332 2912 501 2974 viam
533 2909 911 2976 Flaminiam
940 2914 1152 2978 ornati
1170 2963 1188 2995 ,
1220 2914 1410 3001 isque
1445 2915 1630 2980 locus
1665 2916 1736 2980 in
1775 2913 2090 2978 mausolei
2120 2931 2476 3002 conspectu

334 3017 562 3097 fuerit,
598 3039 751 3082 enm
772 3016 978 3081 videri
1004 3019 1087 3081 ab
1119 3021 1420 3108 Augusto
1449 3020 1772 3086 delectum
1809 3022 2126 3086 mausolei
2157 3021 2266 3084 sui
2297 3043 2474 3085 musa

334 3121 531 3185 fuisse
550 3169 569 3202 ,
597 3143 733 3209 quo
750 3167 769 3202 ,
788 3145 867 3185 ex
884 3124 1199 3211 Capitolio
1220 3148 1383 3213 quas
1419 3127 1712 3209 tolleret,
1747 3143 1994 3192 statuas
2014 3141 2470 3216 comportaret.

335 3229 519 3314 Opus
544 3225 705 3300 illud
724 3228 1001 3315 insigne,
1018 3229 1197 3316 quod
1215 3230 1555 3314 Strabo,V,
1577 3234 1640 3315 8,
1659 3249 1998 3321 tantopere
2019 3233 2472 3312 admirabatur,

336 3337 671 3420 Augustus
712 3363 737 3388 ιι
756 3334 927 3397 inter
963 3335 1346 3402 Flaminiam
1395 3341 1564 3404 viam
1615 3341 1958 3429 ripamque
2008 3341 2350 3422 Tiberis»,
2408 3357 2473 3402 ut

336 3435 533 3500 tradit
555 3437 910 3502 Suetonius
932 3462 987 3502 c.
1029 3463 1151 3505 100
1166 3489 1185 3524 ,
1208 3473 1235 3498 σι
1260 3459 1444 3508 sexto
1477 3467 1600 3509 suo
1637 3445 1986 3513 consulatu
2013 3461 2416 3510 exstruxerat
2431 3475 2469 3504 ι.

336 3546 561 3604 Annus
604 3543 731 3605 fuit
760 3543 828 3606 in
860 3543 1065 3608 Fastis
1108 3546 1259 3633 725.
1301 3549 1397 3612 Ita
1427 3550 1600 3614 intra
1641 3573 1882 3638 paucos
1924 3573 2140 3615 annos
2185 3550 2468 3639 Capitolii

338 3649 605 3711 refectio
629 3648 935 3712 conclusa
956 3651 1483 3740 inscriptionem,
1511 3679 1640 3744 qua
1665 3657 1747 3722 de
1769 3659 2058 3746 agimus,
2089 3673 2244 3720 ante
2274 3657 2468 3720 forum

338 3749 676 3816 conditum
712 3754 988 3839 positam
1024 3756 1093 3818 in
1132 3780 1364 3846 campo
1402 3759 1642 3826 Martio
1680 3761 1944 3827 doceret
1987 3763 2305 3851 apertius.
2359 3763 2470 3824 De·

338 3852 535 3960 nique
578 3858 645 3918 in
697 3856 835 3920 aede
882 3860 1169 3926 Honoris
1206 3881 1271 3927 et
1305 3865 1580 3930 Virtutis
1613 3867 1801 3930 aliam
1847 3869 1928 3930 ab
1975 3869 2124 3956 ipso
2167 3869 2244 3931 C.
2285 3867 2468 3930 Mario

338 3959 821 4041 inscriptionem
850 3965 1225 4032 collocatam
1256 3975 1570 4058 oportuit,
1595 3975 1960 4039 breviorem
2001 3974 2202 4056 illam,
2235 3976 2467 4061 opinor,
