2594 4537
566 264 953 333 oRArlo
1001 264 1207 332 PRO
1254 266 1570 335 Domo
1621 265 1840 334 sUA.
1929 244 1942 259 “
2129 268 2268 365 427

50 392 255 473 An,
302 408 549 482 quum
586 398 673 456 tu
722 386 879 481 ejus
920 386 1093 457 civis
1136 383 1498 473 discessu,
1539 388 1756 483 cujus
1795 390 2016 459 unius
2055 414 2278 488 opera

54 511 411 569 senatus
452 510 675 593 atque
714 520 971 567 omnes
1014 495 1192 568 boni
1228 499 1594 568 civitatem
1639 522 1796 569 esse
1833 497 2278 573 incolumem

62 611 333 679 toties
362 606 803 701 judicassent
821 662 839 695 ‚
859 632 1280 705 oppressam
1305 611 1679 681 teterrimo
1705 609 2090 681 latrocinio
2109 636 2280 683 cum

64 718 415 793 duobus
471 718 1033 790 sceleratissimis
1098 718 1522 791 consulibus
1594 721 2122 819 rempublicam
2179 738 2280 795 te·

68 854 373 917 neres3
406 828 733 899 domum‘
758 830 1083 927 ejusqui
1129 834 1436 928 patriam
1465 856 1506 901 a
1537 856 1614 901 se
1658 846 2008 903 servatam
2047 834 2278 930 perire

64 967 245 1014 suo
282 941 590 1010 nomine
632 938 1022 1028 noluisset,
1064 965 1199 1039 per
1230 937 1656 1039 pontificem
1709 940 2026 1039 aliquem
2072 941 2278 1014 dedi·

67 1076 388 1139 casseS,
415 1067 666 1149 posset
686 1067 1005 1124 recreata
1036 1051 1448 1151 respublica
1481 1053 1872 1124 sustinere?
1898 1058 2080 1147 Date
2103 1054 2278 1126 huic

66 1162 447 1261 religioni
504 1161 818 1250 aditum,
874 1161 1256 1260 pontifices
1320 1190 1339 1233 ε
1405 1163 1554 1258 jam
1615 1162 1903 1233 nullum
1963 1162 2276 1237 fortunis

68 1271 637 1363 communibus
662 1276 934 1345 exitum
954 1276 1356 1373 reperietis,
1380 1280 1492 1346 An
1514 1329 1537 1363 ,
1553 1278 1614 1345 si
1643 1289 1929 1371 postem
1958 1278 2278 1345 tenuerit
2303 1260 2323 1283 ‘

72 1382 481 1485 pontifex,
534 1398 607 1455 et
646 1384 871 1457 verba
922 1385 1011 1456 ad
1066 1384 1494 1483 religionem
1539 1386 1848 1457 deorum
1893 1386 2272 1457 immorta-

75 1498 293 1567 lium
340 1498 741 1594 composita
762 1552 781 1586 ,
836 1498 927 1568 ad
989 1498 1390 1596 perniciem
1449 1499 1716 1569 civium
1767 1496 2217 1595 transtulerit
2235 1518 2265 1582 ·‚
2345 1516 2352 1521 ·

72 1606 381 1680 valebit
418 1606 509 1678 ad
546 1609 883 1703 injuriam
924 1633 1199 1679 nomen
1248 1609 1778 1681 sanctissimum
1829 1605 2204 1703 religionis
2245 1634 2260 1676 ε

78 1721 149 1791 si
188 1716 545 1813 tribunus
575 1717 811 1816 plebis
840 1718 1081 1791 verbis
1118 1745 1267 1791 non
1296 1722 1542 1791 minus
1569 1719 1862 1817 priscis,
1903 1732 1976 1789 et
2008 1740 2213 1815 paene
2235 1720 2264 1769 ⁴

76 1826 593 1915 solemnibus,
648 1828 845 1900 bona
900 1832 1071 1901 civis
1120 1832 1528 1928 cujuspiam
1583 1830 2064 1914 consecrarit,
2113 1852 2266 1899 non

76 1935 425 2009 valebit?
461 1939 684 2037 Atqui
724 1943 802 2010 C.
844 1941 1129 2012 Atinius
1162 1994 1182 2029 ,
1240 1956 1528 2038 patrum
1590 1940 1938 2009 memoria
1975 1992 1995 2026 ,
2065 1937 2262 2009 bona

78 2052 188 2139 Q.
234 2049 549 2137 Metelli,
594 2050 726 2147 qui
782 2076 949 2122 eum
1007 2077 1097 2123 ex
1147 2065 1403 2122 senatu
1457 2074 1715 2121 censor
1765 2050 2109 2145 ejecerat,
2149 2050 2262 2119 avi
2343 2058 2347 2063 '

82 2166 251 2249 tui,
302 2163 390 2251 Q.
443 2162 849 2252 Metelle⁵,'
879 2180 954 2235 et
1013 2167 1161 2253 tui,
1210 2170 1282 2235 P.
1343 2162 1635 2248 Servili,
1691 2176 1764 2232 et
1813 2162 2068 2260 proavi
2106 2165 2257 2243 tui,

84 2407 279 2452 Oetav.
308 2417 403 2453 10:
432 2401 545 2452 -Ne
572 2405 827 2469 publicum
848 2405 1071 2470 quidem,
1086 2417 1135 2454 et
1225 2419 1394 2453 omnes
1417 2404 1735 2452 nominantur
1751 2405 1806 2451 in
1827 2403 1997 2453 Pison.
2023 2411 2117 2462 24,
2139 2403 2224 2468 qul
2243 2437 2260 2465 ‚

86 2485 447 2536 musi-titium
468 2488 551 2548 jun
578 2486 679 2534 ulla
712 2487 765 2534 in
800 2503 855 2535 re
896 2487 993 2534 sibi
1029 2486 1133 2534 sine

86 2565 334 2628 pactione
359 2566 650 2628 gravissimas
686 2567 927 2614 mercedis
948 2568 1131 2632 imper-

88 2645 297 2690 tiente»
325 2657 339 2689 :
370 2654 429 2691 ut
475 2667 500 2687 ιι
524 2645 726 2709 publiea
764 2646 950 2694 verba·
996 2645 1131 2710 apud

88 2720 251 2770 ovid.
278 2727 391 2772 Am.
416 2725 492 2772 111
515 2738 528 2772 ε
566 2727 663 2774 «Et
699 2725 821 2774 mihi
866 2725 1133 2774 blanditias

30 2841 37 2848 .
89 2802 257 2861 dixit,
285 2801 637 2868 dominumque
678 2805 899 2867 vocavit,
926 2807 987 2852 Et
1021 2821 1132 2870 quae

88 2891 339 2946 praterea
363 2883 563 2947 publiea
583 2883 730 2932 verba
754 2895 933 2932 sonant
946 2906 987 2933 n.

169 2971 221 3020 4.
266 2962 507 3012 lambino
560 2963 819 3012 videbatur
864 2963 1129 3028 legendum

78 3043 269 3106 plane.
287 3042 404 3090 Tale
435 3041 557 3107 quid
592 3058 707 3092 saue
747 3059 824 3091 res
868 3043 1129 3094 desideret.

86 3123 143 3170 J.
164 3125 233 3170 V.
258 3123 315 3170 1..

168 3202 225 3250 5.
258 3199 353 3248 Avi
377 3199 452 3248 cui
468 3234 483 3260 ,
511 3203 572 3266 Q.
601 3202 815 3253 Metelle.
844 3203 992 3250 Hunc
1020 3202 1127 3252 exi-

86 3282 263 3330 stimat
306 3297 410 3329 esse
454 3283 711 3332 Manutius
757 3285 821 3345 Q.
870 3281 1127 3332 Metellum

88 3362 344 3424 Nepotem
373 3394 389 3419 ,
448 3360 684 3426 collegam
725 3363 785 3410 P.
831 3361 1025 3410 Lentuli
1073 3362 1127 3412 iu

88 3439 357 3488 eonsulntu
379 3455 393 3490 :
420 3457 563 3504 quem
586 3439 775 3489 idcirco
794 3441 997 3489 miratur
1024 3457 1069 3490 c.
1094 3442 1125 3488 6

89 3521 155 3568 de
198 3522 317 3572 uu.
347 3520 505 3583 Resp.
534 3535 640 3568 non
665 3521 831 3568 statim
857 3530 973 3586 post
1000 3523 1126 3569 Len-

86 3598 255 3650 tulum
270 3599 514 3647 nominari
533 3633 549 3657 ,
565 3610 616 3647 et
630 3600 882 3647 consulem
908 3615 1011 3647 non
1036 3616 1127 3664 ap-

86 3679 285 3746 pellari.
313 3678 452 3742 Quid
484 3681 525 3726 si
554 3679 808 3728 Metellum
834 3696 945 3727 eum
968 3680 1126 3766 juisse

88 3759 313 3807 dicamus
335 3760 357 3805 Ρ
384 3760 525 3820 cnjus
552 3759 773 3807 meminit
794 3760 972 3809 Cicero
1000 3763 1026 3808 1
1056 3761 1123 3808 ud

91 3842 203 3887 Ait.
250 3845 315 3894 ¹4
333 3873 347 3896 ,
384 3837 607 3886 scribens
624 3873 639 3899 ,
681 3840 891 3887 Metello
917 3839 1086 3890 Celere
1105 3873 1121 3894 ‚

91 3929 141 3966 et
167 3916 377 3966 Afranio
397 3932 533 3964 con.
557 3938 581 3958 α
604 3911 769 3982 Leg‘ati
792 3929 907 3966 sunt
931 3920 999 3981 Q.
1018 3919 1130 3968 Me-

93 3997 236 4045 tellus
283 3997 539 4054 Creticus,
588 4009 637 4046 et
684 4001 737 4048 1..
788 3997 987 4046 Flaccus
1000 4019 1044 4048 n.
1090 3998 1129 4046 Ii

1222 2485 1349 2534 bene
1389 2496 1520 2550 gestu
1567 2485 1820 2549 provincia
1843 2517 1858 2542 ,
1917 2483 2256 2548 triumphave-

1223 2577 1362 2615 rant:
1388 2587 1412 2606 α
1429 2567 1483 2612 Ρ.
1504 2563 1680 2614 Servili
1705 2599 1720 2626 ,
1741 2567 1806 2629 Q.
1827 2563 2054 2623 Metello,
2073 2565 2130 2614 C.
2157 2565 2253 2614 Cu·

1220 2643 1357 2694 riou:
1381 2652 1632 2709 quumque
1659 2643 1924 2707 significari
1949 2659 2055 2691 non
2077 2644 2255 2710 possit,

1220 2725 1317 2772 nisi
1339 2725 1589 2784 Creticus,
1605 2724 1694 2788 qui
1723 2723 1784 2772 de
1805 2725 1948 2774 Creta
1975 2724 2139 2774 insula
2159 2741 2252 2772 no-

1222 2805 1370 2853 bilem
1422 2803 1722 2867 triumphum
1778 2814 1940 2867 egerat
1959 2837 1972 2862 ‚
2017 2805 2256 2851 fateamur

1222 2887 1416 2932 necesse
1445 2895 1518 2930 est
1539 2917 1553 2940 ,
1582 2898 1692 2930 eum
1729 2883 1903 2930 vixisse
1931 2881 2102 2928 iisdem
2131 2893 2254 2928 tem-

1218 2963 1426 3029 poribus
1446 2996 1461 3021 ,
1490 2962 1670 3025 quibus
1695 2959 1802 3008 haec
1834 2960 2138 3008 dicebantur.
2169 2961 2252 3010 sto

1220 3060 1247 3091 a
1263 3043 1370 3092 Cic.
1386 3059 1432 3091 c.
1445 3043 1477 3090 6
1493 3041 1554 3089 de
1573 3042 1852 3104 Hanllesp.
1868 3039 2107 3104 dignitate
2125 3039 2250 3088 ordo

1219 3135 1352 3173 recte
1392 3134 1610 3172 servatur
1627 3155 1642 3178 ‚
1687 3121 1822 3184 qnod
1864 3136 2057 3182 semper
2099 3120 2216 3168 facit
2237 3133 2252 3166 :

1219 3219 1332 3252 nam
1357 3202 1614 3250 Lentulum
1641 3200 1854 3266 primum
1879 3199 2105 3246 nominat
2126 3215 2250 3247 con-

1214 3282 1371 3330 sulem
1411 3281 1558 3330 simul
1605 3293 1654 3328 et
1712 3278 1996 3344 pontificem
2013 3313 2030 3338 ,
2073 3277 2250 3327 deinde

1216 3362 1474 3412 Servilium
1485 3359 1895 3424 ,antiquissimum
1917 3358 2250 3406 consularium

1215 3458 1275 3490 ex
1292 3439 1612 3506 pontificibus
1627 3475 1644 3502 ‚
1663 3449 1714 3488 et
1733 3439 1949 3504 reliquos
1967 3454 2137 3491 omnes
2154 3453 2246 3485 suo

1218 3521 1350 3570 loco.
1388 3520 1698 3570 Macedonici
1743 3529 1904 3568 autem
1929 3517 2020 3565 filii
2047 3517 2248 3565 suerunt

1220 3603 1287 3666 Q.
1317 3600 1618 3658 Balearicus,
1641 3600 1692 3646 L.
1714 3599 1788 3647 Μ.
1811 3608 1858 3645 et
1882 3599 1941 3647 C.
1964 3609 2014 3646 et
2039 3595 2248 3646 Caeeiliae

1216 3680 1344 3730 duae.
1387 3683 1460 3728 Ex
1487 3680 1737 3728 Balearico
1759 3689 1905 3728 natus
1933 3689 2006 3725 est
2041 3680 2108 3740 Q.
2137 3678 2249 3724 Me-

1212 3760 1358 3814 tellus
1401 3759 1574 3824 Nepos
1590 3795 1606 3820 ,
1650 3761 1738 3824 qui
1772 3775 1875 3807 cos.
1921 3758 2013 3804 fuit
2049 3772 2158 3804 cum
2191 3757 2250 3804 T.

1216 3839 1398 3898 Didio,
1434 3851 1572 3903 pater
1607 3841 1756 3901 hujus
1779 3837 1980 3888 alterius
2009 3836 2249 3901 Nepotis,

1219 3919 1280 3968 de
1296 3936 1398 3984 quo
1413 3919 1677 3982 quaeritur:
1699 3919 1812 3966 hinc
1829 3935 1920 3982 pro
1933 3919 2047 3964 Sex.
2068 3915 2251 3964 Roscio

1223 4000 1289 4049 50
1301 4034 1315 4059 ,
1336 4021 1360 4041 «a
1379 4015 1406 4045 a
1423 3998 1618 4048 caecilia
1639 3999 1872 4049 Balearici
1889 3995 1990 4044 filia
2007 4031 2022 4054 ,
2041 3997 2249 4062 Nepotis
