2594 4537
230 246 373 335 454

868 254 963 321 Μ.
1014 253 1091 319 Τ.
1144 252 1734 321 CICERONIS

234 372 425 457 vir-0,
462 396 860 469 numquam
904 394 1067 443 mea
1114 371 1490 445 voluntate
1525 373 1934 471 praeripiam
1977 398 2150 446 eum
2189 401 2386 475 pree-

236 484 481 553 sertim
524 507 771 568 reum,
814 483 1023 578 cujus
1068 482 1191 555 ille
1234 484 1646 555 inimicitias
1679 508 1834 555 non
1869 484 2112 557 solum
2142 510 2386 559 susce-

234 596 343 689 pit
366 608 667 691 propter
686 592 989 665 salutem
1012 616 1281 683 meam,
1303 618 1556 665 verum
1585 597 1802 665 etiam
1829 596 2204 692 appetivit.
2234 596 2380 668 Sed

232 706 291 773 si
325 706 541 775 etiam
576 726 777 775 nunc
810 702 1237 801 illaqueatus
1266 704 1419 799 jam
1449 705 1778 777 omnium
1815 704 2060 803 legum
2089 696 2382 804 pericu-

228 812 357 902 lis,
396 813 715 885 irretitus
756 812 929 885 odio
974 812 1346 887 bonorum
1401 818 1730 887 omnium
1763 870 1784 904 ‚
1835 818 2380 914 exspectatione

234 922 571 1020 supplicii
595 924 745 1019 jam
786 948 939 995 non
970 924 1316 997 diuturna
1345 925 1795 1025 implicatus,
1824 923 2104 997 feretur
2129 941 2380 998 tamen

232 1032 567 1105 haesitans
588 1086 607 1123 ‚
652 1048 727 1105 et
762 1035 839 1104 in
872 1058 993 1107 me
1032 1036 1388 1134 impetum
1439 1034 1833 1134 impeditus
1875 1032 2114 1109 facere
2165 1060 2381 1108 cona-

233 1142 475 1233 bitur;
520 1147 881 1233 resistam,
930 1159 1003 1217 et
1048 1160 1177 1237 ant
1232 1146 1715 1237 concedente,
1761 1160 1888 1217 aut
1921 1148 2142 1218 etiam
2179 1146 2380 1242 adju-

231 1267 447 1365 vante
482 1252 757 1326 Milone
773 1309 795 1343 ‚
828 1255 986 1351 ejus
1021 1269 1363 1327 conatum
1401 1255 1732 1330 refutabo
1762 1256 2002 1328 :velut
2029 1256 2381 1329 hesterno

232 1528 367 1561 anno
398 1514 515 1563 inde
548 1516 695 1565 tertio
733 1514 925 1565 decimo
958 1514 1150 1566 Tullius
1192 1516 1254 1565 de

233 1590 382 1643 ome.
402 1596 480 1655 11,
510 1610 602 1656 17:
631 1595 861 1647 «Honori
884 1610 1075 1645 nummo
1098 1612 1257 1662 nnper

234 1682 403 1721 nostro
428 1674 607 1722 Miloni
634 1674 753 1737 suit,
789 1677 875 1739 qui
909 1676 1256 1739 gladiator-ihm

234 1752 415 1816 emptis
436 1753 557 1818 reip.
582 1768 726 1802 causa
740 1790 755 1814 ,
778 1770 890 1819 qne
914 1755 1069 1803 salute
1087 1766 1253 1803 nostra

235 1830 577 1881 continebatur
590 1866 605 1891 ‚
636 1848 805 1883 ornnes
828 1837 889 1883 P.
916 1834 1078 1885 Clodii
1098 1848 1252 1883 eone-

236 1919 315 1958 tns
366 1910 653 1975 furoresque
697 1915 982 1978 compressit
1002 1934 1045 1963 ι.
1088 1912 1255 1963 Tullio
1284 1974 1291 1979 Ι

238 1991 496 2050 restituto,
533 1990 737 2041 Clodius
762 2010 790 2041 ιι
825 2009 911 2042 ana
948 1994 1001 2043 vi
1026 2009 1129 2042 non
1159 1993 1259 2041 dis-

235 2079 457 2119 cesserat.
484 2072 750 2134 Quomodo
776 2074 847 2134 ei,
876 2074 993 2123 dum
1020 2074 1075 2123 in
1100 2074 1258 2122 tribu-

234 2160 355 2201 natu
382 2150 500 2212 fuit,
530 2152 661 2203 Milo
696 2154 957 2216 restiterit,
990 2168 1257 2218 cognosces

236 2245 300 2278 ex
327 2232 399 2280 tv
428 2228 493 2278 ad
527 2232 634 2284 Att.
674 2232 733 2294 3,
762 2232 845 2284 uhi
881 2232 1106 2282 Lambin.
1134 2244 1257 2283 tem-

234 2325 357 2374 pora
378 2327 479 2360 non
508 2310 755 2372 distinxit,
794 2314 846 2360 in
869 2313 1047 2377 quibus
1071 2311 1259 2378 aliquit!

238 2401 406 2452 peccat
431 2391 575 2440 etiam
596 2391 800 2440 fortasse
826 2391 975 2452 Dion,
996 2395 1223 2441 xxnx
1241 2427 1259 2455 ,

240 2483 322 2517 no.
352 2473 461 2520 Hoc
482 2485 613 2518 anno
632 2471 733 2532 697
760 2470 887 2518 Milo
904 2471 1125 2534 privatus
1138 2484 1257 2532 erat,

237 2545 443 2598 Clodius
460 2547 636 2596 sedilis.
652 2549 747 2597 Hic
765 2549 913 2612 igitur
932 2547 1110 2598 Miloni
1129 2550 1264 2614 apud

238 2627 477 2690 populum
498 2626 628 2675 diem
652 2627 813 2676 dicere
836 2642 981 2674 ausus
996 2634 1069 2674 est
1084 2641 1101 2676 ε
1119 2643 1263 2676 mann

237 2721 432 2770 temper
460 2717 511 2754 et
534 2706 683 2756 armi:
703 2715 777 2755 eat
802 2721 921 2754 usne
944 2706 997 2753 in
1024 2706 1263 2756 Milonem

238 2797 289 2834 et
330 2784 645 2850 Pompeium:
692 2783 780 2832 sed
818 2783 1057 2832 Milonem
1092 2785 1263 2832 eadem

240 2863 429 2913 tutione
451 2866 751 2913 resistentem
780 2873 1009 2928 expertus
1026 2875 1129 2913 est:
1155 2875 1261 2912 turn

242 2959 298 2992 en
316 2977 333 3004 ‚
353 2961 462 3008 qnae
491 2945 553 2993 de
582 2944 714 2995 ludis
750 2943 1113 3008 Megalensibus
1136 2945 1263 2992 infra

240 3033 495 3072 narrantur
514 3040 623 3089 cap.
646 3041 668 3072 ι
684 3040 707 3072 1
722 3059 737 3084 ,
774 3034 978 3087 sequuta
1001 3035 1145 3073 sunt:
1168 3023 1256 3072 de·

242 3105 391 3169 nique
438 3106 677 3154 Milonem
723 3104 915 3162 omisit,
962 3119 1115 3168 quum
1160 3105 1261 3152 suis

240 3199 351 3232 etun
370 3195 421 3233 et
448 3185 666 3250 Pompeii
684 3184 843 3247 copiis
861 3182 1018 3231 multo
1042 3184 1260 3247 superio·

242 3279 343 3312 rem
382 3281 483 3312 esse
510 3265 820 3328 perspiceret·
854 3263 1000 3314 Conf.
1032 3279 1125 3327 pro
1146 3263 1257 3314 Mil.

250 3344 331 3402 15,
356 3353 405 3390 et
437 3341 502 3390 nd
531 3343 595 3404 Q.
624 3344 777 3392 Frntr.
808 3345 880 3405 11,
906 3345 955 3392 3.
990 3344 1101 3390 Hoc
1128 3353 1267 3392 erant

242 3423 355 3470 loco
381 3438 459 3470 res
494 3421 688 3480 Clodii,
715 3437 867 3485 quum
904 3438 931 3468 a
958 3419 1124 3468 Tullio
1158 3420 1265 3469 haec

241 3499 533 3550 dicerentur.
555 3500 650 3558 Ut,
666 3500 845 3564 inquit,
876 3499 1044 3564 Scipio
1066 3499 1267 3548 Cartha-

238 3579 339 3643 gini
365 3616 382 3643 ‚
429 3578 499 3628 sic
546 3577 672 3628 Milo
714 3576 833 3626 hnic
873 3579 999 3644 pesti
1046 3577 1265 3627 delendae

239 3668 382 3706 natus
404 3658 616 3707 videtur.
636 3655 696 3705 Id
717 3673 834 3705 vero
849 3655 1040 3720 judicio
1061 3657 1265 3722 publico

240 3735 345 3786 fleri
398 3735 685 3802 oportebat,
729 3753 833 3802 quo
882 3736 1163 3785 damnatum
1202 3737 1266 3784 iri

248 3815 477 3866 Clodium
497 3853 512 3876 ‚
541 3815 731 3866 Milone
768 3813 831 3864 de
870 3816 921 3862 vi
973 3825 1263 3873 accusante,

248 3897 520 3962 spondebat
570 3914 713 3948 causa
758 3909 809 3946 et
850 3895 1149 3962 apertissima
1166 3929 1181 3954 ,
1216 3905 1265 3943 et

237 3977 372 4024 SCtis
413 3977 753 4044 preindicata,
802 3973 1075 4040 spondebat
1124 3972 1264 4022 forti-

1343 1516 1470 1565 tudo
1495 1516 1580 1565 ins
1595 1516 1803 1566 Milonis
1819 1554 1838 1581 ,
1863 1532 2047 1581 magno
2081 1528 2380 1568 armatorum

1344 1596 1574 1661 presidio
1597 1597 1860 1658 instructa,
1885 1598 1972 1645 eui
1997 1597 2212 1647 Clodius
2231 1631 2250 1660 ,
2285 1614 2382 1663 qm

1345 1678 1397 1725 vi
1426 1676 1491 1726 ad
1526 1676 1708 1725 scelera
1740 1688 1792 1725 et
1836 1676 1900 1725 ad
1933 1676 2284 1741 impunitatem
2305 1678 2380 1726 nti

1345 1754 1536 1804 solebat
1549 1791 1566 1818 ‚
1587 1770 1643 1804 ee
1675 1758 1777 1817 jam
1807 1771 1900 1820 par
1917 1771 2024 1803 esse
2043 1770 2152 1804 non
2171 1768 2384 1821 poterat.

1341 1836 1472 1883 Hine
1495 1834 1562 1892 ii,
1591 1834 1680 1899 qni
1706 1850 1840 1883 anno
1865 1835 2124 1900 superiore
2139 1836 2378 1897 judicium

1345 1914 1407 1963 de
1423 1914 1604 1964 clodio
1621 1914 1921 1965 sustulerant
1935 1950 1952 1975 ‚
1985 1915 2114 1963 insta
2141 1930 2258 1979 cap.
2277 1923 2342 1970 ²4
2361 1948 2378 1971 ‚

1345 1996 1576 2043 restitisse
1617 1994 1869 2055 dicuntur,
1912 2016 1936 2035 ι
1954 2010 2017 2041 ne
2060 2010 2090 2042 a
2129 1993 2380 2059 republica

1345 2074 1470 2139 reip.
1497 2073 1648 2139 pestis
1665 2082 1998 2122 removeretur
2015 2092 2041 2117 ι
2057 2106 2074 2132 ,
2100 2088 2170 2121 ne
2193 2074 2382 2121 seilicet

1341 2152 1552 2206 Clodius
1578 2153 1641 2202 de
1669 2152 1865 2201 civitate
1891 2168 1980 2217 per
2010 2152 2378 2201 (inminationem

1343 2246 1393 2284 et
1425 2232 1649 2284 exsilium
1683 2232 2105 2282 exterminaretur.
2123 2232 2247 2283 Non
2265 2233 2380 2281 liee-

1343 2313 1429 2362 bat
1454 2313 1634 2362 Miloni
1657 2312 1758 2360 hoc
1792 2327 1922 2360 anno
1943 2327 2118 2376 poenas
2143 2311 2211 2361 ab
2237 2312 2378 2361 aedile

1342 2391 1531 2455 iudicio
1561 2401 1780 2457 repetere
1807 2407 1822 2442 ε
1852 2391 2036 2440 interea
2061 2391 2286 2440 vinetum
2312 2403 2380 2440 te-

1348 2471 1496 2521 nebat
1519 2471 1771 2520 hominem
1805 2481 1912 2520 turn
1951 2471 2102 2520 annia
2134 2473 2382 2536 presenti·

1349 2552 1466 2610 bus,
1485 2561 1588 2598 tum
1611 2549 1939 2598 damnationis
1960 2561 2108 2600 certa
2127 2551 2376 2616 periculo,

1349 2641 1407 2679 nt
1431 2631 1598 2678 inanes
1621 2629 1834 2693 impetus
1856 2629 2038 2678 faceret
2057 2664 2074 2688 ‚
2111 2639 2162 2677 et
2179 2631 2374 2691 iamiam

1349 2727 1402 2759 se
1454 2723 1763 2758 commovere
1817 2723 1922 2756 non
1981 2719 2168 2774 ponet.
2237 2709 2378 2758 Solus

1349 2789 1536 2855 qnippe
1557 2773 1699 2837 ‘Mno
1741 2788 1842 2848 jam
1893 2786 2012 2836 indo
2053 2805 2086 2836 a
2123 2787 2374 2836 nib-,mm

1351 2879 1610 2934 cognorat,
1641 2868 2056 2934 quemadmodum
2077 2879 2330 2932 oporteret
2347 2885 2376 2916 a

1351 2965 1454 3016 rep.
1471 2951 1572 2998 vim
1598 2949 1721 2998 civis
1741 2950 1913 3000 armati
1930 2948 2116 3014 depelli
2143 2963 2158 2998 :
2194 2947 2377 3012 legibus

1350 3028 1552 3094 quidem
1577 3026 1854 3094 agendum,
1891 3027 1978 3078 aed
2009 3028 2158 3076 armis
2187 3039 2378 3092 quoque

1349 3108 1607 3166 utendum,
1633 3107 1813 3172 quibua
1831 3123 1987 3171 remp.
2009 3141 2027 3168 ,
2051 3107 2212 3172 leges,
2237 3117 2374 3170 teque

1348 3191 1505 3254 ipsum
1531 3189 1728 3237 tuearis.
1769 3189 1890 3236 Haec
1929 3203 2052 3252 ergo
2091 3199 2234 3236 eram
2273 3187 2380 3232 vin-

1347 3265 1484 3324 cula,
1516 3266 1646 3332 leges
1681 3267 1828 3315 aimul
1857 3276 1906 3314 et
1929 3281 2099 3316 arm:
2135 3282 2242 3314 non
2265 3264 2375 3314 aolae

1352 3342 1512 3407 leges,
1555 3361 1676 3410 qnae
1712 3344 1854 3394 facile
1894 3361 1985 3410 per
2027 3343 2134 3392 vim
2172 3343 2374 3394 clodius

1323 3481 1326 3486 Ι
1354 3421 1590 3482 eluserit;
1619 3439 1725 3474 non
1745 3441 1876 3473 arma
1901 3423 2030 3486 sola,
2063 3439 2175 3488 qua
2207 3423 2274 3472 ad
2299 3421 2374 3470 de-

1355 3501 1683 3564 fendendum,
1709 3519 1813 3551 non
1845 3501 1910 3552 ad
1933 3501 2218 3552 laedendum
2233 3537 2250 3562 ,
2281 3502 2374 3566 pri-

1355 3591 1472 3630 vato
1487 3615 1502 3640 ,
1532 3598 1636 3630 non
1659 3581 1864 3647 publico
1891 3582 2102 3630 consilio
2129 3583 2259 3630 aumi
2295 3597 2376 3630 ne·

1355 3674 1486 3707 cesse
1515 3661 1698 3719 suerat3
1740 3659 1919 3724 quibus
1949 3659 2180 3710 Clodium
2199 3658 2370 3708 identi-

1356 3735 1470 3785 dem
1487 3739 1705 3797 vincere,
1723 3737 1859 3788 alind
1879 3755 1944 3788 ex
1970 3739 2070 3788 alio
2092 3751 2372 3798 conantem,

1353 3831 1460 3866 non
1476 3817 1528 3864 in
1549 3828 1840 3882 perpetuum
1861 3817 2122 3884 reprimere
2136 3853 2152 3880 ,
2187 3829 2244 3866 ut
2271 3816 2372 3866 finis

1352 3893 1615 3960 aliqnando
1664 3911 1938 3964 pugnarum
2001 3905 2128 3946 esset
2155 3931 2176 3958 ,
2217 3896 2371 3964 probo

1354 3973 1463 4023 viro
1483 3974 1678 4024 licebat.
