2594 4537
478 274 874 345 ORATIO
923 276 1120 344 PRO
1168 272 1333 343 CN:
1380 274 1866 347 PLANCIO.
2101 274 2241 351 525

85 398 431 471 intellexi
441 396 940 469 vehementius
952 386 1366 467 hominum'7
1384 420 1685 469 suorum
1695 397 1976 471 honore
1996 398 2239 474 laetari.

81 509 472 581 Habemus
507 507 652 581 hoc
694 503 920 597 nos⁸3
973 504 1248 578 habent
1294 520 1543 578 nostra
1578 509 2006 607 municipia.
2048 510 2245 601 Quid

85 645 230 717 ego
273 616 369 690 de
401 642 557 707 me,
592 617 684 689 de
714 616 930 689 fratre
946 628 984 715 9
1034 642 1199 688 meo
1237 616 1498 714 loquar
1528 616 1557 686 Ρ
1592 643 1907 715 quorum
1945 619 2247 693 honori·
2310 611 2314 617 ⁴

81 730 236 801 bus
273 730 430 827 agri
455 784 474 817 ‚
517 753 750 828 prope
796 727 1066 815 dicam,
1111 731 1249 827 ipsi
1293 743 1733 825 montesque
1768 740 1834 774 ¹⁰
1884 729 2239 804 faverunt.

79 845 298 913 Num
318 839 614 937 quando
634 839 836 910 vides
863 837 1357 911 Tusculanum
1374 837 1691 936 aliquem
1722 838 1815 911 de
1841 846 1940 913 M.
1963 846 2243 915 Catone

79 950 258 1037 illo,
315 950 393 1020 in
444 951 645 1021 omni
683 950 950 1024 virtute
990 951 1362 1049 principe,
1399 974 1575 1020 num
1615 948 1706 1021 de
1754 950 1910 1022 Tib.
1958 957 2243 1025 Corun-

82 1062 388 1131 cani0¹¹
411 1115 430 1148 ,
472 1060 838 1158 municipe
873 1083 1005 1129 suo
1030 1114 1049 1147 ‚
1087 1084 1266 1131 num
1290 1058 1380 1131 de
1398 1073 1509 1130 tot
1543 1059 1887 1134 Fulviis¹²
1916 1063 2251 1159 gloriari?

81 1167 410 1241 verbum
443 1192 662 1240 nemo
699 1164 980 1253 facit13.
1003 1172 1129 1256 At,
1154 1171 1231 1257 in
1258 1193 1797 1267 quemcumque
1822 1172 2244 1270 Arpinatem

80 1274 442 1351 incideris
463 1282 560 1368 ¹⁴,
588 1280 867 1351 etiamsi
907 1278 1132 1366 noli5,
1175 1280 1314 1351 erit
1349 1293 1589 1351 tamen
1618 1279 1750 1352 tibi
1771 1334 1792 1368 ‚
1826 1280 2122 1355 fortasse
2150 1283 2243 1357 de

81 1389 317 1459 nobis
355 1388 627 1486 aliquid
649 1444 668 1477 ,
705 1388 977 1487 aliquid
1013 1404 1209 1460 certe
1257 1388 1349 1461 de
1388 1396 1466 1463 C.
1504 1394 1736 1462 Mario
1770 1390 2237 1466 audiendum.

81 1502 423 1570 Primum
462 1499 678 1596 igitur
703 1498 825 1570 hic
867 1494 1199 1571 habuit¹⁵
1255 1498 1493 1571 studia
1518 1524 1816 1573 suorum
1853 1500 2173 1574 ardentia
2220 1530 2239 1572 ε

79 1624 170 1681 tu
207 1625 454 1699 tanta,
493 1626 764 1707 quanta
791 1610 868 1679 in
895 1608 1319 1681 hominibus
1329 1612 1476 1705 jam
1492 1613 1822 1683 saturatis
1836 1611 2242 1685 honoribus

81 1744 252 1793 esse
298 1734 719 1819 potuerunt.
761 1718 1044 1791 Deinde
1080 1722 1188 1791 tui
1223 1722 1668 1821 municipeS‚
1720 1738 1891 1795 sunt
1930 1723 2035 1795 illi
2083 1725 2241 1822 qui·

85 1830 264 1903 dem
325 1829 880 1929 splendidissimi
937 1828 1322 1920 homines;
1382 1831 1510 1903 sed
1567 1849 1805 1905 tamen
1851 1836 2065 1934 pauci
2101 1890 2120 1923 ,
2179 1838 2238 1907 si

84 1940 396 2039 quidem
414 1965 579 2012 cum
596 1938 1004 2010 Atinatibus
1022 1939 1512 2013 conferantur.
1531 1944 1761 2039 Hujus
1789 1945 2238 2044 praefectura,

84 2052 317 2148 plena
345 2054 672 2123 virorum
706 2048 1300 2138 fortissimorum,
1349 2052 1450 2123 sic
1490 2067 1575 2123 ut
1609 2054 1808 2125 nulla
1846 2069 1999 2127 tota
2037 2055 2238 2128 ltalia

83 2159 551 2259 frequentior
583 2160 726 2232 dici
760 2162 989 2259 possit
1028 2187 1045 2230 ε
1090 2184 1313 2258 quam
1353 2161 1649 2258 quidem
1678 2189 1878 2236 nunc
1904 2165 2235 2237 multitu·

85 2272 346 2346 dinem
383 2271 670 2361 videm,
718 2270 1025 2368 judicem,
1076 2273 1152 2341 in
1209 2273 1546 2370 squalore
1589 2287 1662 2344 et
1710 2273 1912 2347 luctu
1964 2277 2237 2376 suppli-

82 2485 207 2533 dum
247 2497 354 2532 enne
388 2492 650 2546 utrumque
688 2480 863 2545 plures
894 2478 997 2545 jam
1033 2479 1124 2528 do-

82 2578 322 2616 euerunt.

161 2664 214 2707 7.
237 2644 520 2696 Hominum.
557 2643 682 2706 Alii,
724 2644 994 2711 hospitum,
1037 2646 1126 2696 ned

85 2727 248 2785 male3
273 2741 380 2774 non
401 2725 533 2773 enim
555 2724 774 2789 hospite·
809 2726 982 2774 harum
1004 2727 1125 2775 civi-

85 2816 248 2854 tntum
275 2815 413 2854 erant
429 2839 445 2864 ,
483 2804 570 2869 qui
607 2806 780 2853 Roma
812 2808 1118 2870 magistratus

87 2888 401 2945 creabantur,
419 2883 508 2933 sed
527 2883 659 2934 cives
670 2919 686 2943 ‚
714 2886 817 2934 eive
833 2886 1119 2949 municipes.

86 2967 261 3015 Graev.
281 2965 432 3014 Verb.
462 2975 512 3012 et
543 2965 744 3013 Lallem.
765 2981 826 3015 ex
849 2965 1120 3014 Erk'urtemi

87 3047 394 3110 adoptarunt
418 3042 728 3108 municipum.

162 3127 214 3174 8.
260 3123 505 3170 Habemus
543 3121 636 3171 Ιιοο
678 3138 780 3171 nos.
831 3121 1027 3170 Scilicet
1063 3130 1122 3169 ut

87 3202 317 3252 letemur
351 3202 540 3250 honore
569 3202 751 3250 civium
779 3212 1075 3250 nostrorum.

163 3299 218 3345 9.
240 3279 376 3344 Quid
383 3296 478 3344 ego
491 3281 553 3328 de
567 3297 659 3339 me,
682 3279 940 3346 defi-aere.
959 3283 1124 3330 Gra-v.

93 3361 276 3419 habet,
304 3360 460 3425 «quid
485 3376 578 3426 ego
599 3360 662 3408 de
678 3377 784 3420 me,
813 3361 935 3424 quid
957 3359 1018 3408 de
1035 3361 1128 3408 frn-

95 3450 170 3488 tre
187 3462 215 3482 ιο
233 3473 250 3498 ,
273 3439 410 3504 quod
426 3439 694 3489 Gmtonio
710 3439 889 3503 placet.

174 3535 264 3567 10.
291 3518 424 3583 Agri
445 3553 458 3566 .
480 3552 495 3566 .
517 3554 530 3566 .
558 3529 839 3583 montesque
865 3514 1126 3582 faverunt.

97 3599 282 3648 Audax
329 3596 526 3661 quidem
561 3595 732 3662 figura.
774 3596 856 3646 sic
886 3612 980 3661 pro
1029 3597 1129 3644 Ra-

97 3679 233 3727 birio
253 3713 269 3737 ,
297 3693 410 3740 cap.
435 3680 465 3726 3
490 3691 505 3724 :
543 3700 568 3720 οι
587 3679 756 3740 Quum
788 3676 851 3725 ad
887 3677 990 3738 ejus
1013 3687 1128 3740 pro-

101 3759 398 3822 puls-ndum
419 3757 716 3822 perieulum,
740 3773 846 3804 non
863 3755 1015 3803 modo
1037 3754 1128 3802 ho-

99 3855 262 3888 mmes
278 3873 295 3898 ,
358 3837 446 3886 sed
512 3851 670 3901 prope
725 3836 952 3899 regiones
1007 3835 1127 3909 ipeq

100 3916 442 3968 concurrerint
453 3938 496 3962 »-

179 4017 200 4049 1
217 4015 261 4048 x.
299 4000 375 4046 De
421 3996 526 4045 Τίῦ.
573 3992 896 4044 Communia.
935 3993 1034 4042 mo
1070 4009 1132 4041 ex

1214 2480 1443 2530 omnihus
1500 2486 1739 2534 Romanis
1788 2483 1877 2560 qui
1911 2485 2037 2546 juris
2071 2485 2239 2553 adepti

1213 2563 1466 2612 seientiam
1486 2575 1615 2623 sunt,
1625 2562 1843 2629 profiteri
1863 2566 2050 2628 primun
2066 2568 2236 2633 eoepit.

1213 2645 1520 2709 Pomponius
1542 2645 1605 2693 de
1630 2645 1832 2710 Origine
1847 2645 1989 2706 iuris.

1289 2740 1371 2773 ια.
1404 2723 1581 2772 Fulviis
1602 2723 1831 2789 gloriari,
1873 2725 2006 2787 Alii,
2035 2727 2196 2777 tabiis
2211 2765 2231 2788 ,

1213 2804 1301 2852 sed
1336 2804 1492 2863 male;
1527 2799 1613 2852 hic
1647 2806 1777 2852 enim
1822 2804 1993 2854 cicero
2031 2805 2092 2854 de
2126 2809 2235 2856 solo

1207 2883 1489 2933 Tusculano
1504 2883 1774 2946 municipio
1788 2883 1911 2946 agit3
1928 2881 2062 2930 Fabii
2072 2896 2235 2934 eutem

1206 2979 1313 3011 non
1327 2960 1541 3010 Tusculo
1562 2962 1659 3009 orti
1684 2973 1823 3020 sunt,
1846 2961 1933 3009 sed
1949 2973 2062 3010 ante
2077 2963 2235 3027 ipsam

1207 3040 1379 3090 urbem
1408 3040 1657 3088 conditam
1680 3039 1882 3088 Romuli
1906 3050 1955 3088 et
1980 3042 2124 3089 Remi
2150 3058 2237 3090 eo-

1205 3120 1351 3170 mites
1368 3120 1564 3168 fuerunt
1578 3152 1594 3178 ‚
1626 3129 1676 3166 et
1690 3129 1861 3184 postea
1880 3119 2094 3182 expulsis
2111 3120 2237 3185 regi-

1209 3199 1304 3249 bus
1356 3200 1483 3248 iuter
1541 3197 1727 3263 primos
1772 3197 2003 3262 patricios
2051 3196 2205 3261 gloria
2220 3234 2237 3260 ,

1213 3279 1473 3343 dignitate,⁴
1484 3276 1816 3326 consulatibus
1832 3275 2237 3329 floruerunt-Vid-

1213 3358 1385 3422 Steph.
1404 3355 1632 3420 Pighium
1648 3353 1734 3403 lib.
1755 3356 1827 3402 [v
1846 3357 1972 3403 Fut.
2008 3345 2014 3364 ¹

1293 3436 1375 3483 13.
1404 3434 1609 3483 Verbum
1634 3449 1777 3482 nemo
1795 3431 1955 3498 facie.
2000 3435 2130 3497 Quin
2165 3451 2240 3484 re-

1217 3515 1393 3564 fertum
1418 3523 1491 3562 est
1514 3513 1837 3577 municipium
1868 3513 2239 3572 consularibus,

1215 3605 1264 3643 et
1291 3608 1448 3657 prope
1478 3592 1577 3652 inm
1608 3591 1807 3640 saturati
1840 3588 2115 3640 honoribus
2135 3593 2240 3639 Tu·

1215 3671 1405 3722 scaleni
1442 3681 1587 3730 suut3
1631 3670 1769 3735 quod
1812 3669 1919 3721 aliis
1960 3671 2258 3736 municipiis

1214 3769 1319 3802 non
1344 3751 1568 3816 contigit.

1292 3833 1372 3891 14.
1394 3833 1455 3878 Iu
1477 3844 1828 3895 quemcumque
1846 3831 1969 3893 Arp.
1991 3826 2241 3878 incideris.

1218 3913 1279 3960 Id
1299 3923 1374 3961 est
1386 3947 1404 3974 ,
1432 3909 1631 3958 obvium
1647 3907 1889 3958 habueris.

1299 3992 1378 4040 15.
1407 3991 1500 4039 flio
1524 3987 1706 4038 babuit.
1730 3987 1845 4036 Seii.
1875 3987 2115 4036 Plancius.
