2594 4537
348 225 525 352 254'
755 233 1401 332 MARKLANDI
1447 249 1572 332 ΕΤ
1621 261 2073 332 GEsNERI

344 392 565 457 briam
598 405 739 452 esse
764 381 1087 467 viderem3
1110 381 1285 447 idem
1315 405 1438 473 ego
1463 383 1692 466 fateor,
1719 406 1826 447 me
1851 385 1920 448 in
1943 384 2048 448 his
2071 383 2482 452 orationibus

342 500 432 562 ita
458 515 683 561 vocem
710 489 940 555 veteris
968 489 1155 555 amici
1184 489 1350 556 mihi
1373 489 1578 554 videri
1603 490 1990 579 intelligere,
2017 506 2096 554 ut
2115 513 2253 554 non
2275 495 2482 582 magis

346 604 429 668 de
460 624 539 665 eo
574 597 870 663 dubitare
890 643 913 676 ‚
944 617 1143 684 quam
1170 592 1252 658 de
1281 617 1442 659 voce
1474 615 1552 658 ac
1576 602 1882 660 sermone
1905 595 2262 661 admodum
2290 599 2480 662 fami-

336 709 505 774 liaris
548 703 711 769 mihi
752 701 1039 766 hominis
1070 701 1338 790 possim.
1370 703 1536 766 Rem
1565 701 1808 765 interea
1847 723 1982 766 non
2019 701 2320 792 iniquam
2356 727 2478 792 po·

340 815 513 880 stulo
542 835 559 876 ε
593 824 808 875 totum
852 807 983 872 hoc
1027 807 1304 870 aliorum
1341 805 1584 886 judicio
1621 808 1948 896 permitto.
1995 807 2080 871 Et
2124 807 2274 895 quia
2309 807 2476 874 duos

337 922 519 985 locos
569 915 792 1004 posuit
836 910 1255 978 Marklandus
1275 955 1295 994 ‚
1339 912 1410 975 in
1459 911 1700 1001 quibus
1735 911 2182 978 declamatoris
2223 915 2478 1002 antiqui

340 1023 641 1116 quidem,
668 1018 785 1086 sed
814 1041 951 1084 non
982 1016 1135 1082 ideo
1162 1039 1315 1082 cum
1349 1018 1566 1082 Tullio
1597 1016 2052 1108 comparandi,
2081 1019 2360 1108 ineptias
2391 1021 2482 1084 ita

342 1133 629 1199 eminere
666 1142 889 1216 putat,
934 1141 1013 1190 ut
1060 1123 1364 1190 dubitare
1403 1145 1599 1190 nemo
1613 1137 1640 1207 ',
1683 1125 1792 1188 cni
1836 1124 1920 1188 sit
1956 1132 2228 1214 purgata
2263 1127 2480 1202 auris,

338 1237 583 1329 possit:
611 1229 963 1324 arrigendae
999 1246 1157 1297 sunt
1182 1245 1370 1295 aures
1397 1246 1466 1294 et
1489 1230 1884 1320 exquisitum
1909 1253 2134 1296 mrum
2155 1230 2479 1312 judicium

340 1339 807 1410 adhibendum.
861 1338 1005 1427 Ego
1055 1353 1212 1401 vero
1272 1335 1588 1400 hellebori
1634 1335 1842 1401 vicem
1888 1336 2012 1402 hac
2064 1335 2478 1403 hebdomade

230 1509 241 1521 ,
340 1444 797 1538 Pyrmontanis
828 1441 1101 1507 acidulis
1128 1457 1292 1506 usus
1317 1463 1508 1506 sumi
1535 1441 1652 1508 sed
1674 1441 1974 1532 profecte
1995 1441 2298 1507 nondum
2327 1443 2483 1509 satis

338 1557 441 1622 vel
465 1571 653 1618 aures
676 1565 983 1640 purgatas
1011 1547 1225 1615 habeo
1242 1585 1267 1632 ,-
1290 1547 1396 1613 vel
1429 1547 1770 1613 cerebrum
1785 1597 1804 1631 ‚
1827 1565 1905 1614 ut
1927 1548 2174 1638 possim
2203 1551 2476 1632 sentire,

338 1661 447 1728 vel
476 1656 785 1746 suspicari
828 1653 992 1719 adeo
1008 1701 1029 1737 ,
1062 1653 1173 1719 hic
1214 1653 1573 1743 quidquam
1610 1652 1952 1744 indignum
1983 1655 2244 1720 Tullio:
2277 1679 2482 1746 agno-

340 1785 523 1835 scere
544 1763 706 1829 mihi
734 1763 801 1826 in
833 1773 1117 1850 utroque
1136 1763 1283 1826 loco
1315 1760 1540 1826 videor
1567 1759 1751 1826 illum
1765 1807 1784 1844 ,
1814 1781 2014 1850 quem
2037 1762 2090 1826 si
2115 1778 2272 1851 post
2295 1765 2482 1852 quin·

340 1871 649 1963 quaginta
693 1887 1017 1932 annornm
1065 1867 1608 1932 consuetudinem
1656 1887 1878 1933 meum
1919 1867 2170 1952 dioem5
2217 1869 2336 1958 qui
2375 1885 2484 1934 me

340 1994 623 2060 norunt,
648 1975 1033 2064 arrogantia
1058 1975 1330 2038 crimine
1362 1993 1450 2039 ne
1477 1993 1584 2038 me
1615 1973 1960 2056 damnent,
1994 1993 2130 2039 non
2163 1991 2478 2040 metuam.-

339 2084 525 2152 ldem
561 2080 723 2147 mihi
758 2081 973 2145 evenit
1004 2079 1073 2143 in
1108 2079 1267 2144 locis
1303 2077 1564 2161 ceteris,
1601 2077 1684 2143 de
1717 2079 1958 2166 quibas
1985 2078 2151 2145 dixit
2186 2080 2268 2144 V.
2294 2081 2374 2146 C.
2411 2081 2478 2146 Si

340 2213 469 2283 qua
496 2203 684 2265 sunt,
719 2185 1019 2250 nondum
1053 2185 1155 2250 vel
1188 2183 1368 2274 apud
1401 2185 1820 2267 Ciceronem5
1845 2186 1948 2249 vei
1975 2187 2043 2250 in
2077 2187 2270 2251 bonoe
2305 2200 2480 2252 ηοω

340 2298 656 2385 scriptore
688 2292 815 2357 alio
848 2306 1133 2383 reperta,
1174 2314 1250 2357 ea
1276 2314 1414 2356 non
1451 2290 1606 2355 ideo
1639 2307 1798 2355 sunt
1825 2291 2094 2382 indigna
2122 2293 2476 2375 Cicerone;

339 2424 547 2495 quum
582 2398 939 2490 proesertim
970 2397 1392 2463 Marklandus
1421 2398 1701 2487 assignet
1735 2397 1854 2462 illis
1887 2408 2142 2463 etatem
2175 2400 2474 2465 nondum

342 2526 609 2577 eentum
660 2504 849 2570 annis
892 2526 932 2568 a
985 2520 1197 2569 morte
1247 2504 1576 2569 Ciceronis
1623 2504 1989 2570 distantem.
2035 2505 2164 2571 sed
2211 2508 2476 2597 ancipiti

343 2613 555 2707 gladio
602 2632 841 2699 nempe
887 2610 1099 2675 utitur
1140 2611 1248 2675 ille
1289 2611 1360 2674 in
1403 2611 1528 2675 hos
1569 2611 1814 2678 libros:
1857 2612 1972 2676 ubi
2021 2614 2476 2679 convenientia

342 2742 495 2787 cum
538 2716 759 2782 Tullio
806 2716 1084 2799 invenit,
1124 2731 1384 2781 accusat
1419 2715 1706 2799 furtum,
1735 2732 1800 2782 et
1835 2717 2268 2783 imitationem
2307 2742 2478 2809 pue·-

339 2827 557 2906 rilem3
594 2821 712 2886 ubi
732 2820 1135 2909 aliquantum
1164 2819 1414 2885 diversa
1431 2865 1452 2903 ,
1486 2822 1902 2911 peregrinum
1929 2844 1998 2887 se
2019 2840 2209 2912 putat
2233 2840 2474 2889 tenera

338 2928 721 2997 Videbimus
748 2947 902 2989 mox
929 2924 1013 2989 de
1044 2924 1333 3013 singulis.
1369 2924 1496 2989 Sed
1535 2925 1980 2991 moderatione
2011 2928 2292 3016 quadem
2325 2947 2480 2995 ute-·

337 3054 509 3119 mur,
548 3054 635 3102 ne
674 3052 993 3121 ponamus
1034 3031 1410 3119 simpliciter
1444 3032 1664 3097 omnia
1703 3056 1854 3097 cum
1887 3032 2082 3099 taedio
2105 3036 2426 3100 lectorum
2455 3058 2472 3100 ε

339 3143 501 3211 nihil
552 3152 771 3205 autem
816 3158 1047 3201 eorum
1093 3137 1696 3225 praetermittamus,
1745 3160 1890 3227 quae
1933 3141 2148 3229 specie
2191 3140 2476 3230 quadam

246 3330 253 3337 .
338 3248 644 3317 videntur
670 3242 1131 3333 praestinguere
1158 3242 1384 3308 oculos
1418 3245 1608 3308 etiam
1633 3244 1924 3309 eruditos
1950 3267 2160 3334 posse.

427 3352 542 3421 IV.
566 3350 775 3415 Aliud
793 3352 943 3413 item
967 3372 1002 3411 e
1030 3348 1340 3413 Sex-tiana
1363 3356 1650 3439 petituma
1687 3350 1882 3415 Aliud
1917 3368 2016 3416 est
2040 3354 2340 3441 generale
2369 3376 2476 3419 ar·

334 3472 721 3553 gumentum
741 3503 760 3537 ‚
797 3476 931 3544 quo
968 3454 1085 3518 has
1116 3455 1442 3521 orationes
1469 3456 1749 3545 jugulari
1776 3472 1966 3545 putat
2000 3478 2196 3547 posse
2223 3460 2325 3524 vir
2351 3460 2476 3524 do··

336 3586 515 3648 ctus,
547 3559 711 3627 illud
731 3608 749 3643 ,
786 3558 969 3648 quod
1001 3562 1281 3649 sumpsit
1313 3584 1394 3627 ex
1423 3561 1616 3653 longa
1649 3562 2001 3644 relatione,
2036 3586 2182 3650 qua:
2212 3566 2282 3629 in
2315 3566 2474 3631 Sex·

338 3676 511 3739 tiana
548 3668 624 3734 fit
656 3666 739 3731 de
770 3665 965 3731 rebus
1000 3663 1229 3730 iisdem
1247 3711 1267 3748 ,
1301 3690 1448 3755 quae
1491 3667 1559 3731 in
1606 3667 1708 3732 his
1753 3684 2036 3755 quatuor
2067 3670 2476 3735 orationibus

334 3782 419 3844 ita
450 3788 895 3865 exponuntur,
929 3788 1042 3854 ut,
1080 3772 1195 3861 qui
1236 3772 1578 3839 adstabant
1607 3775 1676 3838 in
1713 3774 1911 3838 Sextii
1938 3774 2220 3859 judicio,
2259 3776 2476 3843 dicere

331 3896 599 3974 possent
632 3902 648 3944 ε
683 3910 711 3935 α
735 3879 929 3942 Potes
968 3877 1320 3966 compendi
1368 3880 1580 3945 facere
1627 3881 1825 3945 istum
1871 3878 2203 3963 laborem3
2243 3882 2474 3947 eadem

335 3989 511 4053 enim
544 3984 877 4071 superiore
902 3982 1031 4062 jam
1066 4006 1241 4047 anno
1272 3986 1469 4052 rebus
1499 3984 1870 4051 recentibus
1899 4008 1978 4051 ex
2007 4003 2072 4051 te
2103 3986 2476 4056 audivimus
