2594 4537
511 256 1240 328 COMMENTARIUS
1289 258 1609 326 SCHOL.
1661 253 2045 321 AMBROS.
2205 250 2339 323 60¹

188 379 599 440 laboraverat.
626 382 701 437 Et
721 376 909 435 bacin
932 389 1099 454 parte
1124 374 1731 435 commemorationem
1753 370 1984 431 videtur
2003 370 2192 429 facere
2209 372 2352 433 Tul·

192 479 325 537 lius
360 476 485 553 ejus
518 474 799 553 temporis
824 494 942 551 quo
965 494 1059 532 ser
1070 516 1282 533 ......

286 574 583 632 XXV1.1
606 612 779 629 .....
818 571 1033 648 partim
1059 569 1358 629 malitiosis
1389 548 1694 627 fraudibus
1725 565 2172 644 deprehensum.
2208 565 2350 626 Ideo

196 683 443 730 tantum
463 668 697 747 negavit
727 666 801 725 ab
834 688 895 726 se
923 668 1117 727 statim
1145 667 1374 746 puniri,
1405 665 1570 743 quod
1597 666 1778 722 iratus
1809 677 1974 722 esset.
2002 662 2234 742 Quippe
2263 662 2353 720 vir

196 766 497 845 sapientia
526 764 809 844 praeditus
838 765 1044 824 altiore
1080 784 1200 823 non
1242 764 1475 842 putavit
1511 761 1718 840 judicii
1765 761 2024 819 futurum
2067 758 2352 838 quidquid

200 864 447 925 fecisset
468 865 654 923 iratus
682 864 785 944 (1).

314 1064 381 1111 α.
425 1040 591 1110 Non
629 1060 884 1111 vereor
920 1061 1012 1109 ne
1049 1036 1231 1108 mihi
1266 1034 1576 1135 aliquid,
1607 1031 1926 1131 judices,
1960 1030 2208 1105 videar
2243 1058 2350 1105 ar-

200 1171 509 1247 rogare,
554 1150 617 1219 si
654 1146 746 1219 de
784 1161 1149 1244 quaestura
1189 1172 1351 1219 mea
1388 1146 1662 1219 dixer0.

286 1338 373 1394 Vt
398 1354 458 1393 se
488 1335 812 1394 Laterensis
844 1335 1179 1395 ostenderet
1210 1336 1484 1397 aedilitate
1516 1338 1689 1397 fuisse
1715 1336 1952 1397 Plancio
1984 1334 2306 1413 digniorem
2324 1376 2341 1406 ,

198 1445 770 1491 commemoraverat
804 1452 865 1491 se
899 1432 1057 1511 apud
1089 1438 1378 1493 Praeneste
1397 1434 1568 1494 ludos
1597 1433 1879 1493 edidisse:
1907 1431 2146 1510 Cyrenis
2178 1430 2348 1487 etiam

199 1546 435 1589 summa
468 1527 859 1587 liberalitate
842 1549 903 1587 m
936 1528 1281 1608 publicanos
1327 1533 1546 1611 egisse.
1572 1533 1632 1591 in
1664 1532 1850 1591 socios
1889 1530 2064 1587 fuisse
2099 1526 2350 1603 denique

190 1624 601 1712 justissimum.
644 1629 789 1697 Quae
830 1627 1024 1684 omnia
1058 1627 1374 1704 jactantius
1412 1628 1488 1689 ab
1517 1628 1619 1687 illo
1661 1628 1814 1691 dicta
1844 1644 2018 1705 quam
2059 1624 2350 1701 eleganter

202 1722 403 1780 elevet
419 1735 479 1779 et
497 1720 732 1799 abJ'iciat
755 1726 839 1779 M.
856 1723 1083 1781 Tullius
1110 1724 1564 1783 consideremus.
1582 1710 1935 1782 Persuadere
1955 1722 2083 1779 vult
2103 1739 2354 1797 namque

198 1818 403 1877 omnia
433 1818 533 1877 illa
573 1838 703 1897 quae
736 1816 876 1877 soris
904 1820 1170 1896 gesserit,
1210 1820 1368 1899 apud
1397 1821 1806 1880 conscientiam
1836 1820 2043 1900 populi
2073 1824 2142 1878 R.
2172 1818 2348 1876 latere

197 1916 487 1993 potuisse.
532 1920 622 1974 Ac
643 1934 718 1973 ne
746 1914 1012 1974 acerbius
1040 1918 1300 1975 animum
1330 1916 1568 1976 laederet
1595 1917 1918 1991 audientis,
1957 1916 2030 1975 de
2060 1928 2349 1995 quaestura

198 2032 313 2097 sua
345 2014 463 2091 egit
486 2033 608 2071 non
633 2014 759 2071 sine
777 2013 963 2091 figura
994 2015 1440 2090 comparatcbm‘s
1457 2011 1563 2093 (a).
1589 2015 1763 2090 Quod
1789 2033 1971 2092 quum
1991 2012 2249 2090 Lilybaeo
2263 2010 2349 2089 (3)

200 2107 499 2169 decedens
530 2110 805 2168 Puteolos
840 2108 1236 2183 adventasset,
1257 2129 1460 2169 omnes
1487 2130 1620 2169 eum
1645 2109 2038 2188 ignoraverint
2061 2109 2253 2186 primo
2277 2129 2346 2167 ex

195 2224 279 2264 ex
310 2205 647 2284 provincia,
686 2218 823 2263 tunc
842 2203 927 2286 (l.)
950 2204 1161 2263 deinde
1190 2226 1264 2265 ex
1291 2206 1518 2279 Sicilia,
1543 2204 1618 2263 ad
1631 2203 1717 2286 (5)
1745 2218 2065 2265 extremum
2095 2226 2168 2262 ex
2193 2206 2348 2282 Lily-

196 2303 431 2362 baetana
452 2303 537 2384 (6)
563 2304 787 2363 venire.
814 2303 1043 2378 Quibus
1072 2307 1197 2386 ipse
1230 2305 1391 2363 varia
1423 2304 1846 2365 sciscitantibus
1871 2305 2182 2364 novissime
2213 2326 2344 2366 cum

196 2400 595 2480 permixtione
621 2400 873 2479 quadam
905 2402 1189 2466 stomachi
1227 2402 1626 2481 responderit,
1658 2423 1719 2460 se
1752 2402 1826 2460 ad
1859 2421 2036 2480 aquas
2061 2402 2258 2478 potius
2275 2403 2344 2460 ,in

198 2499 581 2576 Campaniam
620 2499 873 2573 venisse,
917 2512 985 2557 ut
1008 2500 1494 2578 interrogationes
1527 2500 1793 2579 ipsorum
1821 2499 1896 2560 ab
1926 2520 1988 2559 se
2013 2515 2346 2580 respueret,

196 2613 355 2672 quos
380 2595 619 2656 moleste
658 2595 883 2656 ferebat
922 2597 1153 2674 ignaros
1184 2617 1310 2656 esse
1342 2611 1672 2676 quaesturae,
1720 2618 1894 2677 quam
1923 2618 1984 2658 se
2011 2599 2348 2658 meminerat

200 2713 414 2772 magna
444 2711 576 2751 cum
604 2691 775 2750 laude
817 2692 1073 2770 gessisse.
1114 2694 1348 2751 Proficit
1389 2693 1464 2752 ad
1513 2695 1670 2753 illam
1701 2698 2137 2775 responsionem
2167 2697 2348 2756 multa

201 2797 410 2852 Romae
439 2789 694 2869 ignorari
725 2808 856 2866 quae
906 2789 1049 2847 soris
1096 2801 1253 2867 gesta
1285 2803 1422 2848 sunt
1449 2810 1483 2849 a
1507 2791 1874 2850 senatoribus
1900 2816 1915 2851 t
1938 2813 2005 2850 ac
2031 2808 2343 2872 propterea

204 2893 575 2948 Laterensem
607 2885 819 2944 frustra
861 2886 922 2943 in
956 2884 1095 2954 illis,
1124 2904 1253 2962 quae
1281 2899 1447 2944 extra
1487 2884 1710 2945 Urbem
1749 2900 2033 2966 gesserat,
2071 2889 2342 2950 habuisse

276 3159 357 3226 (1)
382 3155 565 3220 Quare
584 3152 728 3226 apud
758 3152 1097 3216 Ciceronem,
1128 3153 1285 3206 Tusc.
1310 3152 1414 3218 IV,-
1444 3153 1511 3206 36
1541 3173 1554 3207 :
1585 3177 1610 3200 ιι
1629 3152 1770 3205 Illud
1795 3153 2044 3208 laudatur
2062 3155 2310 3230 Archyta
2328 3199 2344 3222 ,

205 3237 303 3309 qni
322 3255 493 3309 quum
504 3236 683 3290 villico
708 3236 880 3292 factus
900 3247 1036 3290 esset
1052 3235 1258 3304 iratior,
1274 3255 1386 3308 quo
1405 3247 1458 3289 te
1473 3233 1660 3300 modo,
1681 3237 1876 3307 inquit,
1895 3239 2232 3309 accepissem,
2248 3243 2350 3295 nisi

200 3323 373 3376 iratus
412 3339 579 3374 essem
596 3321 653 3374 3’·
688 3319 880 3374 Noster
914 3339 1077 3393 porro
1118 3320 1378 3392 interpres
1414 3319 1626 3374 videtur
1675 3319 1877 3392 aliquid
1903 3321 2038 3374 lucis
2071 3342 2346 3396 aspergere

201 3406 326 3458 loco
341 3403 503 3478 hujus
530 3404 807 3470 orationis,
830 3422 943 3476 cap·
967 3407 1056 3468 26,
1079 3405 1445 3459 subobscuro:
1469 3404 1664 3457 «Jubes
1689 3404 1969 3458 Plancium
1991 3406 2060 3460 de
2082 3408 2228 3462 vitiis
2250 3412 2348 3462 La-

200 3489 427 3544 terensis
458 3488 655 3543 dicere.
690 3487 838 3542 Nihil
874 3499 1082 3560 potest,
1122 3489 1227 3542 nisi
1262 3506 1388 3542 eum
1427 3487 1583 3541 nimis
1617 3488 1674 3541 in
1701 3505 1758 3542 se
1782 3487 2100 3543 iracundum
2133 3495 2346 3563 putabis

200 3574 366 3628 fnisse
388 3597 432 3622 »-

274 3658 350 3726 (ι)
386 3655 684 3728 spatiolum
720 3655 776 3708 in
804 3655 993 3710 codice
1010 3694 1028 3721 ,
1054 3659 1201 3731 qnod
1228 3659 1306 3714 sic
1331 3658 1528 3732 replevi
1557 3677 1622 3712 ex
1644 3658 1963 3730 conjectura.

272 3740 355 3811 (3)
388 3738 523 3796 cod.
560 3742 745 3806 Libyam

270 3825 357 3892 (4)
387 3825 471 3876 Ita
498 3822 620 3876 cod.
658 3835 791 3875 tunc.

273 3908 352 3975 (5)
387 3905 521 3960 Cod.
554 3925 655 3980 pro
700 3911 774 3958 ad
802 3906 961 3960 habet
992 3911 1069 3959 de.

275 3993 355 4060 (6)
388 3989 521 4044 Cod.
557 3993 851 4056 marsicana.
