2594 4537
341 268 484 353 460
983 267 1082 334 M.
1134 266 1210 333 T.
1266 229 1817 338 clcERoN'is

339 389 652 462 habeant
680 385 1030 484 judicum.
1078 387 1469 483 Religionis
1518 387 1973 486 explanatio²
2014 383 2135 456 vel
2178 382 2279 454 ab
2326 408 2485 454 uno

340 497 686 598 pontifice
723 499 956 595 perito
992 513 1188 569 recte
1231 496 1392 569 fieri
1422 511 1663 596 potest
1705 523 1723 567 z
1767 495 1968 596 quod
2008 493 2205 566 idem
2242 495 2325 563 in
2364 495 2485 591 ju—

339 611 532 682 dicio
578 611 830 708 capitis
875 607 1142 680 durum
1196 625 1417 708 atque
1468 611 1803 707 iniquum
1860 620 1988 680 est.
2040 609 2323 677 Tamen
2386 606 2489 676 sic

339 721 750 818 reperietis,
824 717 1351 817 frequentiores
1398 718 1781 817 pontifices
1844 718 1936 790 de
1984 741 2149 788 mea
2208 714 2447 787 domo
2468 771 2485 796 ,

337 854 558 927 quam
611 854 960 927 umquam
1015 829 1106 901 de
1163 832 1599 902 caerimoniis
1644 831 2028 927 .virginum
2092 825 2483 922 judicasse.

337 944 634 1011 Postero
670 939 786 1011 die
823 938 1447 1038 frequentissimus
1488 955 1817 1028 senatuS,
1848 953 1921 1010 te
1958 936 2269 1009 consule
2304 934 2487 1006 desi·

340 1062 557 1145 gnato
577 1102 596 1136 ,
643 1049 951 1122 Lentule
980 1104 1000 1139 ‚
1043 1054 1416 1123 sententiae
1458 1045 1833 1149 principe-⁹·
1853 1103 1875 1137 ,
1921 1051 2000 1118 P.
2051 1045 2387 1118 Lentulo
2422 1059 2489 1116 et

342 1158 430 1247 Q.
471 1159 767 1232 Metello
822 1160 1242 1233 consulibus
1310 1159 1793 1232 referentibus
1821 1213 1841 1248 ‚
1903 1161 2155 1230 statuit
2180 1211 2203 1241 ‚
2250 1179 2483 1253 quum

341 1287 594 1341 omnes
635 1269 1060 1368 pontifices,
1113 1273 1242 1369 qui
1285 1286 1491 1343 erant
1524 1268 1747 1366 hujus
1787 1266 2059 1340 ordinis
2102 1264 2485 1345 adessent,

344 1403 721 1477 quumque
765 1381 922 1470 alii,
961 1383 1091 1479 qui
1125 1381 1535 1454 honoribus
1574 1379 1832 1479 populi
1875 1380 2159 1449 romani
2190 1389 2483 1446 antece·

343 1486 608 1560 debant
631 1544 652 1577 ‚
713 1489 938 1562 multa
992 1490 1084 1563 de
1143 1491 1425 1590 collegii
1485 1489 1761 1587 judicio
1830 1486 2051 1560 verba
2110 1487 2485 1570 fecissent,

343 1623 745 1696 omnesque
785 1601 1000 1673 iidem
1031 1601 1418 1674 scribendo
1445 1599 1775 1673 adessent
1814 1626 1829 1668 :
1869 1598 2174 1671 domum
2210 1621 2483 1682 meam,

336 1706 614 1800 judicio
631 1707 1060 1806 pontificum
1084 1766 1103 1800 ‚
1143 1712 1487 1809 religione
1517 1709 1892 1782 liberatam
1916 1707 2171 1780 videri.
2204 1711 2325 1778 De
2353 1707 2485 1777 hoc

343 1817 562 1912 igitur
593 1820 756 1892 loco
783 1819 1068 1920 [sacro]
1101 1826 1559 1919 potissimum
1575 1821 1917 1893 videntur
1942 1819 2373 1916 haruspices
2392 1817 2484 1886 di·

346 1951 545 2018 cere,
584 1933 712 2028 qui
745 1930 946 2004 locus
985 1933 1182 2005 solus
1227 1958 1315 2004 ex
1367 1933 1661 2031 privatis
1717 1931 1895 2000 loeis
1949 1927 2303 2001 omnibus
2350 1925 2483 1997 hoc

343 2042 702 2139 praecipue
743 2041 924 2137 juris
961 2040 1214 2131 habet,
1251 2058 1335 2113 ut
1360 2041 1453 2113 ab
1490 2041 1697 2138 ipsis,
1720 2039 1852 2139 qui
1877 2039 2097 2111 sacris
2121 2049 2483 2136 praesunt,

343 2173 541 2222 sacer
583 2176 734 2222 non
778 2177 931 2225 esse
966 2154 1329 2248 judicatus
1372 2153 1463 2225 sit
1482 2152 1595 2248 ⁴?-

435 2265 711 2335 Verum
763 2261 1074 2336 referte⁵
1116 2293 1132 2335 :
1179 2261 1382 2362 quod
1437 2257 1525 2333 eii
1569 2255 2203 2333 senatusconsulto
2252 2253 2483 2329 faeere

343 2370 645 2461 debetis.
683 2378 829 2445 Aut
864 2374 1072 2447 vobis
1103 2375 1421 2473 cognitio
1451 2371 1771 2461 dabitur,
1817 2374 1946 2469 qui
1981 2372 2200 2468 primi
2230 2368 2327 2441 de
2360 2368 2485 2439 hac

345 2478 567 2575 domo
591 2486 1021 2555 sententiam
1050 2484 1321 2557 dixistis
1341 2539 1360 2573 ‚
1396 2498 1472 2555 et
1497 2508 1649 2554 eam
1683 2481 2033 2579 religione
2071 2482 2277 2551 omni
2318 2479 2483 2551 libe·

345 2592 591 2677 rastis;
627 2606 753 2663 aut
787 2609 1078 2666 senatus
1113 2601 1268 2694 ipse
1315 2592 1710 2692 judicabit,
1751 2594 1880 2692 qui
1905 2646 1925 2679 ‚
1968 2616 2123 2661 uno
2165 2589 2299 2661 illo
2336 2588 2483 2661 solo

346 2699 662 2772 antistite
693 2724 1062 2774 sacrorum
1090 2703 1589 2787 dissentiente,
1619 2701 2254 2799 frequentissimus
2284 2714 2482 2771 antea

342 2807 726 2901 judicavit3
765 2825 926 2900 aut,
961 2812 1034 2883 id
1063 2813 1265 2911 quod
1301 2828 1495 2886 certe
1536 2810 1703 2899 fiet,
1764 2811 1855 2882 ad
1893 2808 2286 2910 pontifices
2324 2811 2479 2906 reji-

419 2984 467 3016 τι.
496 2968 630 3029 Alii,
664 2968 900 3034 expiatio.
924 2972 1219 3020 Iuvitissimo
1255 2988 1369 3021 sen·
1455 2970 1623 3029 fieret,
1660 2969 1883 3033 iniquum
1905 2970 2045 3020 sore:
2072 2980 2195 3018 tune
2222 2970 2357 3018 enim
2384 2970 2483 3019 neli-

347 3064 421 3098 su.
443 3074 513 3086 -··
532 3050 847 3113 Explanatur
869 3066 898 3097 a
920 3050 1236 3115 pontificibus
1255 3054 1369 3101 neli-
1456 3050 1649 3113 gionem
1702 3047 2013 3113 interpretari
2074 3046 2345 3112 pontifices
2413 3064 2485 3096 ne-

345 3128 445 3191 gio,
467 3139 523 3177 ut
541 3128 601 3176 ab
625 3128 964 3195 haruspicibus
984 3142 1208 3195 portenta
1221 3166 1235 3192 ,
1254 3147 1363 3195 cap.

347 3221 379 3268 9
395 3242 410 3266 ‚
435 3223 586 3270 quum
614 3207 736 3271 quid
763 3226 818 3256 ea
841 3210 1084 3272 postulet,
1112 3211 1367 3274 quomodo

347 3287 414 3332 sit
441 3284 742 3349 explananda
768 3323 782 3349 ,
814 3286 1046 3351 quidnam
1063 3290 1117 3336 iu
1136 3287 1285 3347 ludis,
1314 3292 1367 3337 in

347 3363 595 3412 sacrificiis
610 3398 624 3423 ‚
661 3364 712 3411 in
741 3367 1184 3416 consecrationibus
1211 3379 1369 3429 recte,

347 3452 432 3491 aut
457 3439 710 3508 pei-persua
729 3454 887 3491 actum
911 3447 974 3492 sit
985 3480 1000 3505 ,
1017 3445 1140 3510 quid
1158 3446 1369 3510 denique

347 3522 584 3586 religione
603 3532 838 3581 teneatur,
857 3523 1038 3586 quidve
1057 3525 1270 3574 solutum
1290 3525 1372 3585 sit,

347 3618 375 3649 a
405 3598 727 3667 pontificibus
761 3599 1007 3650 definitur.
1037 3604 1166 3653 Hine
1189 3604 1258 3651 ait
1280 3604 1369 3653 Ci-

347 3698 460 3729 cero
485 3698 498 3731 :
535 3704 560 3723 α
581 3681 832 3743 religionis
881 3682 1229 3746 explanatio»,
1267 3683 1371 3730 sive

349 3780 371 3801 ιι
389 3760 726 3823 interpretatio
745 3780 770 3800 „
785 3793 800 3818 ‚
836 3759 1101 3823 aliquando
1140 3782 1162 3801 α
1177 3760 1238 3808 ab
1267 3776 1369 3808 uno

346 3837 579 3898 pontifice
597 3848 725 3885 reete
739 3837 843 3887 fieri
861 3849 1065 3902 potestn,
1079 3839 1214 3903 quod
1228 3840 1372 3887 etiam

353 3912 538 3962 ‹llxerat
558 3932 664 3980 cap.
687 3916 738 3965 6.
756 3918 924 3979 Quum
941 3927 1101 3966 sutem
1120 3940 1145 3959 α
1160 3918 1222 3965 de
1242 3918 1375 3966 eaeri·

357 3992 532 4037 moniis
556 3994 828 4043 Vestalium
845 4016 867 4037 »
898 3997 1148 4059 quaritur,
1174 3998 1214 4043 si
1241 3996 1372 4046 idem

1457 3138 1673 3191 queunt,
1702 3128 1798 3175 nisi
1828 3127 1889 3176 de
1926 3127 2133 3192 virginis
2158 3128 2328 3191 capite
2354 3126 2485 3176 simul

1450 3206 1693 3267 judicent,
1713 3222 1825 3271 quae
1848 3207 2157 3255 caerimonias
2178 3208 2377 3256 incesto
2393 3206 2485 3271 pol-

1456 3283 1601 3333 luisse
1624 3295 1871 3349 arguatur.

1526 3366 1578 3413 3.
1610 3364 1808 3412 Lentule
1821 3400 1838 3427 ‚
1860 3363 2371 3429 sententioeprinee‘pe.
2392 3364 2485 3411 Pri·

1456 3459 1565 3491 mus
1598 3442 1729 3491 enim
1760 3444 2048 3492 seutentiam
2088 3442 2291 3490 dicebat
2328 3439 2483 3491 eonsul

1461 3521 1763 3586 designatus.

1529 3608 1578 3657 4.
1594 3600 1704 3647 Non
1724 3617 1828 3649 esse
1836 3600 2097 3665 judicatus
2115 3598 2199 3647 sie.
2230 3598 2485 3663 Quomodo

1458 3678 1519 3727 de
1538 3678 1687 3727 domo
1702 3696 1809 3729 mea
1832 3680 2028 3744 loquuti
2048 3691 2165 3727 sunt
2184 3679 2485 3744 haruspices.

1458 3776 1603 3824 quam
1640 3776 1825 3809 sacram
1862 3776 1965 3809 non
2008 3776 2112 3808 esse
2144 3760 2483 3821 judicaverunt

1464 3838 1724 3903 pontifices
1738 3844 1761 3890 Ρ
1820 3832 1831 3843 ’

1535 3918 1585 3971 5.
1605 3918 1819 3985 Refer-tei
1849 3920 1942 3969 Cn.
1960 3918 2227 3967 Lentulum
2250 3931 2303 3969 et
2324 3920 2483 3985 Philip-

1465 4012 1585 4061 pum
1608 3998 1836 4047 consules
1857 3997 2137 4061 alloquitur.
