2594 4537
324 250 351 283 ⁶
544 270 935 339 oRAT1o
986 270 1185 337 PRo
1234 270 1388 339 cN.
1443 270 1926 342 PLANclo.
2165 272 2308 369 579

186 416 323 490 que
362 404 436 464 te
471 443 491 478 ,
556 414 797 486 neque
858 410 1308 485 quemquam
1364 386 1638 460 diutius
1707 390 1938 487 patiar
1965 402 1994 435 ²
2042 416 2304 468 errare.

186 506 357 575 Nam
380 555 399 587 ‚
456 502 513 572 si
560 501 729 597 quis
768 497 1038 569 idcirco
1072 498 1346 595 aliquid
1387 497 1478 570 de
1517 497 1850 571 libertate
1889 524 2048 574 mea
2083 503 2310 576 demi·
2383 560 2393 575 ,

188 626 441 683 nutum
477 622 719 708 putat,
768 607 969 705 quod
1007 630 1157 677 non
1202 604 1300 679 ab
1342 608 1684 681 omnibus
1727 610 2114 701 eisclem,‘a
2146 619 2318 712 qui-

185 722 317 792 bus
370 733 579 792 antea
632 718 887 790 solitus
940 740 1102 789 sum
1154 717 1574 808 dissentire,
1629 718 2046 793 dissentiam
2085 752 2101 794 :
2167 727 2312 822 pri-

186 854 377 901 mum
398 836 431 917 ,'
456 831 517 903 si
542 828 731 901 bene
756 828 849 901 de
880 851 999 901 me
1030 826 1306 932 meritis
1343 846 1626 928 gratum
1653 854 1772 901 me
1800 830 2125 929 praebeo,
2157 860 2314 905 non

184 940 435 1011 desino
462 944 830 1011 incurrere
856 940 935 1009 in
962 940 1237 1011 crimen
1271 938 1588 1021 hominis
1614 942 1919 1011 nimium
1947 938 2314 1029 memoris,

184 1050 634 1147 nimiumque
694 1051 923 1147 grati3
980 1049 1091 1119 sin
1141 1062 1426 1135 autem,
1486 1051 1640 1121 sine
1695 1050 1848 1121 ullo
1901 1053 2318 1152 reipublicae

185 1158 657 1247 detrimentO,
718 1160 1026 1257 respicio
1084 1162 1300 1229 etiam
1355 1158 1747 1257 aliquando
1807 1162 2110 1235 salutem
2160 1180 2318 1237 tum

186 1292 451 1355 meam,
491 1284 649 1339 tum
686 1290 1057 1356 meorum3
1097 1283 1293 1339 certe
1337 1293 1490 1339 non
1537 1269 1758 1341 modo
1810 1298 1959 1343 uon
2004 1298 2162 1345 sum
2203 1302 2318 1348 re-

184 1378 780 1476 prehendenduS,
824 1378 948 1449 sed
995 1379 1344 1471 etiam,„si
1381 1402 1596 1451 ruere
1633 1380 1894 1452 vellem
1917 1436 1936 1470 ,
1971 1382 2150 1454 boni
2183 1386 2321 1456 viri

186 1514 338 1577 me,
378 1504 461 1560 ut
502 1487 577 1559 id
619 1512 713 1561 ne
765 1486 1111 1577 facerem,
1162 1505 1526 1587 rogarent.
1583 1495 1723 1563 Res
1761 1516 1934 1563 vero
1983 1495 2138 1591 ipsa
2181 1520 2320 1618 pu-

182 1598 396 1687 blica,
440 1601 499 1671 si
542 1600 743 1697 loqui
791 1614 1079 1697 posset,
1135 1614 1380 1696 ageret
1431 1622 1756 1690 mecum,
1804 1616 1928 1687 ut,
1974 1606 2320 1699 quoniam

184 1707 321 1779 sibi
352 1713 725 1781 servissem
754 1734 1065 1808 semper,
1102 1732 1504 1807 numquam
1531 1712 1749 1799 mihi,
1777 1710 2054 1785 fructus
2079 1730 2321 1787 autem

184 1844 277 1889 ex
325 1844 477 1892 sese
530 1846 729 1908 non,
778 1836 863 1891 ut
918 1822 1400 1917 oportuisset,
1461 1820 1660 1891 laetos
1711 1838 1786 1894 et
1837 1822 2138 1916 uberes,
2194 1826 2324 1898 sed

182 1952 440 2027 magna
484 1930 875 2028 acerbitate
924 1932 1357 2027 permixtos,
1408 1930 1770 2021 tulissem,
1825 1948 1910 2003 ut
1952 1935 2101 2029 jam
2145 1936 2323 2006 mihi

182 2046 564 2129 servirem,
601 2040 1057 2112 consulerem
1109 2041 1340 2112 meis:
1394 2063 1469 2111 se
1509 2062 1658 2111 non
1704 2042 1924 2112 modo
1971 2046 2140 2115 satis
2191 2044 2322 2115 ha-

179 2150 355 2223 bere
392 2176 431 2221 a
469 2175 628 2239 me3
673 2150 801 2222 sed
840 2152 1055 2221 etiam
1094 2152 1363 2237 vereri,
1394 2174 1488 2219 ne
1524 2174 1780 2247 parum
1815 2150 1992 2221 mihi
2031 2177 2168 2251 pro
2197 2180 2320 2241 eo,

180 2262 387 2362 quod
426 2278 583 2334 tum
626 2287 668 2334 a
713 2287 829 2334 me
866 2260 1171 2334 haberet
1191 2258 1246 2350 3,
1283 2256 1737 2332 reddidisset.
1787 2260 2036 2350 Quid?
2083 2265 2143 2334 si
2187 2265 2322 2337 ho-

180 2399 347 2444 rum
392 2398 527 2472 ego
572 2373 754 2444 nihil
792 2374 1067 2470 cogito,
1102 2388 1175 2443 et
1210 2371 1400 2443 idem
1441 2395 1600 2443 sum
1637 2375 1712 2442 in
1748 2373 2154 2472 republica,
2193 2380 2325 2476 qui

176 2484 286 2566 fui
335 2508 657 2583 semper,
711 2499 1049 2555 tamenne
1090 2498 1172 2554 tu
1222 2483 1631 2555 libertatem
1677 2485 2004 2580 requires
2039 2491 2328 2560 meam?
2383 2527 2393 2538 ·

180 2619 404 2695 quam
437 2611 520 2667 tu
556 2597 767 2693 ponis
810 2598 887 2666 in
918 2621 1047 2683 e0,
1088 2597 1149 2666 si
1188 2619 1478 2692 semper
1514 2618 1681 2666 cum
1721 2595 1845 2683 iis,
1887 2595 2324 2692 quibuscum

176 2705 573 2807 aliquando
600 2705 1144 2793 contendimus»,
1182 2704 1704 2804 depugnemus.
1731 2705 1948 2796 Quod
1977 2724 2084 2779 est
2114 2709 2326 2807 longe

176 2842 413 2890 secus.
484 2819 685 2888 Stare
746 2819 940 2887 enim
1006 2839 1260 2888 omnes
1324 2815 1676 2888 debemus
1700 2813 1757 2903 ⁴,
1823 2831 2193 2913 tamquam
2245 2823 2322 2889 in

175 2928 362 3000 orbe
400 2927 645 3026 aliquo
679 2926 1095 3025 reipublicae
1119 2979 1139 3014 ,
1180 2926 1309 3024 qui
1361 2926 1706 3022 quoniam
1759 2941 2116 3018 versatur,
2161 2953 2322 3000 eam

174 3039 501 3136 deligere
531 3051 813 3136 partem
830 3033 885 3128 ⁵,
916 3035 1011 3108 ad
1043 3059 1265 3134 quam
1301 3059 1435 3106 nos
1461 3035 1650 3106 illius
1683 3035 1956 3106 utilitas
1983 3037 2323 3134 sal-usque

173 3149 1460 3222 converterit·

173 3317 297 3349 cum
322 3259 541 3348 Brittan.
562 3298 833 3346 omittunt·
808 3297 897 3346 nin
914 3297 1049 3346 hoe·
1060 3297 1209 3345 ,For-
1292 3295 1536 3343 Gruter.
1556 3293 1694 3356 quod
1719 3304 1880 3342 ortum
1907 3311 1934 3342 ι
1963 3309 2040 3343 me
2067 3295 2322 3346 heberet».

172 3393 311 3429 tam
333 3377 635 3427 delendum
615 3393 686 3425 m.
1367 3377 1416 3435 4.
1435 3375 1576 3420 Stat»
1591 3372 1718 3421 mim
1746 3389 1910 3422 omnes
1917 3375 2174 3426 debemus.
2196 3377 2322 3425 vide

251 3475 304 3506 u.
321 3457 470 3523 Quod
479 3470 557 3504 me
568 3472 618 3505 a.
638 3455 887 3521 nega-etl...
898 3453 1210 3519 patiar-‚Vim
1296 3468 1408 3520 qua
1439 3451 1500 3500 de
1526 3451 1624 3500 boc
1647 3463 1936 3515 argumento
1962 3453 2110 3502 docte
2147 3455 2324 3522 dispu-

168 3540 269 3588 lib.
292 3541 317 3586 1
332 3573 350 3598 ,
378 3539 517 3603 epist.
537 3537 569 3582 6
600 3537 849 3586 Ciceronis
876 3535 939 3582 ad
960 3535 1179 3584 Atticum
1195 3568 1210 3592 ‚
1299 3543 1398 3591 tut,
1430 3531 1574 3580 etiam
1591 3547 1658 3580 ex
1675 3531 2085 3597 philomphorum
2107 3533 2246 3584 libri·
2268 3537 2321 3584 in

167 3630 228 3668 et
254 3618 347 3666 lib.
368 3618 393 3665 1
418 3617 481 3664 ad
506 3617 621 3665 Div.
647 3615 791 3680 epist.
813 3629 845 3677 9
870 3614 933 3663 ad
952 3615 1211 3663 Lentulum
1299 3614 1445 3677 epist.
1467 3627 1523 3673 9,
1547 3611 1640 3662 lib.
1660 3614 1685 3659 1
1701 3646 1720 3675 ,
1755 3611 1819 3658 ud
1839 3611 2116 3662 Lentulum.
2140 3615 2321 3666 Erfurt.

166 3700 525 3762 imperatorem
546 3732 560 3756 ,
610 3697 663 3744 iu
701 3711 797 3759 qun
840 3693 1211 3742 excusabuudus
1299 3692 1479 3740 rectius
1497 3725 1512 3750 ,
1553 3713 1576 3734 ι
1599 3691 1684 3756 qui
1728 3691 1983 3754 quomodo
2025 3703 2239 3741 verentur
2259 3716 2286 3738 a·
2307 3729 2324 3753 ,

168 3776 453 3842 respondet
476 3792 567 3824 cur
589 3775 643 3822 iu
664 3773 867 3838 grafium
892 3787 1003 3822 cum
1026 3771 1213 3821 Caute
1299 3771 1416 3819 loco
1439 3773 1563 3835 «qui
1597 3771 1832 3835 quoniam
1869 3783 2086 3820 versatur
2101 3793 2148 3822 ο.
2185 3774 2323 3824 Mun.

166 3857 421 3906 rediisset.
1299 3871 1326 3892 α
1343 3867 1494 3914 quum
1517 3861 1731 3900 versetur
1743 3871 1791 3901 a,

252 3937 305 3984 3.
342 3937 489 4001 Quod
504 3947 603 3983 mm
630 3951 667 3980 a
692 3949 767 3981 πω
784 3931 997 3982 haberet.
1015 3933 1207 3980 Ernest.
1371 3929 1420 3977 5.
1473 3931 1602 3977 Eam
1653 3929 1870 3994 deligere
1918 3941 2135 3995 par-eom.
2177 3935 2212 3984 J
2215 3945 2322 3983 unt.

163 4015 332 4063 habet
384 4037 409 4055 ‹-
436 4013 575 4080 quod
616 4013 715 4072 jam
750 4029 777 4059 a
824 4027 903 4060 me
945 4009 1145 4058 haberet
1170 4031 1209 4057 ι.
1302 4011 1432 4061 Crat.
1471 4011 1680 4074 Hei-vag.
1702 4013 1756 4059 P.
1787 4012 1982 4058 Manut.
2023 4012 2090 4062 G.
2133 4013 2324 4078 Gryph.

1964 4097 2078 4193 37.
