2594 4537
332 258 1084 355 COMMENTARIUS
1131 259 1443 331 scHoL.
1484 260 1871 331 AMBRos,
2093 286 2183 358 79

84 387 334 469 Nosm
358 386 712 456 RELIQVA
736 382 990 454 ESSET3
1015 384 1236 441 HAVD
1263 380 1544 461 Sc10(1)
1570 384 1679 443 AN
1706 386 2191 447 LVBENTIBUS

83 488 124 540 A
145 483 362 543 voms
389 480 956 541 IMPETRASSEM.

159 684 212 727 2.
285 660 576 735 Etenim
633 658 712 725 in
759 675 906 751 qua
959 654 1242 725 civitate
1296 678 1455 725 rem
1516 668 1791 727 tantam
1848 660 2189 753 gesserim

83 770 388 855 memini,
418 768 498 837 in
534 790 682 863 qua
717 762 902 835 urbe
937 788 1202 852 verser,
1231 764 1573 861 intelligo.
1608 765 1907 836 Plenum
1948 765 2188 837 forum

84 894 168 950 est
208 870 464 953 ebrum
508 877 888 947 hominum
913 929 932 961 ‚
995 900 1181 971 quos
1237 898 1373 971 ego
1418 899 1457 943 a
1502 876 1753 947 vestris
1796 876 2191 949 cervicibus

82 984 335 1085 depuli,
370 986 684 1083 judices,
724 1010 766 1056 a
805 988 985 1055 meis
1020 1010 1170 1054 non
1215 988 1511 1079 removi.
1704 978 1709 985 ’

147 1152 356 1226 Figura
371 1150 458 1228 (2)
481 1146 718 1225 quidem
739 1148 798 1205 in
829 1144 1193 1204 orationibus
1215 1144 1481 1223 plurimis
1508 1146 1871 1223 frequentata
1894 1149 2192 1223 Ciceroni,

83 1247 350 1320 qmvelut
373 1244 578 1302 divino
611 1242 864 1321 quodam
895 1242 1104 1301 mentis
1134 1241 1412 1300 instinctu
1436 1243 1827 1301 imminentem
1856 1244 1965 1303 sibi
1996 1250 2194 1324 provi-

85 1340 228 1401 debat
249 1342 534 1401 invidiam
549 1382 566 1411 ,
595 1354 654 1398 et
675 1360 748 1399 ex
777 1360 846 1398 ea
867 1340 1192 1417 perieulum
1215 1338 1375 1417 quod
1401 1338 1610 1397 evenit.
1623 1344 1843 1399 Verum
1862 1342 2001 1401 mihi
2026 1344 2193 1403 altius

83 1440 445 1498 consideranti
473 1438 626 1496 hanc
649 1456 880 1496 omnem
911 1456 1086 1514 quam
1109 1436 1373 1495 localiter
1394 1436 1587 1495 intulit
1590 1438 1853 1513 figuram
1877 1437 1961 1518 (3)
1996 1460 2196 1499 occur-

87 1536 146 1591 rit
166 1537 467 1595 vehemens
486 1581 505 1607 ‚
550 1548 610 1594 et
651 1534 724 1593 ad
769 1552 1003 1593 causam
1029 1538 1092 1591 P.
1131 1534 1309 1593 Sunae
1333 1532 1643 1591 salubriter
1670 1534 1965 1614 pertinens
1991 1537 2193 1596 virtus,

83 1638 206 1692 Nam
231 1654 412 1712 quum
449 1634 512 1692 in
541 1634 815 1711 praesenti
849 1632 1222 1691 exsecutione
1251 1642 1521 1703 testetur,
1550 1632 1844 1691 exstinctis
1861 1632 1980 1711 jam
2007 1634 2194 1713 pluri-—

85 1731 172 1788 mis
198 1731 460 1790 hostibus
492 1731 728 1809 patriae,
758 1748 1060 1810 superesse
1092 1743 1282 1787 tamen
1312 1728 1757 1787 innumerabiles
1798 1731 1900 1807 qui
1932 1730 2043 1789 sibi
2084 1752 2195 1790 no—

85 1844 196 1885 cere
217 1828 368 1889 votis
397 1826 738 1886 ardentibus
779 1826 1047 1905 cupiant,
1087 1826 1202 1883 hoc
1244 1824 1371 1883 sine
1406 1824 1587 1883 dubio
1622 1826 1897 1905 relinquit
1930 1827 2193 1905 judicum

90 1924 250 1983 tacitis
277 1924 726 2003 cogitationibus
745 1967 762 1993 ‚
802 1942 1116 2001 numquam
1147 1942 1210 1981 se
1238 1922 1314 1979 ad
1344 1920 1771 1981 defendendum
1796 1926 2015 1984 Sullam
2050 1948 2193 2004 pro-

89 2038 357 2080 cessurum
386 2022 565 2081 fuisse
585 2066 603 2095 ‚
649 2023 698 2081 si
725 2040 860 2079 eum
885 2020 975 2078 vel
1003 2020 1176 2079 tenui·
1195 2019 1395 2097 aliquo
1420 2032 1762 2095 argumento
1794 2022 2037 2081 sensisse
2065 2044 2195 2081 eum

89 2115 320 2177 hostibus
347 2118 494 2197 reip.
512 2120 922 2198 suspicaretur,
945 2118 1040 2175 cui
1063 2115 1409 2175 minuendus
1431 2127 1581 2173 esset
1600 2115 1755 2174 illius
1781 2116 2197 2195 conjurationis

89 2232 362 2289 numerus,
392 2234 470 2273 ne
501 2214 700 2294 plures
731 2214 791 2273 in
821 2227 1118 2292 posterum
1152 2210 1266 2271 sibi
1297 2224 1621 2270 reservaret
1634 2210 1715 2292 (Ι.)
1742 2212 2023 2274 inimicos.

167 2413 242 2477 X.
285 2405 506 2498 Quod
551 2429 780 2503 quum
825 2410 886 2476 is
924 2404 1264 2476 tribunos
1289 2411 1383 2491 (5)
1432 2405 1527 2502 pl.
1570 2402 1778 2494 facit,
1840 2409 1968 2503 qui
2003 2433 2195 2481 unus

88 2515 344 2588 videtur
381 2541 472 2588 ex
506 2515 646 2586 illis
689 2515 778 2586 ad
826 2515 1182 2611 lugendos
1229 2515 1647 2610 conjuratos
1698 2516 2031 2606 relictus,
2072 2546 2195 2592 ne·-

89 2627 242 2698 mini
257 2631 522 2698 mirum
547 2640 692 2697 est:
714 2623 1006 2695 difficile
1033 2639 1140 2697 est
1161 2629 1357 2694 enim
1385 2639 1621 2696 tacere
1642 2651 1871 2722 quum
1894 2627 2153 2702 doleas,

155 2797 462 2854 hsectntur
493 2791 718 2852 invidia
749 2793 968 2871 majore
995 2797 1363 2868 Torquatum
1387 2813 1402 2850 :
1432 2805 1491 2850 et
1519 2813 1701 2869 quum
1738 2793 1815 2852 sit
1842 2794 1915 2852 ab
1943 2796 2045 2854 illo
2074 2798 2195 2875 ipse

91 2892 479 2968 reprehensus,
520 2891 682 2969 quasi
719 2903 944 2950 mutato
971 2891 1276 2969 proposito
1302 2891 1645 2962 voluntatis⁵
1670 2891 1771 2968 qui
1797 2894 2057 2952 Catilinae
2083 2915 2197 2973 op-

93 2991 332 3062 presserit
365 2989 860 3067 conjurationem,
889 2989 1006 3046 reis
1045 3002 1236 3046 tamen
1276 2987 1533 3064 ejusdem
1578 2989 1833 3046 criminis
1874 2992 2199 3066 patrocine-

93 3094 195 3154 tur3
219 3105 376 3144 versa
397 3085 834 3164 quodammodo
862 3085 990 3143 vice
1022 3085 1210 3162 ipsum
1241 3089 1605 3160 Torquatum
1637 3086 1802 3164 quasi
1834 3085 2193 3147 defensorem

93 3181 474 3259 conjurationis
497 3183 820 3256 insimulat,
856 3195 913 3240 et
945 3181 1086 3240 dicit
1113 3181 1326 3240 imitari
1354 3201 1485 3240 eum
1513 3181 1809 3242 tribunum
1832 3184 1911 3262 pl.
1940 3185 2039 3262 qui
2065 3207 2195 3244 mo-

97 3275 210 3336 leste
245 3303 440 3360 poenas
479 3281 782 3340 hominum
827 3280 1196 3359 publicorum
1220 3279 1313 3358 (6)
1373 3279 1535 3338 ferat.
1589 3280 1879 3360 Significat
1928 3283 2197 3342 videlicet

153 3482 340 3548 (1)Seio
366 3489 472 3554 ipae
497 3490 737 3554 supplevi.
759 3492 822 3536 A.
841 3491 915 3538 M.

155 3567 224 3630 (²)
245 3569 457 3634 Spatium
479 3573 532 3620 in
560 3572 730 3620 codiee
745 3607 760 3634 ,
781 3571 918 3636 qnod
940 3571 1123 3635 replevi
1146 3571 1302 3619 verbo
1307 3570 1503 3638 figura.
1528 3571 1589 3618 A.
1616 3572 1689 3618 Μ.

156 3649 225 3716 (3)
255 3655 428 3703 lterum
449 3657 678 3721 spatium,
700 3655 837 3720 quod
855 3655 1040 3720 replevi
1058 3666 1113 3703 ut
1132 3671 1299 3720 supra.
1324 3651 1387 3702 A.
1412 3654 1488 3701 M.

159 3733 228 3796 (⁴)
255 3735 372 3788 Cod.
398 3751 592 3788 reseret.
617 3742 680 3788 A.
707 3741 782 3787 M.

160 3815 226 3876 (5)
251 3821 557 3870 Arehnismns
576 3837 670 3888 pro
693 3820 927 3871 tn'bemm.
955 3823 1016 3870 A.
1031 3823 1105 3870 M.

161 3895 228 3960 (5)
260 3903 440 3970 Nempe
461 3919 660 3954 reorum
681 3903 885 3952 erimine
915 3905 1188 3966 majestatis.
1216 3903 1401 3953 Confer
1430 3898 1729 3965 Digest.1ib.
1762 3899 2003 3962 xtvm,
2045 3905 2117 3953 tit.
2149 3921 2191 3962 ι,

101 3975 178 4039 ¹⁶3.
201 3987 319 4034 1.A.
340 3989 407 4038 Μ.
