2594 4537
856 288 1057 359 ABG
1071 287 1501 359 UMENTU
1514 289 1611 358 M.
2254 289 2297 364 5

285 411 362 468 Et
389 405 694 486 quoniam
725 410 1054 486 Torquatus
1079 409 1422 488 quaestiones
1454 428 1523 468 ac
1546 422 1834 472 tormenta
1860 429 2164 471 servorum
2194 415 2295 471 mi·

209 517 380 562 natus
409 517 550 564 erat
570 547 591 579 ‚
621 505 836 566 cicero
857 525 920 564 se
947 505 1180 584 quidem
1211 506 1274 564 in
1302 506 1373 566 iis
1398 505 1544 566 nihil
1569 507 1815 586 periculi
1834 507 2113 587 suspicari
2130 553 2147 581 ,
2176 522 2299 568 tor-

207 615 404 660 menta
435 614 648 660 tamen
688 600 1034 680 plerumque
1065 602 1293 662 veritati
1323 602 1439 662 loci
1474 601 1620 661 nihil
1656 603 2012 682 relinquere,
2038 617 2100 664 et
2131 625 2297 684 quae-

203 699 482 758 ationem-
507 699 727 780 potius
765 697 844 757 de
866 699 987 758 vita
1008 701 1183 760 Sunae
1200 743 1219 774 ,
1245 719 1423 778 quam
1450 700 1829 780 quaestionem
1871 701 1948 761 de
1978 703 2161 762 servis
2186 724 2294 784 per

203 808 502 856 tormenta
545 795 893 860 habendam
941 815 1065 856 esse
1105 797 1362 858 ostendit
1379 839 1397 870 ,
1456 800 1553 857 28.
1610 804 1881 879 Magnum
1928 821 2072 862 vero
2118 802 2297 862 Sullae

199 893 552 973 praemium
576 913 714 954 esse
739 893 956 954 debere
977 896 1040 953 in
1059 895 1323 956 virorum
1350 895 1740 956 consularium
1766 898 2207 960 auctoritatibus
2236 915 2295 960 et

203 1010 308 1050 suo
341 992 542 1071 ipsius
569 992 916 1052 testimonio
929 1035 950 1067 ‚
981 1012 1060 1070 ²9
1076 1036 1095 1064 ,
1124 993 1220 1056 30..

271 1093 600 1149 Postremo
642 1102 888 1149 testatur
923 1089 1064 1150 deos
1105 1109 1168 1148 se
1210 1089 1441 1170 integro
1476 1090 1671 1150 animo
1698 1109 1767 1150 ae
1808 1089 1997 1152 libero
2026 1097 2089 1152 P.
2116 1094 2290 1154 Sullae

197 1205 432 1246 causam
482 1185 852 1260 defendere,
900 1187 970 1246 31
997 1211 1016 1258 ;
1059 1207 1310 1267 eumque
1330 1187 1596 1266 judicum
1622 1189 2053 1248 mansuetudini
2081 1203 2140 1249 et
2175 1190 2289 1250 hu-

195 1285 464 1348 manitati
502 1284 926 1358 commendat,
966 1285 1059 1344 32.

265 1368 650 1453 'Absolutum
677 1403 806 1442 esse
828 1386 892 1442 P.
914 1385 1132 1444 Sullam
1155 1396 1419 1459 constat3
1466 1403 1621 1444 anno
1642 1386 1761 1464 699
1792 1385 1944 1444 euim
1972 1382 2287 1446 Gabinium

71 1531 88 1540 -
192 1477 266 1537 de
291 1479 532 1542 ambitu
558 1481 888 1540 accusavit.
915 1485 1065 1562 Epp.
1085 1481 1160 1542 ad
1185 1488 1260 1558 Q.
1282 1486 1465 1542 Fratr.
1498 1487 1619 1556 111,
1652 1484 1724 1546 3..
