2594 4537
386 274 516 357 142

1005 271 1106 340 M.
1159 267 1236 338 Τ.
1291 270 1879 342 CICERONIS

375 394 660 467 eundiae
711 394 966 490 religio
1031 415 1590 492 nonnumquam
1647 395 2123 495 repugnabat.
2180 400 2485 473 Inimicus
2558 456 2560 460 .

372 507 470 577 Μ.
502 506 882 593 Coelius¹⁰‚
919 502 1158 602 quod,
1201 528 1431 601 quum
1468 507 1547 575 in
1586 529 1667 576 re
1704 503 2083 577 manifesta
2108 502 2477 605 putassev·
2559 532 2560 570 1

375 615 578 689 nefas
599 638 754 687 esse
770 671 790 704 ,
819 613 1287 715 publicanum
1313 616 1641 711 judicare
1664 632 1916 689 contra
1938 616 2480 716 publicanum¹²‚
2558 640 2561 679 7

379 725 702 798 sublatus
751 740 902 799 erat
947 750 988 797 e
1027 750 1339 797 numero
1376 742 1973 825 recuperatorum
1996 725 2105 798 13:
2136 744 2374 801 tamen
2399 745 2482 802 te·

378 836 540 908 nuit
571 860 687 922 se,
731 860 972 933 neque
1017 836 1254 907 attulit
1303 838 1377 907 in
1420 836 1775 933 judicium
1822 838 2227 937 quidquam
2275 842 2364 913 ad
2396 844 2483 913 lae-
2559 898 2560 902 η

378 946 742 1037 ἀεηᾶυπι,
785 950 924 1017 nisi
967 946 1437 1019 voluntatem.

474 1062 561 1130 V.
611 1062 702 1128 Hi
751 1058 812 1129 si
863 1059 1090 1127 Graeci
1145 1054 1490 1148 fuissent,
1538 1082 1623 1130 ac
1674 1060 1815 1131 nisi
1849 1062 2082 1132 nostri
2136 1086 2378 1135 mores
2422 1088 2484 1134 ac
2558 1083 2561 1124 ³

377 1166 755 1267 disciplina
807 1167 972 1266 plus
1023 1167 1349 1240 valerent
1377 1179 1427 1258 ¹,
1470 1192 1693 1266 quam
1747 1166 1961 1241 dolor
2012 1194 2097 1243 ae
2142 1172 2481 1243 simultas:
2558 1212 2560 1237 2

375 1303 630 1351 omnes
683 1300 761 1351 se
819 1278 1162 1377 spoliatos
1187 1334 1204 1364 ‚
1257 1292 1551 1351 vexatos
1572 1334 1591 1368 ,
1648 1276 1957 1351 fortunis
2020 1305 2314 1353 eversos
2360 1307 2487 1354 esse
2558 1302 2561 1344 i

377 1390 742 1461 dixissent.
769 1394 1060 1461 Graecus
1088 1389 1282 1459 testis
1310 1412 1541 1485 quum
1572 1414 1659 1461 ea
1683 1390 2058 1462 voluntate
2087 1395 2488 1489 proces-siv,
2558 1414 2560 1481 ι

377 1512 460 1571 ut
513 1500 760 1587 laedat,
807 1526 960 1571 non
1006 1499 1521 1595 jurisjurandi,
1562 1499 1688 1572 sed
1740 1498 2044 1571 laedendi
2098 1501 2325 1574 verba
2372 1526 2491 1571 me-
2556 1522 2561 1565 τ

377 1607 733 1699 ditatur³;
797 1611 988 1680 vinei
1012 1661 1032 1696 ‚
1084 1608 1359 1696 refelli,
1398 1611 1693 1708 coargui
1740 1624 1949 1707 putat
1982 1634 2141 1681 esse
2190 1612 2489 1710 turpissi-

373 1746 613 1808 mum3
663 1720 757 1793 ad
803 1720 877 1793 id
923 1744 998 1792 se
1039 1734 1277 1818 parat3
1331 1720 1512 1792 nihil
1550 1720 1745 1791 aliud
1786 1735 2012 1791 curat.
2057 1725 2315 1819 Itaque
2362 1746 2489 1792 non

374 1836 697 1930 optimus
744 1835 1056 1930 quisque
1078 1887 1098 1920 ‚
1143 1856 1279 1903 nec
1325 1833 1817 1929 gravissimu5‚
1862 1832 1987 1903 sed
2038 1832 2489 1931 impudentis-

374 1944 602 2014 simus
643 1942 1341 2039 loquacissimusque
1380 1940 1742 2039 deligitur.
1769 1947 1921 2013 Vos
1964 1960 2211 2015 autem
2256 1950 2331 2015 in
2376 1945 2490 2042 pri-

373 2052 552 2123 vatis
586 2054 1048 2123 minimarum
1084 2076 1329 2123 rerum
1362 2050 1651 2145 judiciis
1681 2067 1937 2124 testem
1974 2052 2365 2152 diligenter
2386 2079 2490 2125 ex-

372 2164 743 2262 penditis:
800 2166 1017 2234 etiam
1073 2164 1134 2233 si
1187 2158 1497 2235 formam
1552 2162 1908 2249 hominis,
1972 2164 2031 2235 si
2090 2188 2399 2253 nomen,
2444 2164 2491 2234 si

370 2275 642 2348 tribum
698 2278 976 2361 nosti5‚
1035 2297 1278 2344 mores
1342 2289 1583 2344 tamen
1664 2274 2147 2371 exquirendos
2216 2277 2487 2375 putatis.

371 2387 518 2477 Qui
551 2389 838 2458 autemff*
877 2383 1574 2454 dicit'testimonium
1598 2409 1686 2454 ex
1718 2382 2019 2456 nostris⁵
2049 2387 2490 2473 hominibuS,

449 2621 532 2655 to.
549 2607 623 2653 M.
645 2603 835 2652 Goeh‘us.
850 2605 1038 2663 Patrem
1052 2603 1184 2652 hunc
1197 2602 1395 2668 Sylvius

371 2684 634 2734 arbitratur
663 2681 833 2742 coelii,
859 2697 1002 2746 quem
1029 2683 1202 2731 Cicero
1231 2682 1394 2730 desen·

373 2763 478 2821 dit,
511 2773 560 2812 et
583 2777 730 2827 quem
760 2777 824 2810 ex.
848 2759 1064 2826 etjuestri
1091 2761 1261 2809 ordine
1289 2778 1393 2809 esse

372 2843 528 2969 dicier.
577 2921 825 2969 Putasne.
873 2919 1072 2967 Flaccus
1111 2918 1241 2967 Asiae
1286 2931 1393 2968 tum

369 3011 566 3068 praetor.

447 3096 526 3130 ια.
554 3078 894 3130 Publicanum.
926 3075 1178 3124 Publiceni
1205 3076 1393 3141 equites

365 3171 502 3209 erant
515 3176 540 3207 n
546 3158 651 3224 pud
664 3160 912 3206 Romanos
927 3157 1237 3222 publicorum
1249 3159 1394 3205 vecti-

366 3239 545 3305 galium
579 3237 925 3301 redemptores.
963 3236 1138 3286 Cicero
1177 3238 1227 3283 in
1265 3247 1389 3286 orat.

367 3335 460 3385 pro
496 3319 708 3377 Planco,
742 3333 806 3380 9,
839 3317 944 3365 sit:
976 3339 1000 3357 «ι
1023 3315 1134 3364 Flos
1170 3317 1388 3380 equitum
1430 3366 1437 3374 ,

366 3413 676 3448 romanorum
688 3431 704 3458 ,
716 3406 1054 3444 ornamentum
1071 3395 1296 3454 civitatis,
1310 3393 1389 3442 fir·

365 3489 660 3528 mamentnm
697 3475 978 3542 reipublicae
1015 3475 1389 3540 publicanorum

363 3557 536 3607 ordine
553 3555 835 3605 continetur
852 3577 894 3602 n.
919 3582 990 3592 -—-
1005 3555 1236 3603 Sublacus
1263 3567 1386 3604 erae.

361 3641 473 3703 ipse
492 3635 691 3687 Coelius.

437 3717 518 3766 13.
542 3717 966 3778 Recuperatorum.
991 3715 1050 3760 In
1077 3713 1234 3761 causis
1261 3713 1386 3761 civi·

361 3795 490 3844 libus
511 3806 692 3861 praetor
715 3803 1082 3858 recuperatores
1104 3791 1276 3852 dabat,
1297 3793 1386 3856 qui

365 3875 424 3923 de
445 3874 811 3936 iisjiidicarent.
837 3873 1039 3920 ‘Flaccus
1064 3883 1226 3919 autem
1254 3873 1388 3920 nefas

362 3971 464 4003 esse
512 3955 766 4020 putaverat
814 3952 1022 4002 Coelium
1068 3951 1385 4015 publicanum

359 4034 526 4083 sedere
547 4031 762 4093 iudicem
788 4041 956 4078 contra
982 4029 1128 4078 alium
1166 4029 1387 4094 publica-

1481 2621 1601 2654 num
1614 2640 1629 2664 ,
1660 2606 1909 2666 manifeste
1934 2624 2071 2656 reum
2084 2643 2099 2666 ,
2128 2625 2281 2673 quem
2310 2621 2495 2678 propter

1480 2683 1759 2744 sodalitium
1784 2685 2077 2736 absolveret.

1548 2764 1611 2811 V.
1639 2779 1659 2810 1
1670 2798 1682 2811 .
1702 2765 1817 2813 Nisi
1830 2767 1983 2814 nostri
1996 2783 2154 2816 mores
2171 2785 2235 2817 ac
2252 2767 2498 2834 disciplina

1470 2842 1586 2907 plus
1600 2843 1844 2892 valerent.
1868 2844 1930 2916 Id
1956 2857 2059 2906 est,
2088 2847 2131 2895 si
2160 2839 2379 2914 cognitio
2402 2861 2494 2895 mo·

1480 2935 1586 2968 rum
1613 2933 1895 2972 nostrorum
1917 2940 2019 2972 non
2045 2941 2222 2976 vocem
2246 2925 2495 2994 praelude-

1480 3011 1555 3048 ret
1580 3001 1740 3049 dolori
1760 3018 1817 3050 ac
1838 3003 2095 3054 simultati.

1552 3096 1601 3129 2.
1634 3083 1888 3134 Processit.
1918 3083 2019 3132 Alii
2032 3120 2048 3144 ,
2064 3085 2317 3150 procedit.

1552 3161 1602 3208 3.
1633 3163 1799 3209 Verba
1827 3163 2107 3212 meditatur.
2149 3167 2325 3215 Parum
2350 3175 2493 3212 curat.
2559 3199 2560 3210 ,

1478 3239 1669 3300 Cicero,
1687 3241 1787 3292 off.
1808 3245 1883 3291 111
1897 3279 1913 3304 ,
1940 3261 2007 3307 29
2029 3261 2044 3293 ε
2066 3268 2093 3287 e·
2110 3247 2169 3293 In
2194 3245 2498 3310 jurejurando
2559 3299 2560 3304 ¹

1477 3335 1579 3366 non
1602 3320 1687 3384 qni
1705 3331 1888 3384 metus,
1904 3323 1990 3371 sed
2012 3339 2122 3387 quae
2147 3327 2220 3372 vis
2239 3329 2304 3374 sit
2324 3363 2340 3388 ,
2364 3323 2499 3372 debet
2558 3329 2560 3362 i

1476 3398 1699 3461 intelligi.
1728 3400 1813 3448 Est
1840 3403 1969 3448 enim
1993 3405 2339 3465 jusjurandum
2372 3402 2499 3451 affir-

1478 3477 1627 3525 matio
1646 3477 1886 3543 religiosa.
1906 3481 2055 3544 Quod
2074 3495 2241 3531 autem
2260 3482 2501 3536 affirmate.

1477 3557 1613 3620 quasi
1638 3557 1731 3606 deo
1754 3569 1904 3620 teste,
1928 3563 2209 3624 promiseris
2227 3598 2243 3623 ,
2265 3563 2317 3611 id
2340 3573 2499 3610 tenen-

1477 3635 1593 3682 dum
1614 3647 1685 3684 est
1706 3659 1751 3685 a.
1777 3641 1895 3703 Leg.
1919 3641 1967 3686 11
1988 3677 2002 3697 ‚
2027 3657 2054 3702 7
2082 3656 2095 3690 ε
2118 3645 2320 3704 «Quam
2340 3651 2501 3690 saneta

1476 3717 1538 3762 sit
1555 3715 1762 3764 societas
1786 3719 1966 3766 civium
1985 3721 2115 3768 inter
2133 3720 2267 3784 ipsos
2296 3721 2389 3768 diis
2414 3721 2504 3767 im·
2559 3769 2560 3772 ,

1477 3796 1765 3846 mortalibus
1785 3799 2112 3864 interpositis,
2136 3813 2238 3848 tum
2261 3801 2505 3863 judicibus

1478 3885 1582 3922 tum
1613 3877 1817 3924 testibus
1835 3899 1879 3925 n.
1930 3869 1938 3878 ⁰

1550 3955 1702 4011 4.A1.
1727 3980 1751 3997 «ι
1776 3957 1861 4021 qui
1887 3969 1989 4004 tum
2012 3979 2053 4004 ι.
2083 3959 2214 4008 LV.
2238 3959 2292 4009 L.

1551 4037 1597 4080 5.
1643 4036 1727 4082 Ex
1763 4035 1935 4083 nostris
1973 4035 2260 4088 hominibus.
2303 4039 2365 4086 Id
2408 4049 2505 4092 est,
