2594 4537
547 335 555 343 ,
624 278 1010 348 ORATIO
1062 280 1263 348 PRO
1313 278 1471 348 CN.
1519 281 1987 351 PLANCIO.
2240 284 2379 357 515

243 395 436 483 ullo,
472 393 820 493 dignitate
857 401 1176 494 potuisse
1209 403 1533 498 superari
1560 399 1829 472 dixero.
1853 406 2107 501 Itaque
2149 405 2376 480 disce-

245 505 414 578 dam
468 505 562 576 ab
610 531 692 577 ea
742 511 1209 580 contentione
1233 521 1252 552 ¹
1276 563 1294 596 ,
1340 509 1430 580 ad
1470 525 1686 607 quam
1723 526 1810 582 tu
1843 538 1958 584 me
1994 539 2204 590 vocas
2228 573 2247 604 ,
2307 534 2380 592 et

243 621 534 687 veniam
566 617 656 688 ad
694 618 978 706 illam²,
1010 618 1101 690 ad
1142 644 1362 717 quam
1425 644 1542 691 me
1599 645 1812 694 causa
1860 625 2013 722 ipsa
2061 625 2376 700 deducit.

245 725 489 818 Quid?
534 740 615 798 tu
675 727 1038 826 dignitatis
1089 727 1456 825 judicem³
1501 745 1711 828 putas
1762 757 1916 805 esse
1965 737 2381 833 populum?

247 841 571 909 Fortasse
585 863 1138 938 nonnumquam
1161 855 1287 912 est.
1307 841 1599 912 Utinam
1617 866 1787 914 vero
1808 867 2094 944 semper
2109 849 2139 898 ⁴
2160 849 2376 921 esset!

250 944 379 1017 sed
419 961 528 1017 est
569 972 904 1045 perraro,
940 964 1012 1020 et
1045 951 1102 1021 si
1138 949 1432 1047 quando
1468 966 1575 1022 est
1598 955 1827 1038 ,iniis
1850 958 2381 1053 magistratibus

249 1069 362 1126 est
386 1056 811 1128 mandandis
829 1112 848 1147 ,
869 1057 1139 1156 quibus
1176 1060 1480 1131 salutem
1507 1085 1709 1133 suam
1735 1067 2089 1139 committi
2125 1085 2331 1166 putat
2362 1100 2377 1141 ε

250 1163 364 1238 his
397 1166 789 1240 levioribus
823 1172 1167 1253 comitiis,
1197 1170 1600 1267 diligentia,
1639 1186 1710 1244 et
1734 1177 1958 1270 gratia
1984 1181 2379 1275 petitorum

250 1275 490 1348 honos
535 1277 904 1378 paritur5,
946 1305 1098 1352 non
1137 1283 1222 1352 iis
1281 1285 1757 1370 01·namentiS‚
1798 1310 1961 1380 quae
2006 1312 2158 1360 esse
2196 1293 2272 1362 in
2311 1307 2383 1362 te

249 1387 606 1462 videmus.
656 1394 880 1480 Nam,
933 1389 1136 1488 quod
1181 1390 1271 1463 ad
1312 1393 1671 1490 populum
1712 1397 2061 1490 pertinet,
2100 1422 2386 1497 semper

248 1497 617 1597 dignitatis
647 1503 941 1600 iniquus
971 1501 1196 1598 judex
1229 1517 1373 1592 est,
1396 1508 1523 1602 qui
1542 1519 1665 1576 aut
1690 1503 2000 1593 invidet,
2025 1523 2153 1578 aut
2168 1507 2383 1582 favet.

249 1611 712 1710 Quamquam
745 1612 928 1683 nihil
955 1629 1162 1710 potes
1191 1614 1267 1682 in
1293 1628 1365 1686 te
1384 1669 1403 1700 ,
1430 1616 1829 1684 Laterensis
1850 1669 1869 1700 ‚
1906 1617 2349 1691 constituere
2366 1675 2384 1704 ,

246 1721 450 1819 quod
493 1727 584 1794 sit
624 1724 1004 1822 proprium
1054 1720 1284 1793 laudis
1334 1737 1509 1811 tuae,
1562 1724 1741 1820 quin
1774 1722 1846 1794 id
1888 1724 2019 1796 tibi
2058 1727 2147 1796 sit
2185 1752 2382 1798 com-

249 1857 474 1905 mune
503 1858 668 1906 oum
710 1835 1018 1906 Plancio.
1063 1831 1203 1904 Sed
1243 1832 1386 1904 hoc
1420 1847 1657 1904 totum
1695 1848 1947 1930 agetur
1988 1835 2126 1906 alio
2162 1835 2323 1909 loco
2365 1867 2379 1909 :

246 1966 448 2013 nunc
483 1959 769 2015 tantum
806 1943 1099 2042 disputo
1143 1942 1236 2014 de
1266 1943 1428 2039 jure
1465 1943 1764 2041 populi;
1825 1947 1954 2041 qui
1991 1961 2065 2016 et
2104 1961 2385 2044 potest,

246 2065 322 2122 et
363 2051 546 2122 solet
579 2077 1134 2151 nonnumquam
1167 2052 1424 2150 dignos
1456 2055 1854 2148 praeterire3
1897 2078 2064 2141 nec,
2106 2058 2166 2126 si
2189 2083 2229 2128 a
2253 2084 2383 2156 po-

248 2160 426 2260 pulo
459 2165 860 2258 praeteritus
904 2178 1054 2250 est,
1094 2189 1316 2261 quem
1350 2187 1499 2234 non
1536 2165 1901 2259 oportuit,
1944 2189 1985 2234 a
2016 2166 2384 2260 judicibus

247 2272 846 2346 condemnandus
881 2290 1032 2361 est,
1084 2276 1212 2372 qui
1255 2265 1665 2372 praeteritus
1722 2299 1873 2345 non
1924 2290 2054 2347 est.
2102 2280 2286 2349 Nam
2326 2282 2383 2351 si

244 2386 348 2454 ita
383 2399 603 2471 esset,
641 2383 843 2481 quod
889 2381 1172 2484 patres⁶
1211 2382 1404 2481 apud
1437 2382 1746 2479 majores
1796 2398 2085 2456 nostros
2136 2400 2383 2459 tenere

246 2517 401 2564 non
436 2508 875 2591 potuerunt,
909 2510 994 2567 ut
1019 2494 1583 2592 reprehensores
1611 2507 1851 2565 essent
1883 2497 2344 2567 comitiorum
2364 2554 2383 2586 ,

245 2598 321 2671 id
357 2600 709 2674 haberent
753 2601 1116 2700 judices'73
1161 2604 1309 2689 vel,
1357 2601 1559 2701 quod
1605 2603 1838 2675 multo
1891 2610 2105 2677 etiam
2144 2610 2382 2679 minus

246 2726 434 2783 esset
458 2710 864 2784 serendum.
886 2717 1067 2785 Tum
1103 2714 1296 2784 enim
1332 2716 1825 2810 magistratum
1853 2708 2051 2785 ῐιοῐι8
2087 2716 2383 2812 gerebat

247 2823 306 2893 is
329 2878 348 2911 ,
395 2824 525 2921 qui
561 2837 886 2924 ceperat,
933 2826 990 2893 si
1040 2838 1278 2920 patres
1330 2836 1661 2893 auctores
1705 2846 1854 2892 non
1896 2838 2103 2893 erant
2153 2816 2378 2897 facti:

245 2958 444 3005 nunc
475 2933 885 3033 postulatur
914 2958 955 3003 a
995 2932 1240 3022 vobiS,
1275 2947 1359 3005 ut
1401 2934 1557 3029 ejus
1586 2932 1836 3003 exsilio
1863 2986 1882 3019 ,
1925 2937 2053 3030 qui
2099 2951 2380 3007 creatus

243 3042 378 3130 sit,
429 3044 786 3140 judicium
852 3041 1110 3142 populi
1168 3044 1450 3114 romani
1498 3040 2063 3140 reprehendatis.
2126 3049 2379 3142 Itaque

314 3225 408 3271 111.
435 3238 481 3271 1.
499 3222 835 3275 contentione.
853 3222 1005 3273 lei-nst
1022 3254 1041 3281 ‚
1065 3236 1262 3285 compa·
1423 3222 1473 3269 5.
1518 3222 1682 3268 Honos
1725 3196 1941 3284 parieta.
1996 3221 2183 3271 Erfurt.
2228 3224 2375 3273 habet

241 3304 446 3352 ratione.
1349 3298 1503 3347 bonos
1520 3310 1748 3362 paratur.

315 3399 367 3432 2.
407 3380 496 3431 Ad
526 3381 684 3431 illam.
724 3382 849 3444 Qua
889 3378 948 3429 fit
988 3380 1044 3427 in
1081 3379 1264 3443 populi
1422 3380 1473 3427 6.
1492 3380 1679 3427 Patres.
1697 3376 1758 3424 Id
1776 3388 1864 3437 est,
1880 3384 2372 3431 senatum—Tenere.

238 3460 478 3519 comitiis,
495 3474 646 3523 quum
659 3460 874 3525 populns
885 3495 900 3520 ,
917 3459 1262 3523 competitores
1350 3456 1411 3505 Id
1437 3467 1511 3505 est
1528 3490 1543 3515 ,
1579 3471 1876 3505 conservare.

237 3542 476 3606 dignitate
491 3554 596 3587 non
607 3540 933 3604 distinguens,
953 3550 1039 3588 aut
1050 3537 1264 3599 invidet,
1429 3552 1475 3596 ¹7.
1504 3536 1569 3583 ld
1590 3535 1823 3585 {zabanem
1834 3535 2037 3599 judices.
2065 3538 2117 3585 Si
2133 3540 2201 3587 ita
2221 3551 2345 3589 emt
2360 3576 2373 3597 ,

237 3633 325 3672 aut
344 3623 474 3669 favet
492 3620 725 3669 arbitratu
751 3636 860 3669 mo.
1351 3614 1698 3679 peneaiudiccs
1716 3625 1840 3663 esset
1860 3614 2178 3663 comitiorum
2189 3617 2373 3677 judicia

313 3698 364 3751 3.
415 3699 548 3763 Qm'd
561 3704 590 3746 ι’
636 3711 688 3747 eu
729 3697 984 3764 dignitatis
1025 3696 1266 3762 judicem.
1354 3692 1495 3743 irrita
1520 3694 1731 3743 faciendi
1748 3693 1907 3757 copia,
1922 3709 2070 3756 quam
2092 3704 2375 3757 potestatem

241 3780 404 3828 Variae
425 3779 524 3827 hoc
543 3780 596 3827 in
625 3778 744 3827 loco
772 3778 918 3827 editu.-
945 3787 1061 3825 sunt
1089 3775 1266 3824 lectio·-
1356 3784 1551 3821 senatus
1604 3772 1733 3837 apud
1784 3772 1989 3831 maiores
2040 3784 2236 3822 nostros
2276 3792 2375 3825 non

239 3876 358 3918 nen
383 3859 510 3907 hanc
527 3858 698 3907 maluit
718 3858 983 3907 Erue-tius.
1358 3852 1525 3916 potnit
1542 3862 1721 3899 tenere.

316 3948 370 3995 4.
391 3937 592 3987 Utinam
609 3954 734 3986 vero
751 3950 941 4003 semper
958 3939 1113 3985 osset!
1137 3933 1236 3983 Alii
1250 3967 1265 3993 ,
1428 3932 1477 3979 8.
1534 3933 1649 3979 nam
1696 3927 1827 3979 enim
1877 3928 2219 3995 magistratum
2266 3949 2365 3982 uon

233 4032 386 4069 ‘verus
400 4035 420 4074 ,-
445 4017 526 4065 alii
541 4051 555 4075 ,
578 4032 767 4081 aquus.
1350 4010 1566 4077 gembat.
1583 4008 1711 4059 Vide
1736 4009 1839 4057 Liv.
1863 4010 1915 4071 1,
1939 4024 2019 4071 1⁹7.

2016 4095 2128 4168 33.
