2594 4537
371 281 468 356 30
1021 283 1120 350 Μ.
1167 283 1248 350 Τ.
1302 281 1865 352 CICERONIS

368 406 683 502 adjutor,
733 406 1092 504 particeps
1134 403 1439 490 exstitit,
1506 426 1737 501 quum
1796 397 2183 498 princeps⁵
2238 399 2519 500 [quum

367 514 710 614 auctor⁶],
735 537 964 612 quum
987 511 1282 610 signifer
1300 527 1487 586 esset
1503 515 1979 610 juventuti373
2002 510 2301 611 parens⁸
2330 516 2518 610 ejuS‚

364 627 594 700 homo
617 625 1147 697 amantissimus
1171 626 1452 722 patriae,
1470 626 1765 696 maximi
1783 625 2037 712 animi,
2066 626 2331 696 summi
2352 650 2522 698 con-

369 739 506 810 silii
528 791 548 824 ,
597 736 976 834 singularis
1019 738 1475 821 constantias,
1510 760 1745 834 quum
1790 749 1981 807 esset
2014 739 2226 832 aeger,
2268 749 2521 808 tamen

369 846 714 922 omnibus
740 846 960 919 rebus
990 847 1130 918 illis
1161 845 1580 937 interfuit93
1622 869 2021 943 numquam
2050 863 2159 918 est
2186 871 2229 918 a
2258 871 2383 918 me
2416 847 2522 918 di-

371 981 656 1056 gressus
685 984 705 1045 ;
765 958 1010 1030 studio
1030 1012 1051 1047 ‚
1113 957 1417 1029 consilio
1446 1011 1465 1045 ,
1516 958 1943 1028 auctoritate
1991 981 2183 1028 unus
2240 957 2525 1052 adjuvit

371 1068 767 1166 plurimum
788 1121 808 1155 ‚
849 1091 1094 1165 quum·
1119 1065 1617 1138 infirmitatem
1662 1068 1989 1165 corporis
2010 1077 2073 1111 ¹⁰
2111 1069 2333 1138 animi
2372 1072 2520 1140 vir·-

372 1192 530 1250 tute
579 1193 976 1275 superaret.
1035 1177 1393 1264 Videsne,
1431 1189 1515 1248 ut
1564 1177 1861 1274 eripiam
1900 1191 1973 1248 te
2012 1201 2101 1250 ex
2146 1176 2523 1276 improbo-

369 1314 536 1360 rum
601 1287 842 1362 subita
901 1290 1124 1386 gratia
1144 1343 1163 1373 ,
1211 1302 1287 1359 et
1338 1287 1801 1360 reconciliem
1852 1285 2071 1359 bonis
2126 1286 2523 1360 omnibus?

371 1402 598 1498 quite
626 1415 700 1471 et
725 1397 1038 1496 diligunt
1056 1454 1076 1484 ‚
1106 1414 1178 1470 et
1208 1399 1531 1470 retinent
1550 1453 1569 1487 ‚
1600 1395 2168 1494 retinebuntque
2196 1421 2521 1498 semper3

373 1535 510 1582 nec
530 1563 550 1598 ‚
595 1514 656 1582 si
687 1535 730 1581 a
765 1535 884 1582 me
919 1509 1110 1582 forte
1147 1495 1569 1596 desciiteris‚
1600 1508 1869 1584 idcirco
1902 1523 1975 1580 te
2010 1533 2052 1578 a
2086 1531 2198 1596 se,
2230 1523 2306 1580 et
2334 1534 2379 1580 a
2406 1535 2523 1581 re-

345 1621 669 1719 publica
693 1675 713 1709 ,
753 1635 828 1692 et
861 1645 902 1692 a
945 1635 1072 1692 tua
1109 1619 1461 1718 dignitate
1496 1618 1803 1692 deficere
1840 1621 2231 1716 patientur.

471 1730 618 1804 Sed
649 1732 798 1827 jam
837 1730 1058 1803 redeo
1091 1730 1182 1802 ad
1220 1753 1549 1814 causam;
1592 1745 1810 1828 atque
1840 1728 1981 1802 hoc
2007 1753 2174 1818 vos,
2205 1727 2523 1825 judice5‚

375 1855 642 1914 testor:
685 1841 863 1912 mihi
897 1839 990 1913 de
1023 1856 1295 1914 memet
1326 1845 1487 1938 ipso
1520 1855 1667 1913 tam
1700 1841 1930 1912 multa
1960 1839 2249 1913 dicendi
2276 1865 2527 1914 neces-

377 1953 547 2024 sitas
579 1949 914 2049 quaedam
947 1952 1287 2048 imposita
1320 1967 1431 2022 est
1460 1951 1551 2022 ab
1584 1950 1737 2023 illo.
1770 1954 1986 2040 Nam,
2018 1953 2079 2024 si
2112 1957 2528 2048 Torquatus

375 2062 646 2134 Sullam
686 2061 925 2134 solum
962 2077 1366 2134 accusasset
1390 2071 1477 2151 ¹¹,
1508 2083 1645 2157 ego
1683 2084 1981 2159 quoque
2014 2061 2159 2132 hoc
2188 2074 2526 2160 tempore

1197 2208 1226 2225 A·

376 2267 614 2333 ciperem.
633 2265 713 2314 Sic
730 2267 788 2315 1..
812 2264 998 2313 Gellius
1015 2265 1072 2315 C.
1089 2263 1331 2316 Cathonis
1348 2267 1402 2313 iu
1488 2274 1591 2315 erat
1606 2280 1703 2313 una
1715 2263 1946 2330 princeps
1960 2276 2011 2315 et
2022 2264 2224 2331 signifer
2233 2267 2525 2329 iuventutis.

376 2346 638 2395 consulatu
681 2343 1042 2391 contuBet-nalis
1092 2345 1186 2391 fnit
1204 2379 1221 2406 ‚
1257 2353 1317 2391 ut
1349 2342 1405 2391 in

377 2427 548 2474 Bruto.
604 2424 685 2471 Sic
725 2423 800 2471 M.
835 2422 1024 2471 Coelius
1069 2424 1133 2485 Q.
1169 2424 1409 2486 Pompeio

1563 2345 1616 2393 8.
1638 2348 1823 2391 Par-ens
1844 2345 1963 2411 ejus.
1989 2346 2045 2394 L.
2064 2347 2278 2395 Manlius
2296 2350 2530 2413 Torqua-

1495 2434 1575 2472 tus
1610 2424 1783 2473 consul
1804 2440 1922 2473 ann.
1956 2425 2057 2473 688
2086 2441 2199 2475 omn
2228 2429 2285 2475 1..
2312 2428 2526 2477 Aurelio

377 2502 666 2571 proconsuli
701 2500 1064 2551 contubernalis
1095 2502 1150 2549 iu
1185 2502 1411 2551 Africam
1496 2504 1659 2553 Cotta.

379 2594 456 2633 est
491 2582 770 2647 prosectus;
811 2592 869 2628 ut
899 2581 953 2628 in
985 2592 1109 2631 orat.
1144 2596 1240 2645 pro
1273 2582 1406 2645 ipso.

380 2663 547 2726 Quum
575 2660 724 2727 igitur
747 2662 806 2709 L.
831 2660 1111 2723 Torquatus
1139 2661 1407 2709 coutuber—

378 2741 504 2791 nalis
542 2751 668 2788 esset
706 2738 952 2797 consulis,
979 2738 1074 2787 fuit
1115 2738 1317 2801 adjutor
1356 2751 1407 2789 et

379 2822 622 2887 particeps
640 2818 860 2865 omnium
887 2833 1048 2867 rerum
1069 2834 1193 2881 quas
1213 2818 1314 2883 egit
1330 2820 1409 2867 Ci-

381 2914 497 2947 cero
526 2915 615 2963 per
641 2897 963 2947 consulatum.
990 2924 1062 2935 —
1086 2900 1291 2947 Auctor.
1321 2899 1411 2949 Ni·

384 2982 536 3028 mium
599 2977 810 3025 tribuere
867 2976 1065 3026 videtur
1137 2980 1407 3042 Torquato.

383 3060 609 3109 Flaccum
644 3067 772 3105 certe
798 3056 991 3105 socium
1021 3066 1208 3107 tantum
1247 3068 1295 3105 et
1322 3057 1407 3106 ad·

378 3140 592 3202 jutorem
632 3135 952 3187 consiliorum
985 3150 1189 3185 suorum
1217 3136 1410 3186 dixerat

383 3229 508 3267 orat.
527 3232 621 3282 pro
643 3215 820 3265 Flacco
837 3250 852 3273 ,
877 3231 986 3281 cap.
1007 3233 1052 3265 1.

459 3299 505 3347 5.
551 3298 712 3361 Quum
745 3293 1000 3359 princeps.
1051 3293 1303 3359 Principes
1355 3295 1409 3341 in

382 3390 692 3444 quocumque
715 3374 888 3423 ordine
911 3373 1142 3423 dicuntur
1175 3374 1408 3439 primarii.

381 3484 456 3495 --
493 3454 722 3521 Princeps
745 3451 895 3519 juven
903 3454 1017 3501 tutis
1053 3470 1081 3503 a
1123 3452 1407 3502 censoribus

384 3536 650 3601 eligebatur
675 3532 803 3581 inter
837 3532 1274 3598 locupletissimos,
1300 3548 1407 3597 gra·

383 3613 697 3672 tiosissimos,
739 3611 1020 3677 meritisque
1071 3612 1409 3678 praestantissi-

381 3711 490 3747 mos
509 3695 732 3754 iuvenes.

457 3776 506 3823 6.
544 3774 780 3837 Ignorant
823 3769 972 3819 verba
1026 3767 1136 3818 haec
1181 3768 1408 3834 plerique

385 3852 536 3905 codd.
560 3867 588 3900 e
612 3851 862 3917 superiore
889 3864 1033 3898 versu
1054 3848 1282 3913 repetita.

460 3950 506 3996 7.
525 3930 784 3997 Signfier..
799 3963 814 3977 .
830 3927 1116 3996 juventutis.
1139 3928 1238 3990 Qui
1255 3926 1410 3995 vexil-

383 4016 488 4067 lum
541 4010 732 4061 ordinis
784 4007 1086 4073 praeferebat.
1133 4009 1410 4070 Torquatus

1568 2600 1618 2647 9.
1664 2582 1898 2631 Omnibus
1942 2584 2085 2635 rebus
2130 2584 2228 2634 illis
2274 2584 2523 2650 interfin‘t.

1496 2664 1665 2725 Quum
1688 2662 1983 2713 Macedonia
2008 2666 2321 2724 revertisset3
2352 2668 2528 2729 primis

1493 2743 1623 2791 enim
1660 2742 1907 2791 mensibus
1943 2744 2227 2793 consulatus
2272 2746 2531 2795 Ciceronis

1494 2822 1797 2885 Torquatum
1816 2822 2051 2882 abfuisse,
2064 2824 2146 2871 illa
2166 2835 2291 2873 orat.
2316 2824 2373 2871 in
2390 2827 2531 2875 Piso-

1496 2916 1609 2949 nem
1639 2900 1787 2950 verba
1824 2900 2107 2951 decl-rant:
2146 2918 2251 2951 nex
2274 2918 2373 2967 qua
2402 2922 2529 2969 pro·

1497 2981 1660 3027 vincia
1678 2965 1829 3054 modo'
1848 2980 1925 3027 vir
1948 2980 2087 3029 omni
2112 2979 2353 3045 dignitate
2380 3000 2531 3032 orna-

1499 3058 1713 3107 tissimus
1726 3092 1743 3118 ,
1772 3060 1827 3107 L.
1847 3060 2129 3123 Torquatus
2161 3063 2347 3126 magnis
2380 3062 2527 3111 rebus

1496 3138 1669 3201 gestis.
1686 3152 1764 3184 me
1782 3138 2041 3202 referente,
2066 3138 2241 3187 absens
2256 3142 2529 3205 imperator

1496 3227 1571 3265 est
1594 3216 1870 3281 appellatus
1884 3239 1929 3267 ι.

1573 3311 1655 3345 ιο.
1700 3296 1859 3358 Quum
1904 3296 2249 3365 infirmitatem
2282 3300 2528 3363 eorporis.

1494 3374 1611 3424 Non
1650 3375 1883 3425 dissimile
1919 3376 2045 3425 illud
2088 3377 2151 3427 de
2186 3377 2355 3427 Hirtio
2396 3378 2527 3428 Phil.

1494 3456 1637 3503 vm:
1682 3456 1887 3505 «Animi
1915 3456 2043 3507 vires
2068 3458 2293 3523 corpori·
2318 3455 2528 3507 infirmi·

1496 3542 1571 3581 tas
1587 3550 1693 3583 non
1712 3534 1975 3585 retardavit
1992 3556 2041 3586 a.

1570 3629 1593 3660 ι
1608 3629 1653 3664 1.
1680 3615 1817 3661 Nam
1854 3614 1901 3663 si
1926 3616 2204 3681 Torquatus
2229 3616 2400 3665 nuans
2416 3616 2529 3665 Sed·

1426 3754 1435 3763 ο
1496 3690 1595 3739 laen
1626 3705 1915 3743 accusasset.
1952 3695 2227 3760 Sumpsisse
2266 3695 2469 3745 videtur
2500 3710 2525 3743 a

1492 3771 1819 3820 Demosthene
1846 3788 1912 3821 ex
1938 3775 2165 3823 bratione
2186 3790 2281 3839 pro
2298 3776 2525 3825 Corona:

1504 3868 1527 3893 α
1550 3849 1676 3897 Nam
1702 3851 1744 3899 si
1770 3850 2021 3901 AEscltines
2046 3852 2439 3917 solamenque
2464 3854 2517 3903 in

1496 3931 1805 3979 accusatione
1848 3930 2165 3996 perscripsit,
2214 3944 2489 3983 accusasset
2506 3968 2523 3993 ,

1496 4022 1589 4072 ego
1624 4025 1827 4073 quoque
1862 4010 1925 4059 de
1950 4011 2061 4076 ipso
2084 4012 2519 4063 senatusconsulto
