2594 4537
326 237 474 324 426
967 241 1066 308 M.
1115 241 1195 310 T.
1247 243 1835 314 CICERONIS

323 364 629 434 domum
663 363 821 458 ejus
874 385 1008 461 per
1055 363 1479 462 pontificem
1540 365 1889 442 dedicarit
1938 398 1956 442 ε
2000 367 2111 456 id,
2166 394 2297 442 vos
2348 376 2471 446 ista

323 479 754 546 auctoritate
779 476 1263 564 constituetiS,
1297 490 1535 548 ratum
1562 503 1717 550 esse
1748 491 2099 578 oportere
2116 481 2145 550 ἱ)
2162 483 2469 570 DicetiS,

319 611 543 684 quem
581 589 898 684 reperiet
935 583 1400 683 pontificem?
1438 587 1683 679 Quid?
1726 607 1801 662 et
1850 589 2201 662 tribunus
2245 592 2473 689 plebis

323 696 518 767 idem
545 720 702 768 esse
733 721 882 766 non
914 710 1157 794 potest
1185 696 1514 795 pontifex
1542 698 1691 771 ΡΜ.
1721 704 2003 772 Drusus
2038 700 2197 790 ille,
2234 701 2475 776 claris·

323 811 552 878 simus
615 807 956 878 tribunus
989 807 1224 906 plebis
1248 819 1269 850 ¹
1291 863 1313 896 ‚
1381 807 1711 906 pontifex
1770 810 1907 882 fuit
1961 837 1977 880 τ
2036 835 2255 907 erg0,
2322 815 2383 884 si
2420 815 2475 884 is

325 920 414 1008 Q.
447 913 842 1016 Caepio'nis,
866 920 1138 992 inimici
1167 922 1327 990 sui²
1348 974 1367 1008 ,
1400 935 1683 1018 postem
1704 919 1968 992 aedium
1997 922 2387 1010 tenuisset,
2412 939 2475 994 et

329 1051 560 1125 pauca
589 1026 814 1098 verba
841 1026 1124 1100 fecisset
1147 1084 1166 1119 ‚
1205 1030 1396 1100 aedes
1434 1033 1793 1129 Caepionis
1820 1047 2062 1104 essent
2086 1031 2480 1105 dedicatae?

423 1137 618 1212 Nihil
651 1138 918 1237 loquor
942 1137 1036 1212 de
1071 1140 1459 1238 pontificio
1491 1140 1697 1236 jure,
1736 1141 1920 1214 nihil
1946 1139 2037 1213 de
2062 1141 2293 1239 ipsius
2326 1169 2472 1216 ver·

324 1247 440 1318 bis
482 1247 958 1322 dedicationis
983 1303 1002 1337 ,
1043 1249 1223 1320 nihil
1269 1250 1361 1322 de
1396 1251 1785 1349 religione,
1832 1253 2307 1336 caerimoniis;
2336 1279 2479 1326 non

325 1361 700 1433 dissimulo
737 1386 853 1434 me
898 1364 1171 1436 nescire
1205 1387 1288 1434 ea
1312 1417 1331 1448 ‚
1388 1387 1585 1460 quae,
1622 1365 1903 1435 etiamsi
1938 1364 2196 1435 scirem
2222 1419 2245 1451 ,
2288 1363 2479 1436 dissi·

323 1470 714 1559 mularem,
760 1497 854 1544 ne
891 1471 1044 1544 aliis
1079 1471 1469 1560 moiestuS,
1512 1472 1721 1546 vobis
1750 1475 1967 1546 etiam
2010 1475 2351 1546 curiosus
2382 1479 2477 1546 vi·

325 1580 544 1655 derer
585 1609 604 1654 ε
643 1583 779 1656 etsi
817 1581 1137 1654 effluunt
1176 1584 1409 1654 multa
1447 1609 1533 1656 ex
1580 1598 1817 1656 vestra
1854 1585 2269 1683 disciplina,
2328 1611 2479 1684 quae

325 1697 540 1767 etiam
572 1693 664 1764 ad
688 1708 971 1766 nostras
995 1718 1206 1766 aures
1233 1718 1423 1792 saepe
1451 1710 1905 1793 permanant.
1930 1699 2223 1767 Postem
2252 1698 2481 1768 teneri

327 1803 405 1872 in
465 1802 921 1876 dedicatione
981 1819 1328 1904 oportere
1374 1804 1629 1876 videor
1664 1801 1989 1876 audisse³
2029 1805 2289 1902 templi
2330 1832 2347 1874 ι
2388 1803 2481 1874 ibi

325 1917 522 1984 enim
553 1916 782 2014 postis
827 1931 978 2004 est,
1013 1915 1141 1987 uhi
1169 1915 1425 2013 templi
1463 1914 1701 1986 aditus
1738 1929 1847 1986 est
1872 1969 1892 2004 ,
1930 1927 2003 1985 et
2039 1913 2285 1984 valvae.
2323 1919 2479 1985 Am·

325 2021 721 2098 bulationis
753 2044 1000 2125 postes
1035 2053 1256 2100 nemo
1283 2050 1632 2126 umquam
1668 2027 1905 2098 tenuit
1942 2028 2021 2096 in
2042 2023 2479 2112 dedicando;

325 2136 793 2210 simulacrum
845 2155 1131 2227 autem,
1178 2153 1307 2211 aut
1353 2163 1549 2210 aram
1592 2141 1651 2209 si
1692 2135 2079 2224 dedicasti,
2120 2137 2281 2206 sine
2318 2137 2477 2206 reli-

323 2249 542 2343 gione
605 2249 770 2322 loco
825 2251 1102 2323 moveri
1159 2263 1419 2349 potest.
1474 2247 1615 2320 Sed
1658 2248 1809 2344 jam
1860 2246 2005 2319 hoc
2058 2247 2307 2320 dicere
2352 2245 2477 2319 tibi

321 2382 476 2429 non
539 2357 788 2431 licebit
811 2412 830 2447 ,
905 2362 1256 2458 quoniam
1316 2357 1741 2458 pontificem
1814 2374 2103 2457 postem
2164 2360 2478 2431 tenuisse

327 2468 593 2540 dixisti.

420 2585 702 2651 XLVII.
762 2583 1224 2680 Quamquam
1275 2580 1457 2681 quid
1512 2604 1648 2678 ego
1704 2579 1797 2651 de
1858 2577 2327 2651 dedicatione
2376 2579 2475 2650 io·

325 2692 615 2786 quor1?
657 2708 783 2764 aut
813 2690 993 2790 quid
1039 2692 1132 2764 de
1167 2706 1411 2764 vestro
1448 2693 1613 2787 jure
1662 2705 1737 2761 et
1783 2690 2139 2787 religione
2182 2704 2435 2760 contra
2462 2742 2479 2771 ‚

323 2823 544 2897 quam
579 2825 1103 2901 proposueram
1123 2802 1538 2902 ,disputo²?
1570 2806 1729 2898 Ego
1761 2824 1971 2903 vern,
2010 2802 2070 2871 si
2104 2801 2358 2871 omnia
2382 2823 2479 2869 so-

323 2910 692 2984 lemnibus
727 2913 1000 2999 verbis,
1041 2913 1410 2985 veteribus
1462 2928 1537 2984 et
1586 2912 1841 3011 priscis
1878 2908 2277 2982 institutis³
2332 2924 2481 2981 acta

323 3048 476 3095 esse
511 3024 826 3098 dicerem
865 3054 884 3096 ε
923 3040 1168 3097 tamen
1197 3050 1315 3096 me
1352 3022 1767 3122 reipublicae
1787 3022 1951 3119 jure
1988 3020 2475 3094 defenderem.

396 3272 577 3317 XLVI.
603 3284 650 3316 t.
685 3268 816 3327 Alii,
863 3288 886 3311 e
908 3266 1204 3315 clarissimus
1245 3267 1347 3321 vir,
1440 3266 1519 3313 nit
1541 3273 1599 3311 ut
1633 3262 1820 3311 fastidii
1848 3261 2047 3325 plenam
2084 3260 2483 3324 disquisitionem

323 3348 552 3397 tribunus
575 3346 736 3412 plebis
754 3370 798 3397 a.
823 3350 858 3397 J
861 3348 952 3397 .V.
975 3349 1032 3396 1..
1441 3358 1533 3393 nec
1552 3343 1617 3392 ad
1636 3334 1839 3391 ‘causam
1864 3340 2075 3387 omnino
2098 3340 2384 3395 valentem,
2398 3338 2485 3385 hae

393 3444 443 3475 π.
481 3426 678 3475 Inimici
711 3426 804 3476 sui.
845 3428 1051 3474 Emi-tas
1089 3427 1219 3473 inter
1265 3440 1352 3475 eos
1436 3424 1731 3487 ignorantia
1747 3420 2067 3469 excusatione
2092 3420 2326 3484 effugiat.
2346 3416 2482 3469 Cous.

317 3508 598 3557 inimicitias
641 3524 704 3555 ex
747 3506 1008 3555 occasione
1061 3505 1234 3553 annuli
1294 3505 1349 3551 in
1444 3504 1573 3551 insta
1600 3518 1711 3566 cap.
1734 3503 1819 3559 54.

318 3589 544 3637 auctione
571 3586 724 3651 empti
743 3586 932 3634 Plinius
953 3584 1038 3632 ait.
1508 3585 1713 3631 XLVII.
1745 3597 1789 3629 ι.
1812 3578 1935 3639 Alii,
1958 3579 2157 3642 loquar.

383 3669 432 3717 3.
463 3666 648 3715 Videor
679 3664 890 3715 audisse.
929 3663 1046 3711 Non
1071 3663 1222 3711 semel
1247 3662 1340 3711 Ci-
1509 3679 1563 3711 ο.
1586 3659 1713 3719 Alii,
1733 3658 2012 3723 disputabo.

317 3764 430 3796 cem
449 3762 586 3795 uuam
608 3746 732 3805 iuris
762 3756 812 3793 et
833 3743 994 3793 civilio
1023 3754 1076 3791 et
1099 3740 1349 3807 pontificii
1510 3742 1561 3791 3.
1599 3744 1683 3789 Pr.
1710 3736 1968 3787 institutis.
2002 3736 2247 3785 Instituta
2280 3731 2485 3799 publicu

322 3827 570 3875 scientiam
609 3825 930 3875 dissimulavit
943 3858 962 3879 ‚
999 3823 1138 3887 quod
1171 3837 1350 3885 nempe
1444 3834 1563 3871 sunt
1592 3854 1607 3879 ,
1662 3820 1845 3884 quibua
1893 3828 2107 3866 utuntur
2164 3814 2487 3864 communiter

327 3906 680 3969 aspernabatur
693 3938 708 3961 ,
745 3915 802 3953 nt
825 3904 989 3953 videre
1011 3912 1086 3951 est
1107 3918 1202 3967 pro
1240 3902 1357 3949 Mu·
1452 3898 1718 3968 pontifices
1752 3900 1803 3947 in
1844 3898 2022 3947 talibus
2058 3894 2483 3945 dedicationibus:

326 4000 439 4031 rena
465 3996 512 4033 et
539 3986 740 4047 passim:
761 3984 858 4033 hoe
881 3984 1025 4032 etiam
1051 3983 1146 4031 sihi
1172 3996 1357 4047 propo·
1450 3995 1504 4031 ut
1522 3980 1813 4046 «publicum
1841 3980 1922 4040 jus
1940 4000 1963 4021 ι
2002 3974 2141 4041 apud
2160 3974 2487 4025 suetonium.
