2594 4537
520 296 915 365 ORATIO
965 297 1165 366 PRO
1214 299 1290 366 L.
1340 295 1777 382 FLACCO.
2085 297 2220 393 187

168 421 438 490 xxxl.
472 415 747 490 Vellem
780 431 1063 490 tantum
1088 417 1358 490 habere
1389 417 1518 488 otii
1540 471 1560 504 ,
1597 433 1681 488 ut
1713 441 2000 515 possem
2034 424 2217 490 reci-

88 541 229 599 tare
256 527 685 635 psephisma
720 532 1257 626 Smyrnaeorum
1280 537 1304 572 ¹
1334 583 1355 615 ‚
1383 528 1584 625 quod
1609 527 1942 601 fecerunt
1976 533 2050 600 in
2085 532 2220 600 Ca·

89 640 411 711 siricium
436 653 811 710 mortuum
846 667 865 710 :
904 643 1223 740 primum
1243 695 1262 729 ‚
1287 655 1372 710 ut
1401 641 1476 711 in
1503 640 1858 740 oppidum
1885 639 2222 713 introfer-

90 763 315 838 retur‚
363 749 569 848 quod
598 747 753 822 aliis
778 769 933 822 non
958 750 1472 838 conceditur23
1507 749 1768 823 deinde
1786 804 1806 839 ,
1839 766 1922 822 ut
1945 749 2223 824 ferrent

90 857 393 954 ephebi3
426 873 797 958 postremo
810 916 831 950 ‚
860 876 945 933 ut
976 864 1476 959 imponeretur
1493 885 1710 934 aurea
1731 885 2004 934 corona
2029 885 2222 935 mor-

94 981 229 1038 tuo.
278 975 451 1040 Haec
490 974 564 1042 P.
602 968 963 1068 Scipioni³
982 1026 1003 1058 ‚
1058 972 1449 1044 clarissimo
1496 975 1652 1044 viro
1673 1027 1694 1060 ‚
1753 996 1988 1068 quum
2033 987 2222 1046 esset

94 1081 411 1178 Pergami
446 1093 813 1170 mortum,
844 1079 1033 1154 facta
1065 1107 1217 1154 non
1248 1096 1441 1154 sunt.
1471 1086 1562 1154 At
1607 1083 2032 1154 Castricium
2061 1084 2224 1178 qui-

92 1187 511 1278 busverbiS,
526 1189 629 1262 dii
643 1191 1085 1264 immortales
1104 1190 1121 1262 l
1149 1190 1372 1264 decus
1398 1195 1646 1290 patriae
1663 1245 1684 1279 ‚
1710 1208 2222 1266 ornamentum

94 1299 343 1396 populi
378 1303 707 1386 romani,
742 1300 999 1374 florem
1046 1302 1444 1398 juventutis
1493 1303 1886 1403 appellant.
1940 1306 2182 1393 Quare
2203 1358 2224 1392 ‚

96 1412 433 1499 Deciane,
454 1412 517 1482 si
540 1411 853 1509 cupidus
874 1437 955 1486 es
980 1413 1221 1511 gloriae
1237 1466 1258 1500 ‚
1276 1413 1414 1486 alia
1433 1419 1904 1486 ornamenta‘*
1923 1437 2186 1486 censeo
2204 1467 2226 1502 ,

100 1543 381 1615 quaeras.
407 1525 827 1619 Pergameni
852 1539 923 1594 te
952 1523 1377 1594 deriserunt.
1404 1524 1646 1615 Quid?
1674 1541 1756 1597 tu
1783 1524 1938 1597 ludi
1969 1540 2042 1596 te
2067 1547 2224 1596 non

100 1627 572 1728 intelligebas,
622 1657 855 1730 quum
902 1631 1035 1703 tibi
1075 1631 1227 1705 haec
1273 1635 1674 1708 recitabant
1691 1689 1710 1722 ‚
1751 1635 2222 1708 clarissimum

101 1740 355 1826 virum,
390 1743 977 1836 praestantissima
1026 1743 1409 1840 sapientia,
1461 1748 1803 1844 singulari
1855 1748 2149 1844 ingenio
2200 1773 2218 1815 ε

107 1847 267 1918 mihi
302 1849 517 1922 crede
534 1904 554 1939 ‚
592 1851 965 1924 ludebant.
1006 1855 1255 1945 Quum
1311 1880 1482 1940 vero
1537 1881 1882 1930 coronam
1931 1881 2222 1930 auream

108 1955 313 2032 literis
348 1959 925 2059 imponebant⁵‚
974 1987 1055 2036 re
1104 1989 1275 2036 vera
1326 1991 1478 2038 non
1527 1968 1691 2066 plus
1739 1993 2002 2039 aurum
2051 1967 2178 2039 tibi
2201 2021 2221 2053 ‚

108 2090 311 2161 quam
344 2071 757 2143 monedulae
774 2069 807 2118 ⁶
840 2071 1428 2163 committebant3
1460 2101 1552 2148 ne
1579 2093 1737 2148 tum
1760 2076 2064 2174 quidem
2090 2077 2224 2148 ho·

110 2228 216 2277 vitas
239 2241 341 2293 est,
376 2236 525 2297 qua'm
544 2234 865 2298 Pei-ganemu
888 2235 1021 2300 quod
1048 2250 1109 2283 ne

109 2306 193 2371 ipsi
238 2312 435 2375 quidem
476 2315 761 2377 Pergameni
806 2324 1017 2378 negant3
1059 2324 1111 2363 at

112 2386 327 2453 Smyr-mi
343 2391 635 2441 Castricium
648 2404 899 2441 mortuum
921 2394 988 2441 ita
1008 2394 1110 2441 lan·

114 2464 271 2518 darunt
287 2504 305 2533 ,
346 2482 407 2519 nt
430 2486 541 2519 eum
578 2470 799 2520 derisisse
826 2470 1106 2535 videantur3

112 2547 231 2606 quod
250 2551 291 2597 si
310 2550 527 2598 laudatio
554 2552 919 2615 Smyrnaeorum
948 2551 1109 2600 hono-

116 2638 199 2671 rem
218 2642 313 2676 non
338 2628 483 2677 affert
498 2664 513 2688 ,
546 2640 734 2693 quanto
754 2630 917 2679 minus
937 2632 1112 2697 Perga-

112 2717 339 2755 menorum
350 2710 450 2756 1³-—
462 2708 597 2756 Olim
618 2708 869 2773 legebatur
876 2712 1107 2773 Smymoe.

118 2782 207 2831 Alii
244 2786 409 2835 malint
440 2790 723 2848 Smyr-naa,
766 2806 913 2853 quam
949 2808 1112 2839 veram

114 2858 347 2913 lectionem
366 2882 471 2914 esse
488 2876 629 2930 putat
644 2867 957 2919 Garatonius.

170 2942 351 2994 xm.
377 2960 423 2994 1.
442 2944 524 2993 Sic
550 2946 727 3009 optimi
748 2946 898 2996 codd.
918 2947 1115 2997 nabent

117 3019 289 3080 qmdam
344 3022 468 3073 editi
535 3024 684 3084 libri,
743 3046 769 3068 st

176 3192 218 3225 a.
241 3181 347 3230 Non
367 3183 659 3231 cumdem.
686 3183 840 3247 Quod
867 3197 969 3234 erat
989 3186 1112 3252 legi-

116 3253 193 3303 lms
218 3262 419 3325 antiquis
448 3264 653 3311 vetitum
671 3298 687 3321 ,
736 3279 799 3311 ne
838 3263 947 3328 quis
980 3265 1107 3313 intra

116 3333 262 3385 urbem
282 3340 663 3391 combureretur.

176 3415 220 3465 3.
244 3421 290 3467 P.
311 3421 541 3485 Scipioni.
564 3423 666 3486 Qui
692 3422 806 3471 Tib.
836 3422 1108 3473 Gracchum

117 3494 297 3556 θοσὶιίἱις
320 3516 423 3565 quo
448 3501 612 3561 facto,
638 3502 693 3549 in
726 3502 954 3551 exsilium
989 3505 1105 3552 Per-

120 3584 283 3631 gmnm
304 3578 439 3628 abiit.

176 3658 223 3707 4·
256 3656 369 3706 Alia
412 3668 721 3707 ornamenta.
758 3660 899 3709 Alios
943 3662 1112 3727 gloria

120 3728 283 3793 fimlos3
310 3738 467 3786 multo
493 3738 855 3801 praedationem
874 3740 1113 3791 laudatio-

122 3820 226 3857 nem.

180 3888 222 3936 5.
258 3894 423 3943 Lim-is
464 3896 792 3961 imponebam.
820 3900 985 3962 Quum
1022 3900 1111 3949 tibi

128 3968 421 4030 ruphinus
454 3978 731 4041 perscripto
760 3994 991 4029 coronam
1022 3996 1109 4030 au·

128 4060 231 4095 ram
254 4051 587 4117 imponendam
612 4058 890 4107 censebant.

1270 2227 1324 2279 6.
1351 2228 1644 2279 monedula.
1677 2231 1802 2294 Qnae
1825 2230 1930 2278 avis
1951 2229 2056 2278 auri
2079 2239 2130 2277 et
2145 2244 2223 2277 ar-

1199 2308 1332 2371 genti
1353 2310 1648 2359 furacissime
1667 2311 1889 2359 habetur.
1908 2312 2129 2375 Apparet
2142 2311 2220 2371 jo-

1196 2403 1310 2435 cum
1355 2388 1486 2437 hunc
1521 2405 1622 2439 non
1663 2390 1717 2439 in
1761 2390 1992 2440 omuibus
2029 2390 2222 2453 scriptis

1198 2466 1454 2517 codicibus
1472 2470 1736 2531 exstitisse,
1757 2486 1910 2534 quum
1935 2466 2222 2518 Macrobius

1199 2546 1330 2594 dicat
1345 2580 1360 2607 ,
1382 2568 1408 2590 α
1426 2550 1590 2613 Atque
1613 2564 1705 2613 ego
1720 2584 1735 2609 ,
1759 2549 1812 2597 ni
1836 2549 2040 2613 longum
2067 2559 2220 2608 esset,

1197 2626 1487 2675 referremin
1507 2628 1683 2692 quibus
1703 2630 1858 2677 causis
1873 2628 2048 2677 Cicero
2068 2643 2220 2692 quum

1198 2698 1570 2756 nocentissimos
1589 2724 1696 2757 reos
1721 2717 1956 2771 tueretur,
1967 2708 2223 2756 victoriam

1194 2785 1321 2846 jocis
1338 2788 1543 2851 adeptus
1569 2788 1656 2847 sit3
1685 2799 1740 2836 ut
1761 2804 1874 2836 ecce
1897 2803 1987 2851 pro
2011 2788 2068 2836 L.
2087 2788 2226 2835 Flac·-

1198 2880 1261 2913 co
1277 2900 1293 2924 ‚
1330 2882 1476 2930 quem
1523 2866 1904 2931 repetundarum
1938 2882 2076 2914 reum
2116 2864 2222 2927 joci

1201 2945 1569 3008 opportunitate
1606 2946 1668 2993 de
1699 2944 2102 2994 manifestissimis
2129 2944 2228 2991 cri·

1200 3024 1414 3072 minibus
1441 3028 1635 3076 exemit.
1665 3028 1712 3073 Is
1737 3028 1884 3087 jocus
1907 3026 1960 3071 in
2001 3025 2228 3073 oratione

1202 3118 1304 3151 non
1325 3112 1510 3165 exstat3
1537 3104 1656 3151 mihi
1681 3118 1742 3151 ex
1767 3104 1897 3152 libro
1926 3104 2055 3151 Fusii
2073 3103 2221 3151 Biba-

1201 3184 1300 3231 culi
1323 3192 1472 3231 notus
1491 3192 1585 3242 est,
1615 3194 1662 3231 et
1689 3184 1818 3233 iuter
1843 3184 1932 3231 alia
1957 3184 2060 3246 eius
2089 3183 2222 3234 dicta

1202 3262 1476 3311 celebratur
1497 3282 1538 3309 ιι.
1567 3262 1675 3312 Nos
1697 3278 1816 3310 vero
1841 3279 1942 3311 non
1973 3262 2227 3313 credemus

1198 3340 1381 3390 dicenti
1395 3342 1652 3389 Macrobio
1664 3342 1894 3406 frigidum
1905 3342 2074 3404 jocum
2089 3343 2226 3391 Flac-

1198 3436 1261 3469 co
1283 3421 1486 3471 salutem
1504 3420 1720 3469 attulisse
1739 3435 1754 3480 3
1775 3422 2027 3471 credemus
2045 3433 2226 3481 antem,

1198 3516 1354 3567 quum
1370 3501 1432 3549 de
1444 3500 1758 3566 apertissimis
1769 3500 1928 3549 Flacci
1943 3500 2227 3549 criminibus

1198 3581 1448 3645 loquitnr3
1475 3590 1524 3627 et
1541 3594 1654 3627 sane
1672 3580 1894 3642 quamvis
1913 3594 2150 3627 summam
2173 3580 2225 3627 in

1198 3661 1289 3707 hae
1327 3658 1549 3707 oratione
1576 3658 1829 3707 Ciceronis
1847 3658 1945 3704 vim
1973 3658 2224 3719 miremur,

1199 3740 1378 3802 saepins
1421 3748 1582 3786 tamen
1630 3736 1825 3785 eludere
1867 3752 1980 3783 eum
2021 3738 2226 3786 crimina

1200 3834 1346 3882 quam
1373 3818 1579 3866 refutare
1605 3816 2069 3878 animadvertemus,
2095 3816 2227 3867 dole-

1199 3898 1455 3963 bimusque
1477 3896 1855 3963 provincialium
1882 3897 2100 3960 querelis
2119 3900 2222 3946 Ro-

1199 3994 1291 4026 mae
1310 3977 1536 4039 judicum
1557 3977 1780 4035 avaritia,
1799 3986 1884 4023 sut
1907 3986 2226 4041 patronorum

1200 4056 1384 4105 artibus
1405 4072 1594 4121 semper
1612 4057 1758 4105 fuisse
1771 4072 2030 4121 oppressas
2043 4090 2056 4112 ‚
2085 4055 2148 4102 ita
2169 4065 2224 4101 ut
