2594 4537
532 230 911 345 oRA‘i'Io
958 274 1167 344 PRO
1217 274 1372 344 CN.
1420 272 1905 345 PLANCIO.

130 396 451 483 clinavi,
486 420 649 493 quoe
702 420 777 466 se
830 395 945 466 vel
998 396 1243 491 potius
1296 390 1702 480 exscindi³‚
1763 418 2024 491 quam,
2065 419 2108 467 e
2159 422 2296 468 suo

135 509 549 606 complexu
576 522 662 577 ut
704 507 1047 603 eriperer,
1092 503 1297 575 facile
1337 520 1726 603 pateretur.
1764 511 1849 578 In
1889 505 2140 577 hortos
2179 532 2298 579 me

132 624 243 689 M.
312 619 521 690 Lenii
574 617 803 689 Flacci
850 613 1177 687 contum
1218 642 1235 685 ε
1285 616 1402 686 cui
1460 640 1688 712 quum
1744 617 1978 687 omnis
2019 630 2298 706 metus,

134 727 562 824 publicatio
618 724 1025 810 bonorum,
1076 724 1446 809 exsilium,
1488 748 1685 796 mors
1725 741 2294 825 proponeretur,

135 837 317 909 haec
356 840 677 936 perpeti,
720 840 780 907 si
814 835 1269 924 acciderent,
1313 835 1602 923 maluit,
1640 860 1862 935 quam
1897 836 2300 910 custodiam

138 948 307 1018 mei
346 949 599 1044 capitis
648 945 1033 1018 dimittere.
1088 946 1325 1041 Hujus
1383 968 1558 1043 egO,
1603 960 1678 1017 et
1737 950 2054 1045 parentis
2109 950 2306 1045 ejuS,

138 1057 707 1155 prudentissimi
742 1070 961 1153 atque
996 1057 1253 1154 optimi
1291 1056 1520 1158 senis,
1548 1070 1622 1127 et
1659 1054 1896 1129 fratris
1929 1062 2308 1155 utriusque

140 1165 531 1238 filiorum⁵
571 1166 947 1255 manibus,
992 1170 1067 1237 in
1105 1167 1269 1236 navi
1305 1180 1460 1237 tuta
1505 1189 1588 1236 ac
1633 1163 1831 1236 fideli
1877 1168 2311 1259 collocatus,

144 1301 578 1375 eorumque
615 1300 871 1375 preces
908 1292 981 1347 et
1024 1291 1189 1347 vota
1232 1274 1326 1347 de
1382 1300 1548 1348 meo
1591 1276 1834 1348 reditu
1876 1278 2312 1365 exaudien5‚

142 1384 788 1486 Dyrrhachium⁶‚
830 1385 1031 1483 quod
1082 1402 1235 1459 erat
1288 1390 1365 1456 in
1403 1384 1549 1459 fide
1596 1408 1754 1457 mea
1776 1440 1796 1473 ,
1847 1402 2095 1483 petere
2131 1412 2313 1459 con-

148 1498 393 1569 tendi.
430 1501 599 1588 Quo
632 1520 862 1594 quum
904 1498 1303 1585 venissem,
1346 1499 1684 1593 cognovi,
1723 1495 1792 1568 id
1829 1496 2028 1593 quod
2050 1495 2314 1569 ⁴audie--

147 1632 320 1680 ram
340 1663 359 1694 ,
394 1606 731 1679 refertam
770 1630 924 1677 esse
958 1609 1303 1677 Graeciam
1335 1606 2042 1707 sceleratissimorum
2086 1604 2318 1675 homi-

154 1743 351 1793 num
376 1742 459 1791 ac
486 1716 964 1804 nefariorum,
989 1741 1310 1813 quorum
1333 1718 1641 1813 impium
1669 1712 1986 1788 ferrum
1969 1720 2318 1812 ignesque

153 1829 548 1931 pestiferos
590 1854 793 1901 meus
830 1829 948 1900 ille
978 1829 1397 1900 consulatus
1441 1854 1481 1899 e
1511 1826 1847 1899 manibus
1877 1842 2314 1900 extorserat.

154 1944 299 2040 qui
342 1955 731 2038 antequam
799 1938 889 2011 de
956 1964 1121 2011 meo
1184 1938 1502 2012 adventu
1563 1920 1812 2027 audire
1858 1944 2318 2036 potuissent,

155 2076 403 2149 quum
442 2064 727 2121 tantum
764 2048 1101 2122 abessent
1149 2046 1564 2167 aliquorum
1609 2047 1936 2119 dierum7
1975 2051 2204 2135 viam,
2241 2050 2322 2118 in

152 2161 709 2249 Macedoniam,
736 2158 827 2231 ad
852 2160 1416 2267 Planciumque
1405 2158 1714 2257 perrexi
1747 2160 1880 2230 Hic
1905 2180 2080 2229 vero
2109 2158 2322 2229 simul

160 2288 393 2369 atque
431 2297 544 2344 me
586 2295 789 2342 mare
824 2272 1159 2343 transisse
1204 2272 1551 2365 cognovit
1593 2265 1830 2400 (audi,
1864 2266 2071 2356 audi,
2102 2283 2323 2365 atque

162 2380 505 2467 attende,
550 2382 995 2465 LaterensiS,
1042 2393 1127 2450 ut
1163 2381 1380 2466 sciaS,
1413 2377 1600 2504 quid
1651 2401 1790 2475 ego
1819 2359 2132 2450 'Plancio
2193 2377 2322 2450 de·

160 2489 422 2578 beam,
457 2488 996 2586 confiteareque
1034 2434 1474 2587 aliquandO,
1510 2513 1666 2582 nne,
1704 2489 1904 2586 quod
1933 2483 2222 2576 faciam,
2250 2503 2325 2560 et

165 2616 412 2702 grate,
458 2613 532 2672 et
564 2595 731 2698 pie⁸
766 2599 1035 2688 facere;
1070 2599 1279 2688 huic,
1322 2625 1484 2700 quae
1521 2621 1654 2700 pro
1683 2598 1918 2672 salute
1955 2624 2114 2672 mea
2143 2597 2329 2672 fece-

2147 272 2287 347 583
2383 298 2388 314 ·

166 2837 225 2886 in
255 2839 429 2885 Bavar.
467 2835 741 2886 Delendum
781 2846 945 2884 censet
971 2837 1207 2901 Garatpn.

250 2917 299 2964 3.
324 2917 448 2978 Quoe
470 2931 527 2963 se
538 2915 737 2980 vulpot.
760 2913 999 2964 exscindae'.
1022 2914 1207 2963 Weisk-

174 3019 199 3039 ιι
227 3011 340 3060 quae
362 3012 414 3043 se
436 2997 601 3060 potius
624 2995 701 3042 vel
721 2993 941 3042 exscindi
966 3015 1005 3042 ι.

251 3086 305 3132 4.
337 3077 409 3124 Π.
432 3074 579 3122 Lenia·
604 3073 767 3124 Flacci
790 3072 988 3121 contuli.
1016 3073 1111 3136 Ep.
1142 3071 1205 3120 nd

172 3169 401 3210 uxorem,
416 3155 558 3212 xlv,
592 3162 623 3209 4
639 3187 654 3212 ,
672 3175 697 3195 α
710 3168 799 3200 nos
814 3151 1059 3199 Brundisii
1072 3150 1207 3216 apud.

172 3232 467 3287 M.Lenium
485 3231 709 3280 Flaccum
739 3230 840 3280 dles
866 3246 972 3279 nu
1001 3231 1205 3290 fuimus,

174 3313 341 3362 virum
359 3312 597 3376 optimum
610 3345 627 3368 ,
650 3311 737 3375 qui
756 3309 1029 3375 pericnlum
1048 3309 1207 3358 fortu-

176 3407 353 3440 narum
371 3425 389 3452 ,
417 3401 467 3438 et
491 3392 665 3454 capitis
690 3390 769 3438 sui
792 3405 894 3454 prae
920 3405 1025 3436 mea
1052 3388 1207 3436 salute

177 3469 429 3534 neglexit;
474 3485 631 3532 neque
674 3469 792 3531 legia
836 3467 1209 3531 improbissima

178 3565 328 3616 poena
348 3547 586 3598 deductus
608 3558 680 3596 est
694 3582 709 3607 ,
729 3547 991 3611 quominus
1003 3545 1211 3611 hospitii

182 3639 231 3678 et
250 3627 587 3688 ausicitiaejus,
610 3625 925 3690 officiumque
942 3637 1210 3691 praesuret.

180 3708 313 3758 Huic
335 3707 517 3756 utinam
537 3707 799 3771 aliquando
817 3705 1017 3770 gratiam
1034 3707 1209 3755 referre

182 3787 427 3852 possimus
436 3784 751 3850 {habebimus
759 3785 956 3849 quidem
970 3801 1207 3848 semper».

261 3867 312 3914 5.
352 3865 538 3930 Optimi
559 3864 713 3926 senis,
756 3877 825 3914 ee.
850 3899 863 3913 .
884 3899 897 3912 .
920 3899 933 3912 .
968 3865 1216 3928 utrimque

180 3943 419 4010 filiorum.
455 3947 621 3994 Graev.
656 3960 719 3992 ex
752 3944 937 3992 Erfurt.
976 3964 1001 3989 ᾳ
1026 3943 1216 4007 Optimi

190 4027 315 4074 senis
332 4058 347 4084 ‚
388 4035 438 4072 et
481 4023 642 4072 fratris
683 4035 733 4072 et
775 4025 1025 4086 utriusque
1064 4021 1155 4071 filii
1175 4045 1218 4072 n.

1299 2835 1433 2883 Idem
1459 2851 1552 2901 pro
1579 2838 1754 2893 Sexto,
1781 2837 1846 2884 63
1879 2853 1892 2884 :
1927 2857 1950 2880 u
1971 2839 2162 2884 Domus
2185 2827 2328 2886 Lenii

1299 2913 1459 2964 Flacci
1473 2947 1490 2973 ,
1506 2925 1555 2962 et
1568 2915 1722 2978 patris
1740 2925 1791 2962 et
1808 2915 1968 2964 fratris
1985 2916 2089 2976 ejus
2109 2937 2154 2965 ι.
2172 2915 2326 2981 Vulg-

1296 3016 1322 3050 ,α
1341 2995 1592 3056 utriusque
1619 2991 1830 3041 filiorum
1854 3015 1895 3042 a.

1365 3074 1415 3121 6.
1451 3069 1831 3132 Dyrrhachium.
1867 3073 1954 3120 Est
1977 3072 2094 3120 urba
2122 3073 2328 3122 celebris

1291 3154 1346 3200 in
1374 3149 1574 3214 Illyrico
1607 3151 1670 3198 ad
1697 3167 1856 3211 mare,
1895 3151 2024 3200 unde
2052 3153 2104 3200 in
2133 3151 2324 3201 Italiam

1296 3232 1546 3292 trajectus.
1567 3230 1650 3278 Ad
1668 3231 1863 3279 Terent.
1889 3233 2028 3290 xlv,
2053 3246 2074 3280 1
2105 3245 2118 3280 ε
2147 3253 2173 3273 α
2195 3235 2326 3298 Dyr-

1295 3310 1548 3359 rhachium
1571 3311 1712 3364 veni,
1743 3310 1882 3374 quod
1906 3319 1956 3358 et
1975 3309 2128 3360 libem
2154 3310 2326 3360 civim

1294 3401 1367 3438 est
1389 3389 1629 3454 [ideoque
1649 3388 1752 3452 lego
1771 3389 1946 3439 Clodia
1959 3405 2062 3438 non
2083 3389 2325 3455 :caetui-J,

1297 3480 1348 3517 et
1373 3469 1424 3515 in
1452 3483 1528 3516 me
1553 3465 1800 3529 officiosa,
1831 3482 1878 3518 et
1905 3472 2132 3536 proxima
2158 3470 2327 3518 Italiae.

1299 3547 1396 3596 sed
1414 3549 1456 3595 si
1473 3564 1550 3596 me
1571 3547 1790 3598 offendet
1806 3549 1906 3598 loci
1924 3549 2176 3597 celebritas
2191 3583 2204 3608 ,
2227 3547 2327 3601 alio
2384 3589 2392 3595 .

1300 3643 1376 3676 me
1404 3627 1652 3676 conferam
1665 3649 1709 3676 υ.

1374 3724 1420 3768 7.
1453 3707 1608 3770 Quum
1660 3718 1848 3755 cantum
1859 3739 2012 3755 .....
2050 3705 2330 3769 aliquorum

1303 3785 1514 3834 dierum.
1557 3786 1639 3834 Al.
1680 3796 1799 3834 uun.
1844 3787 2003 3833 Gtaev.
2039 3799 2103 3832 ex
2145 3784 2330 3834 Erfurt.

1304 3865 1476 3912 Bavar.
1513 3874 1606 3914 ete.
1646 3887 1671 3906 α
1699 3879 1852 3927 quum
1887 3872 2076 3910 tantum
2109 3861 2335 3913 abennem

1305 3943 1494 4008 aliquot
1509 3943 1702 3992 dierum
1714 3965 1758 3990 n.
1783 3941 1949 3991 Multo
1965 3939 2154 3992 melius.

1381 4015 1770 4087 8.‘Alae'quando,
1792 4037 1893 4080 me,
1919 4019 2270 4086 quodfhciaem,
2293 4031 2340 4070 σε
