2594 4537
298 265 440 361 390
948 266 1045 333 M.
1098 267 1176 333 T.
1230 264 1778 335 CICERONIS

294 384 735 459 redundaret
756 440 776 474 ,
824 389 883 455 si
938 386 1091 459 sine
1154 385 1409 483 populi
1459 384 1734 481 judicio
1766 381 1797 426 ⁵
1853 386 2167 459 restituti
2227 386 2422 471 vide-

291 522 560 570 remur.

388 609 810 706 Eodemque
852 607 1151 679 consilio
1172 662 1193 697 ,
1238 610 1336 679 M.
1377 605 1659 695 Bibuli,
1697 604 2065 680 fortissimi
2108 608 2283 695 viri,
2321 632 2430 689 se-.

288 734 504 791 natus
548 718 973 791 sententiam
1016 731 1370 815 sequutus
1408 732 1554 805 est,
1596 732 1684 793 ut
1713 742 1842 790 vos
1889 714 1980 792 de
2010 740 2172 791 mea
2205 716 2434 795 domo

291 830 743 901 statueretis:
794 852 945 899 non
995 827 1198 924 quod
1242 826 1650 917 dubitaret,
1685 828 1866 925 quin
1917 825 2012 899 ab
2059 828 2202 899 isto
2251 826 2434 910 nihil

290 939 617 1036 legibnS,
664 938 845 1009 nihil
900 937 1419 1035 religionibuS,
1467 937 1649 1009 nihil
1692 937 1856 1033 jure
1906 951 2098 1009 esset
2147 952 2438 1025 actum3

290 1047 418 1120 sed
454 1072 547 1119 ne
584 1048 749 1149 quis
787 1049 1099 1120 oriretur
1134 1045 1527 1145 aliquando
1566 1050 1640 1118 in
1679 1060 1882 1118 tanta
1919 1046 2258 1119 ubertate
2303 1050 2434 1117 im-

292 1157 695 1257 proborum
721 1213 742 1246 ,
793 1162 921 1257 qui
968 1162 1048 1229 in
1098 1160 1277 1229 meis
1323 1156 1596 1229 aedibus
1639 1158 1956 1255 aliquam
2003 1156 2434 1254 religionem

291 1267 605 1340 residere
640 1269 933 1341 diceret.

387 1381 567 1449 Nam
617 1378 851 1476 legem
904 1377 1199 1477 quidem
1252 1383 1458 1449 istam
1477 1434 1497 1468 ,
1548 1378 1822 1451 nullam
1872 1402 2026 1449 esse
2042 1432 2061 1468 ,
2113 1380 2430 1475 quoties-

290 1512 607 1588 cumque
646 1486 738 1560 de
773 1514 892 1559 me
928 1505 1223 1561 senatus
1256 1489 1689 1563 sententiam
1723 1488 1939 1576 dixit,
1984 1489 2200 1562 toties
2239 1488 2426 1583 judi-

289 1599 523 1669 cavit:
566 1600 913 1695 quoniam
969 1597 1264 1695 quidem
1327 1601 1596 1698 scripto
1641 1598 1766 1672 illo
1815 1600 2018 1669 istius
2031 1596 2090 1684 ⁶,
2135 1614 2424 1671 sentem

287 1710 463 1779 tiam
534 1708 769 1780 dicere
830 1708 1228 1781 vetabatur.
1301 1713 1540 1807 Atque
1605 1708 1794 1781 hanc
1853 1732 2012 1783 rem
2069 1732 2201 1805 par
2251 1706 2422 1779 illud

289 1818 561 1905 simile,
612 1820 777 1890 Piso
825 1833 900 1891 et
946 1817 1332 1911 GabiniuS,
1386 1818 1588 1905 vidit.
1638 1820 1984 1889 Homines
2031 1817 2277 1914 legum
2309 1818 2420 1912 ju-

289 1924 792 2025 diciorumque
844 1943 1249 2018 metuentes
1276 1982 1296 2019 ,
1353 1954 1580 2026 quum
1637 1926 2266 2025 frequentissimus
2315 1952 2419 1999 se-

288 2052 502 2109 natus
548 2062 707 2129 e05,
757 2054 839 2110 ut
892 2039 983 2111 de
1040 2062 1155 2111 me
1205 2040 1594 2128 referrent,
1650 2036 1978 2147 quotidie
2037 2038 2418 2135 flagitaret,

286 2172 439 2221 non
483 2172 560 2223 se
606 2176 759 2223 rem
796 2149 1215 2251 improbare
1259 2149 1637 2238 dicebant,
1683 2147 1810 2231 sed
1850 2148 2008 2245 lege
2043 2148 2251 2233 istius
2293 2150 2418 2221 im-

286 2259 542 2356 pediri.
576 2266 746 2334 Erat
780 2261 923 2333 hoc
952 2287 1206 2334 verum
1242 2288 1259 2332 ε
1303 2287 1468 2332 nam
1512 2257 2125 2358 impediebantur,
2172 2285 2416 2332 verum

290 2393 373 2440 ea
410 2369 567 2468 lege
590 2381 643 2465 ⁷,
690 2395 911 2467 quam
951 2369 1143 2441 idem
1179 2373 1315 2443 iste
1345 2370 1437 2442 de
1469 2370 1895 2442 Macedonia
1933 2371 2284 2470 Syriaque
2319 2385 2416 2442 tu-

288 2479 489 2550 lerat.

386 2591 679 2659 XXVII.
742 2595 982 2662 Hanc¹
1044 2607 1166 2686 tu,
1229 2595 1307 2662 P.
1366 2592 1708 2682 Lentule,
1767 2615 2010 2690 neque
2069 2593 2412 2690 privatuS,

286 2722 530 2794 neque
567 2701 822 2772 consul
859 2702 1091 2799 legem
1128 2727 1281 2776 esse
1320 2726 1666 2800 umquam
1707 2705 1973 2801 putasti
2019 2729 2036 2772 ε
2088 2727 2254 2774 nam
2297 2705 2415 2774 tri-

286 2807 506 2879 bunis
554 2809 788 2908 plebis
812 2823 841 2855 ²
896 2811 1380 2885 referentibus
1402 2868 1422 2901 ,
1467 2815 1897 2884 sententiam
1945 2811 2040 2883 de
2091 2837 2210 2884 me
2245 2812 2414 2885 desi-

286 2933 549 3015 gnatus
609 2921 864 2993 consul
924 2948 1109 3022 saepe
1171 2923 1456 3012 dixisti3
1517 2949 1606 2994 ex
1655 2921 1980 3010 kalendis
2030 2922 2410 3018 januariis,

286 3027 531 3123 quoad
582 3029 901 3128 perfecta
942 3057 1057 3104 res
1096 3049 1205 3105 est
1230 3087 1250 3117 ,
1290 3031 1382 3105 de
1423 3057 1544 3104 me
1583 3033 1890 3104 retulisti
1915 3087 1935 3120 ‚
1981 3031 2216 3130 legem
2261 3057 2410 3131 pro-

358 3217 409 3265 5.
442 3217 499 3264 Se·
516 3217 620 3265 sine
644 3217 1035 3284 popuh'judici'o.
1054 3221 1179 3270 Cod.
1198 3221 1308 3271 cnr.
1395 3221 1553 3286 legem
1594 3221 1726 3270 inin·
1763 3229 2038 3270 cetratus-0⁸
2052 3254 2071 3279 ,
2115 3219 2170 3268 id
2215 3233 2316 3280 ent,
2357 3220 2414 3268 de

288 3295 457 3358 steph.
478 3317 505 3337 ιι
520 3296 572 3342 Si
600 3297 705 3344 tine
726 3299 916 3362 populo
938 3299 1151 3348 restituti
1172 3300 1311 3349 vide·
1397 3301 1650 3349 Ciceroni·
1677 3299 1840 3348 reditu
1863 3313 1968 3347 non
1983 3315 2090 3347 enee
2114 3297 2183 3348 nd
2206 3311 2412 3350 cenatum

288 3389 453 3421 remur
467 3393 509 3420 ι.
548 3373 644 3421 Sed
678 3376 822 3427 etiam
848 3377 1025 3438 cam,
1052 3377 1173 3426 Bell.
1199 3379 1310 3427 Civ.
1395 3378 1648 3427 mintium.

288 3455 396 3512 111,
428 3467 473 3512 ι,
508 3453 701 3500 exsules
724 3455 987 3518 quondam,
1024 3457 1213 3521 legibus
1241 3457 1314 3506 1-
1469 3461 1682 3506 nvn.
1717 3473 1764 3506 1.
1803 3459 1964 3506 Hanc.
2009 3455 2130 3505 Non
2177 3473 2322 3521 quam
2358 3455 2413 3504 de

286 3531 379 3594 tin,
404 3549 432 3581 a
456 3549 508 3581 ae
534 3532 781 3581 restituto·
799 3533 898 3596 nit,
923 3535 1061 3599 qnod
1088 3546 1310 3585 «statue-
1400 3537 1692 3586 Maoedonin
1719 3547 1770 3585 et
1787 3537 1952 3602 Syria,
1979 3537 2066 3586 aed
2089 3555 2240 3602 quam
2261 3538 2320 3587 de
2337 3537 2409 3586 ci-

286 3623 387 3670 nt,
428 3612 520 3661 hoe
552 3610 743 3673 jndicio
767 3611 942 3677 populi
971 3613 1149 3664 debere
1174 3617 1314 3665 mti-
1401 3631 1578 3666 cei-one
1607 3616 1800 3665 tulerat.

287 3691 358 3738 tui
388 3711 432 3740 ι.
1471 3711 1526 3746 2.
1562 3694 1779 3744 stibmu‘s
1801 3695 1973 3759 plebis.
2013 3698 2137 3746 Post
2159 3713 2214 3744 tv
2240 3697 2306 3746 id.
2333 3695 2406 3743 de-

356 3775 409 3819 6.
438 3775 585 3821 Forte
603 3772 792 3838 aliquid
815 3772 1105 3822 mendosum
1124 3771 1310 3822 subtat-
1402 3775 1586 3824 cembr.
1605 3773 1782 3839 quibus
1815 3776 1876 3822 T.
1899 3775 2117 3834 Annius,
2149 3777 2210 3826 P.
2235 3775 2404 3826 Sextius

283 3853 333 3898 J.
348 3853 413 3899 V.
442 3854 497 3898 1..
1397 3866 1448 3902 et
1473 3855 1558 3902 alii
1585 3855 1886 3904 tribunatum
1907 3855 2142 3904 inierunt.
2173 3883 2246 3892 —-
2265 3857 2404 3904 Antea

360 3945 409 3988 7.
443 3933 623 3977 Verum
650 3948 711 3979 ea
756 3933 873 3998 lege.
914 3937 1025 3996 Qua
1064 3945 1307 3998 tamquam
1396 3949 1596 3998 quoque
1615 3949 1630 3982 :
1651 3935 1761 3983 vide
1784 3934 1848 3983 nd
1869 3949 2023 3998 cap-a
2053 3945 2168 3998 post
2193 3935 2346 3984 Redit.
2357 3935 2404 3980 in

286 4009 435 4071 empti
460 4010 683 4061 consule·
708 4011 889 4060 Clodio
912 4013 1233 4076 promiserant
1254 4029 1306 4060 se
1397 4015 1507 4062 Seu.
1537 4013 1725 4062 Ibidem
1751 4013 1950 4062 consule
1971 4029 2078 4077 cap.
2109 4021 2157 4070 ι.
