2594 4537
221 312 771 333 mmm
780 310 871 331 Μ
878 310 2352 341 ΜΜΜΜΜΜΜΜΜΜΜΜ

738 500 1057 607 EXC
1084 500 1171 605 U
1204 503 1297 604 R
1327 504 1400 607 S
1428 501 1512 606 U
1539 504 1612 607 S
1696 506 1857 607 IV

627 746 1203 827 GASPARIS
1258 748 1992 863 GARATONH,

556 946 631 991 Ad
662 960 717 993 ea
738 946 977 993 Ciceronis
1006 948 1147 995 verba
1164 982 1179 1003 ,
1222 958 1344 997 orat.
1363 964 1456 1011 pro
1472 952 1562 999 Cn.
1584 950 1776 997 Plancio
1794 982 1812 1007 ‚
1833 963 1940 1013 cap,
1968 952 2060 1001 32:

280 1115 400 1171 Sed
422 1133 543 1181 me,
580 1133 755 1189 quum
785 1126 997 1171 tantmn
1013 1115 1143 1189 jam
1175 1116 1423 1173 Plancio
1453 1114 1714 1175 deberem
1731 1160 1752 1189 ,
1794 1118 2010 1179 Racilii
2034 1122 2324 1196 beneficiis

1000 1211 1197 1283 fuisse
1226 1225 1566 1271 contentum.

318 1564 635 1631 Mendose
666 1566 738 1629 in
772 1566 919 1631 cod.
959 1566 1259 1632 AmbroS.
1318 1582 1416 1631 est
1475 1566 1770 1657 beneficii.
1815 1570 2022 1653 Nam,
2059 1572 2180 1637 etsi
2207 1596 2362 1641 cum

230 1674 568 1755 Noltenio,
620 1674 767 1737 Lex.
834 1672 1153 1737 antibarb.
1211 1696 1275 1761 p.
1322 1677 1524 1757 1402,
1583 1676 2142 1741 constructionem
2195 1678 2366 1748 hanc

230 1800 365 1842 non
408 1800 549 1843 esse
593 1778 675 1841 ab
707 1777 889 1841 omni
936 1776 1248 1841 latinitate
1299 1779 1854 1844 exterminandam
1897 1804 2156 1847 censeas
2172 1831 2192 1865 ,
2227 1808 2364 1849 non

232 1900 331 1948 est
376 1906 449 1948 ea
499 1884 794 1972 profecto
844 1882 1180 1965 Ciceroni,
1226 1882 1528 1971 illiusque
1590 1886 1946 1973 aequalibus
1997 1888 2366 1955 tribuenda.

232 1991 557 2054 Gesner-us
586 1991 653 2051 in
690 1988 883 2052 Thes.
912 2004 959 2051 t.
995 1988 1049 2069 1,
1075 2010 1219 2076 pag.
1249 2008 1440 2069 1212,
1479 1988 1780 2055 nondum
1810 1992 1870 2055 ei
1902 1992 2174 2079 plenum
2204 1995 2369 2060 Latii

211 2118 217 2125 ·
226 2098 333 2176 jus
368 2110 685 2159 assertum
718 2114 858 2159 esse
893 2093 1215 2175 decernit,
1270 2095 1380 2158 cui
1429 2095 1570 2158 viro
1603 2093 1982 2161 doctissimo
2011 2101 2368 2165 assentitur

233 2201 455 2265 similis
489 2200 661 2265 illius
692 2198 1121 2265 Ruhnkenius
1148 2196 1231 2262 ad
1248 2198 1594 2282 Velleium,
1619 2202 1709 2282 11,
1745 2202 1852 2267 88.
1879 2204 1982 2267 De
2003 2205 2220 2270 minus
2251 2228 2368 2271 an-

232 2309 428 2396 tiquis
465 2307 871 2395 temporibus
911 2321 1125 2368 tamen
1168 2305 1310 2392 ipse
1342 2327 1476 2368 non
1511 2305 1752 2371 abnuo.
1793 2308 1996 2389 Quod
2029 2313 2196 2376 scire
2229 2335 2370 2377 ma·

233 2416 404 2478 xime
440 2417 775 2478 interesset
795 2463 813 2490 ‚
848 2410 1163 2500 quidnam
1197 2411 1444 2475 Racilio
1479 2411 1784 2478 acciderit
1813 2415 1993 2497 mali,
2035 2417 2106 2478 in
2142 2439 2256 2502 eo,
2291 2437 2370 2486 ut

234 2524 303 2584 in
340 2521 475 2585 aliis
520 2543 601 2585 ex
633 2519 901 2584 historia
936 2517 1271 2581 nonnullis
1288 2565 1308 2598 ,
1337 2517 1420 2580 ab
1456 2517 1584 2581 hoc
1615 2519 1957 2585 scholiaste
1987 2519 2368 2591 deserimur.

233 2629 692 2692 Verumtamen
726 2624 971 2714 aliquid
1002 2625 1113 2688 ille
1146 2623 1362 2688 attulit
1397 2625 1588 2688 novi:
1618 2627 1896 2707 «Exstat,
1924 2628 2162 2716 inquit,
2185 2631 2368 2695 libel..

233 2736 333 2797 lus
362 2732 649 2811 ejusdem
680 2732 1041 2810 Ciceronis,
1076 2731 1187 2818 qui
1218 2730 1308 2793 ita
1343 2730 1753 2812 inscribitur,
1775 2729 2188 2800 'EDICTUM
2218 2737 2368 2802 LU-

233 2841 347 2904 CII
390 2837 707 2901 RACILII
744 2837 1099 2900 TRIBUNI
1143 2837 1468 2918 PLEBIS,
1501 2837 1686 2923 quod
1717 2838 1840 2901 sub
1875 2841 2142 2905 nomine
2165 2841 2368 2930 ipsius

234 2951 459 3013 Cicero
480 2945 733 3033 scripsit
755 2945 932 3032 (non
965 2946 1312 3030 inser-ipsa,
1339 2960 1417 3008 ut
1448 2945 1516 3008 in
1549 2943 1811 3030 codice)
1841 2946 1910 3008 in
1933 2948 2367 3014 invectionem

236 3055 303 3119 P.
344 3053 556 3118 Clodii
587 3081 632 3114 ι.
666 3049 909 3114 Plancii
938 3045 1182 3137 collega
1214 3050 1494 3113 Racilius
1531 3049 1598 3112 in
1637 3049 1977 3115 tribunatu
2005 3053 2130 3116 fuit
2165 3076 2183 3118 τ
2227 3077 2366 3120 non

235 3177 454 3225 autem
500 3179 633 3246 quo
672 3177 847 3220 anno
886 3155 1115 3220 Cicero
1158 3155 1229 3218 in
1270 3157 1542 3243 patriam
1575 3154 1800 3237 rediit,
1839 3173 1916 3220 ut
1950 3159 2162 3223 Maius
2193 3159 2368 3225 affir-

238 3281 369 3328 mat
387 3313 406 3344 ,
427 3287 506 3328 eo
524 3265 791 3326 fortasse
814 3259 1154 3348 deceptus,
1182 3260 1364 3348 quod
1391 3260 1638 3324 tribuni
1670 3260 1875 3348 plebis
1908 3285 2154 3328 annum
2174 3287 2370 3330 suum

240 3391 371 3432 non
410 3393 447 3433 a
472 3365 759 3431 kalendis
778 3366 1107 3447 januariis,
1131 3380 1207 3429 ut
1232 3366 1428 3429 ceteri
1459 3365 1888 3453 magistratus,
1917 3391 2146 3432 verum
2189 3371 2272 3434 ab
2312 3394 2369 3436 a.

238 3475 303 3539 d.
344 3476 433 3538 lv
471 3473 619 3538 idus
651 3472 1027 3538 decembres
1080 3459 1476 3558 incipiebant
1518 3493 1536 3535 ε
1589 3493 1710 3534 nos
1765 3473 2006 3538 etenim
2053 3497 2134 3539 ex
2173 3476 2370 3540 Tullii

240 3580 611 3644 testimonio
633 3569 880 3642 annum
914 3577 1043 3664 697
1068 3577 1143 3662 (i.
1170 3597 1223 3638 e.
1260 3575 1390 3660 698
1415 3575 1642 3640 Almel.
1663 3575 1708 3662 )‚
1737 3577 1804 3642 in
1835 3577 2120 3644 editione
2152 3599 2374 3648 nostra

238 3689 579 3776 posuimus
600 3735 617 3767 ,
648 3686 949 3774 Philippo
983 3701 1049 3750 et
1077 3684 1455 3748 Marcellino
1481 3707 1647 3748 coss.
1685 3708 1901 3774 neque
1934 3687 2118 3752 aliter
2149 3688 2220 3752 in
2267 3692 2375 3755 Ci-

241 3796 491 3858 ceronis
528 3792 795 3857 historia
832 3791 1161 3855 Fabricius
1194 3811 1209 3854 :
1244 3813 1382 3876 quo
1415 3789 1681 3878 quidem
1715 3813 1914 3874 anno,
1947 3809 2023 3856 ut
2054 3792 2252 3858 modo
2277 3795 2378 3860 di-

242 3901 489 3978 ximus,
531 3900 603 3962 P.
648 3897 946 3960 Clodium
980 3911 1233 3959 constat
1268 3895 1634 3960 aedilitatem
1669 3898 1956 3984 gessisse.
2001 3898 2126 3962 Hic
2159 3900 2378 3988 itaque

244 4006 659 4069 turbulentus
684 4001 901 4084 aedilis,
938 4002 1161 4066 sivein
1200 4003 1542 4083 concione,
1569 4003 1703 4067 sive
1730 4025 1845 4092 per
1879 4003 2166 4070 edictum
2205 4005 2382 4070 Raci-

2023 4113 2138 4195 40.
