2594 4537
362 269 496 356 144
1020 261 1117 340 M.
1168 271 1245 338 T.
1292 261 1843 340 CICERONIS

351 406 623 490 quanta
658 389 1187 488 largitiOPQuae
1220 414 1662 488 quamquam
1699 390 1900 461 utilia
1926 392 1992 440 ¹⁴
2021 406 2193 462 sunt
2229 415 2484 475 causae,

351 500 603 572 timide
650 515 893 578 tamen
941 495 1228 587 dico¹⁵;
1272 493 1475 598 quod
1513 522 1794 588 vereor,
1831 523 1925 571 ne
1961 498 2218 572 Laelius
2253 526 2341 572 ex
2378 501 2486 572 his

351 611 572 684 rebus
595 665 615 698 ‚
677 634 857 707 quas
906 609 1045 680 sibi
1102 611 1418 708 suscepit
1463 610 1706 708 gloriae
1745 632 1956 681 causa
1987 608 2074 697 ¹⁶,
2119 625 2324 709 putet
2361 613 2484 683 ali-

353 721 567 819 quid,
590 723 919 791 oratione
942 742 1127 806 mea,
1150 721 1506 794 sermonis
1535 723 1611 792 in
1643 743 1832 810 sese,
1864 735 1989 792 aut
2019 719 2304 792 invidiae
2333 745 2486 794 esse

353 833 760 928 quaesitum.

447 947 571 1012 VI.
615 946 869 1041 Itaque
907 942 1095 1015 hanc
1131 958 1412 1041 partem
1451 957 1676 1015 totam
1717 943 2165 1042 relinquam:
2205 959 2482 1018 tantum

352 1077 395 1123 a
422 1050 633 1123 vobis
668 1067 906 1152 petam
927 1108 947 1143 ,
976 1053 1289 1150 judices,
1327 1069 1446 1140 ut,
1479 1052 1751 1152 siquid
1787 1055 1926 1153 ipsi
1962 1055 2260 1128 audistis
2292 1081 2484 1129 com·

350 1163 557 1234 muni
598 1160 786 1234 fama
827 1179 1048 1262 atque
1092 1169 1466 1253 sermone,
1513 1162 1606 1236 de
1653 1167 1768 1252 vi,
1805 1163 1896 1235 de
1941 1189 2205 1254 manu,
2249 1165 2343 1238 de
2376 1191 2485 1237 ar-

350 1274 486 1344 mis
506 1284 557 1360 ¹,
588 1271 680 1345 de
718 1275 983 1372 copiis;
1015 1276 1527 1362 memineritis,
1563 1299 1873 1373 quarum
1908 1299 2154 1351 rerum
2186 1275 2484 1363 invidia,

350 1383 505 1482 lege
538 1382 675 1456 hac
706 1385 1027 1456 recenti²
1065 1408 1148 1455 ac
1182 1409 1408 1472 nova,
1434 1399 1674 1456 certus
1707 1381 1859 1458 est-'³
1892 1386 2347 1483 inquisitioni
2377 1411 2486 1458 co·

348 1496 603 1565 mitum
644 1518 995 1566 numerus
1036 1495 1498 1566 constitutus.
1537 1492 1719 1582 Sed,
1755 1508 1841 1564 ut
1874 1493 2061 1566 hanc
2093 1495 2242 1564 vim
2282 1498 2487 1565 omit·

348 1618 498 1675 tam
517 1659 537 1692 ,
567 1618 839 1701 quanta
864 1604 981 1677 illa
1007 1607 1221 1676 sunt?
1249 1629 1410 1701 quae
1437 1606 1784 1703 quoniam
1813 1609 2256 1676 accusatorio
2275 1602 2310 1660 ⁴
2327 1604 2484 1701 jure

356 1730 429 1786 et
486 1740 687 1786 more
752 1730 926 1786 sunt
978 1713 1159 1787 facta
1180 1770 1200 1803 ,
1260 1715 1793 1814 reprehendere
1853 1740 2006 1787 non
2056 1739 2484 1814 possumus,

353 1830 561 1923 queri
624 1839 865 1897 tamen
922 1825 1250 1924 cogimur
1290 1853 1306 1894 τ
1365 1828 1684 1924 primum
1712 1880 1733 1915 ,
1795 1826 1996 1924 quod
2020 1880 2040 1914 ,
2087 1825 2484 1897 distributis

352 1933 680 2033 partibus
704 1930 756 2023 ⁵,
798 1959 1039 2007 sermo
1090 1950 1199 2007 est
1238 1949 1392 2008 tota
1425 1937 1589 2008 Asia
1624 1933 2010 2034 dissipatus
2036 1991 2056 2026 ,
2103 1939 2234 2008 Cn.
2277 1940 2484 2008 Pom·

404 2050 634 2133 cium,
697 2046 899 2142 quod
958 2051 1038 2118 L.
1100 2046 1356 2119 Flacco
1419 2060 1530 2117 est
1583 2045 2052 2118 vehementer
2109 2046 2484 2133 inimicus,

350 2156 809 2230 contendisse
832 2182 873 2228 a
894 2157 1113 2229 Laelio
1131 2211 1151 2246 ,
1174 2171 1482 2254 paterno
1507 2157 1740 2227 amico
1755 2151 1788 2200 ⁶
1813 2175 1898 2226 ac
1928 2157 2494 2254 pernecessariO,

424 2371 509 2417 ¹4.
570 2361 723 2410 Utilia
772 2372 887 2409 sunt
928 2375 1108 2409 cansa.
1160 2360 1372 2410 Ναοῦ-ω.

348 2442 499 2506 Quod
510 2478 526 2504 ,
540 2456 694 2505 quum
707 2451 784 2488 tot
797 2450 941 2489 testes
958 2440 1220 2491 adduxeris
1231 2478 1247 2503 ,
1261 2452 1373 2488 tan·

348 2534 448 2571 tam
474 2521 573 2569 vim
602 2520 825 2584 pecunie
850 2518 1177 2582 absumpseris
1191 2554 1207 2578 ,
1232 2528 1373 2567 tanto

349 2601 518 2651 studio
532 2635 547 2659 ‚
562 2610 694 2647 tanta
713 2598 961 2664 diligentia
980 2634 995 2659 ,
1006 2608 1081 2647 tot
1095 2598 1374 2665 laboribus,

347 2692 427 2729 tot
463 2678 641 2743 vigiliis
683 2678 857 2726 enixus
899 2678 1046 2725 fueris
1062 2714 1079 2738 ,
1118 2678 1172 2726 id
1216 2693 1372 2726 unum

352 2757 782 2819 demonstraveris,
827 2768 878 2807 et
918 2756 1147 2805 Flaccum
1188 2757 1374 2807 invidia

348 2838 647 2903 superiorem
676 2852 779 2885 esse
806 2847 856 2885 et
890 2846 987 2886 tete
1014 2836 1172 2902 ipsum
1202 2838 1374 2903 grecis

348 2914 679 2967 ardelionibns
695 2914 819 2965 ludo
837 2915 1001 2965 fuisse.

424 2996 505 3045 15.
535 2998 589 3045 T.
615 3007 649 3045 t.
678 2994 805 3044 dico.
822 2998 1015 3045 Merum
1040 2994 1316 3046 dicterium.

424 3074 509 3125 16.
538 3074 722 3123 Gloria·
749 3090 916 3123 causa.
938 3076 1099 3138 Quam
1126 3090 1189 3123 ex
1212 3074 1374 3123 Flacci

350 3154 755 3205 condemnatione
774 3155 1003 3220 speravit.

416 3238 510 3284 vl.
538 3250 583 3284 1.
610 3236 687 3281 De
708 3234 797 3291 vi,
824 3234 887 3283 de
914 3234 1243 3284 melem-mis.
1272 3236 1375 3282 Lae-

348 3316 401 3363 iii
419 3352 435 3377 ‚
454 3313 541 3378 qni
553 3314 663 3373 iure
678 3315 983 3363 accusatorio
1000 3312 1181 3361 abusus
1198 3313 1371 3361 fuerat.

420 3410 473 3443 ο.
519 3396 639 3458 Lege
666 3392 761 3441 hac
784 3393 985 3441 recenti.
1018 3395 1177 3458 Quam
1206 3392 1373 3457 paullo

345 3484 457 3523 ante
482 3473 645 3523 (ζωι-
670 3472 843 3522 consul
864 3472 925 3521 de
946 3472 1229 3537 repetundis
1254 3488 1371 3536 pro-

345 3554 659 3619 mulgaverat.
690 3556 749 3601 In
768 3553 851 3601 illa
880 3564 1043 3602 antem
1066 3552 1175 3617 lege
1207 3563 1372 3601 certus

346 3631 579 3681 comitum
598 3648 827 3682 numerus
848 3634 1119 3681 accusatori
1136 3632 1192 3679 in
1208 3632 1371 3695 requi·

346 3712 501 3760 nendo
534 3712 863 3777 assignabatur
896 3712 964 3761 ob
994 3708 1368 3761 invidiam'illa-

346 3806 455 3839 rum
480 3803 639 3839 rerum
652 3826 667 3849 ,
702 3808 823 3856 quas
853 3792 909 3840 in
940 3791 1163 3840 Flaccum
1188 3790 1370 3841 fecerat

346 3868 542 3919 Loelius.
562 3870 638 3920 cf.
653 3870 718 3919 ad
737 3871 857 3919 calc.
875 3870 975 3919 vol.
996 3871 1141 3937 prim.
1160 3870 1372 3919 Excute.

344 3948 408 3995 de
439 3948 545 4009 jud.
579 3949 717 4012 publ.
744 3948 776 4015 s
802 3952 1009 4014 quaestio
1046 3962 1280 4016 perpetua
1307 3950 1367 3999 de

344 4028 647 4092 repetundis.

1534 2356 1585 2410 3.
1609 2358 2012 2411 Emendationem
2037 2360 2236 2423 Faerni,
2256 2358 2354 2417 sie,
2379 2362 2482 2409 Bru.

1460 2440 1721 2505 probavit3
1759 2440 1988 2489 nonnulli
2023 2456 2182 2504 nuper
2219 2438 2479 2499 admisere,

1459 2518 1588 2568 iuter
1603 2535 1730 2585 qnos
1747 2519 1864 2587 edit.
1893 2520 2174 2585 lipsien-is.
2196 2521 2248 2568 J.
2263 2520 2338 2567 V.
2367 2521 2422 2567 1..

1535 2608 1584 2657 4.
1611 2598 1930 2647 Accusatorio
1941 2596 2076 2663 jus-e.
2115 2600 2237 2648 June
2263 2613 2328 2647 eo
2357 2595 2482 2665 qnod

1460 2678 1800 2727 accusantibus
1819 2677 1925 2742 lege
1949 2676 2107 2726 datur.

1532 2754 1585 2808 5.
1629 2754 1908 2805 Disnibutis
1935 2756 2178 2823 partibus.
2213 2756 2393 2806 Multis
2425 2768 2482 2804 ex

1459 2836 1562 2885 anis
1593 2836 1857 2885 comitibus
1889 2837 1944 2883 in
1978 2834 2138 2883 varias
2165 2834 2301 2883 Asia
2330 2846 2484 2900 partes

1461 2914 1767 2979 distrihutis,
1804 2915 1892 2980 qui
1924 2929 2196 2964 minonem
2240 2913 2384 2964 illum
2427 2914 2484 2963 de

1462 2996 1554 3045 Cn.
1580 2995 1815 3061 Pompeio
1837 2994 2154 3060 dissiparent,
2177 2994 2234 3045 id
2255 3005 2336 3043 est
2350 3029 2368 3055 ,
2392 2994 2482 3043 dis·

1461 3085 1740 3140 pergerent.

1531 3154 1584 3203 6.
1615 3157 1828 3203 Paterno
1851 3150 2033 3205 amieo.
2061 3154 2237 3203 Lalina
2256 3162 2482 3219 paternus

1459 3234 1644 3283 amicus
1684 3233 1778 3285 Cn.
1822 3234 2044 3298 Pompeii
2097 3244 2306 3281 vocatur
2323 3268 2341 3294 ,
2389 3248 2480 3281 nm

1461 3313 1598 3378 quod
1637 3313 1745 3379 ipse
1784 3310 1962 3362 Lelina
1999 3311 2288 3363 adolescens
2337 3314 2482 3379 patris

1460 3392 1682 3458 Pompeii
1719 3394 1904 3441 amicus
1939 3392 2120 3451 fuerit,
2157 3393 2247 3457 qui
2273 3391 2347 3444 28
2373 3408 2479 3441 ann.

1457 3482 1597 3532 ante,
1647 3472 1804 3521 Cinna
1840 3482 1890 3519 et
1927 3472 2134 3521 Octavio
2165 3487 2295 3521 cosa.
2328 3474 2480 3538 perie-
2497 3516 2508 3525 ,

1456 3562 1560 3609 rat,
1591 3550 1675 3599 aed
1706 3550 1844 3617 quod
1876 3550 2006 3598 inter
2035 3549 2290 3615 utriusque
2325 3564 2481 3617 petre·

1456 3630 1666 3680 amicitia
1689 3628 1940 3695 quondm
1955 3640 2008 3677 et
2027 3628 2327 3679 familiaritas
2345 3630 2480 3681 inter·

1457 3721 1683 3759 cesserat.
1720 3708 1932 3758 Plurima
1967 3708 2258 3771 hujusmodi
2288 3708 2481 3759 dicendi

1457 3802 1572 3839 aunt
1596 3790 1834 3855 exempla.
1864 3788 1996 3837 Intra
2030 3804 2139 3853 cap.
2178 3790 2274 3851 32,
2295 3790 2364 3839 de
2389 3791 2478 3837 De·

1457 3872 1624 3921 cinno:
1641 3872 1776 3921 «Cur
1787 3881 1948 3918 antem
1962 3878 2142 3933 prator
2159 3870 2246 3933 [L.
2260 3865 2476 3929 Flaccus]

1457 3960 1504 3998 te
1545 3949 1798 4002 inimicum
1836 3959 2090 4013 paternum
2123 3949 2180 3996 in
2219 3949 2478 3998 consilium

1457 4030 1654 4079 vocavit
1666 4032 1688 4080 t
1702 4029 1818 4079 Non
1833 4040 1994 4079 tamen
2007 4028 2090 4079 hie
2099 4029 2210 4093 ipse
2219 4030 2479 4084 Decianus,
