<?xml version="1.0" encoding="UTF-8"?>
<!DOCTYPE html PUBLIC "-//W3C//DTD XHTML 1.0 Transitional//EN"
    "http://www.w3.org/TR/xhtml1/DTD/xhtml1-transitional.dtd">
<html xmlns="http://www.w3.org/1999/xhtml" xml:lang="en" lang="en">
 <head>
  <title>
</title>
<meta http-equiv="Content-Type" content="text/html;charset=utf-8" />
  <meta name='ocr-system' content='tesseract 3.04.00' />
  <meta name='ocr-capabilities' content='ocr_page ocr_carea ocr_par ocr_line ocrx_word'/>
</head>
<body>
  <div class='ocr_page' id='page_1' title='image "./mtciceronisquae05lemagoog_0475.png"; bbox 0 0 2594 4537; ppageno 0'>
   <div class='ocr_carea' id='block_1_1' title="bbox 480 282 2331 378">
    <p class='ocr_par' dir='ltr' id='par_1_1' title="bbox 480 282 2331 378">
     <span class='ocr_line' id='line_1_1' title="bbox 480 282 2331 378; baseline 0.001 -28"><span class='ocrx_word' id='word_1_1' title='bbox 480 282 768 353; x_wconf 81' lang='lat' dir='ltr'><strong>ORAT.</strong></span> <span class='ocrx_word' id='word_1_2' title='bbox 822 282 959 351; x_wconf 89' lang='lat' dir='ltr'><strong>DE</strong></span> <span class='ocrx_word' id='word_1_3' title='bbox 1008 285 1435 354; x_wconf 71' lang='lat' dir='ltr'><strong>HARusP.</strong></span> <span class='ocrx_word' id='word_1_4' title='bbox 1485 282 2067 353; x_wconf 81' lang='lat' dir='ltr'><strong>RESPONSIS.</strong></span> <span class='ocrx_word' id='word_1_5' title='bbox 2197 284 2331 378; x_wconf 65' lang='grc' dir='ltr'><strong>[μμ</strong></span> 
     </span>
    </p>
   </div>
   <div class='ocr_carea' id='block_1_2' title="bbox 203 399 2345 1601">
    <p class='ocr_par' dir='ltr' id='par_1_2' title="bbox 203 399 2345 1601">
     <span class='ocr_line' id='line_1_2' title="bbox 209 399 2341 502; baseline 0.001 -31"><span class='ocrx_word' id='word_1_6' title='bbox 209 399 396 473; x_wconf 87' lang='lat' dir='ltr'><strong>fecit.</strong></span> <span class='ocrx_word' id='word_1_7' title='bbox 441 405 624 473; x_wconf 81' lang='lat' dir='ltr'><strong>Nam</strong></span> <span class='ocrx_word' id='word_1_8' title='bbox 676 403 854 500; x_wconf 89' lang='lat' dir='ltr'><strong>quid</strong></span> <span class='ocrx_word' id='word_1_9' title='bbox 899 427 1034 502; x_wconf 85' lang='lat' dir='ltr'><strong>ego</strong></span> <span class='ocrx_word' id='word_1_10' title='bbox 1061 415 1082 446; x_wconf 87' lang='lat'>¹</span> <span class='ocrx_word' id='word_1_11' title='bbox 1135 405 1227 477; x_wconf 88' lang='lat' dir='ltr'><strong>de</strong></span> <span class='ocrx_word' id='word_1_12' title='bbox 1281 404 1419 474; x_wconf 88' lang='lat' dir='ltr'><strong>illis</strong></span> <span class='ocrx_word' id='word_1_13' title='bbox 1464 401 1653 475; x_wconf 90' lang='lat' dir='ltr'><strong>ludis</strong></span> <span class='ocrx_word' id='word_1_14' title='bbox 1702 403 1994 501; x_wconf 88' lang='lat' dir='ltr'><strong>loquar,</strong></span> <span class='ocrx_word' id='word_1_15' title='bbox 2034 427 2226 500; x_wconf 88' lang='lat' dir='ltr'><strong>quos</strong></span> <span class='ocrx_word' id='word_1_16' title='bbox 2262 401 2341 474; x_wconf 84' lang='lat' dir='ltr'><strong>in</strong></span> 
     </span>
     <span class='ocr_line' id='line_1_3' title="bbox 207 506 2343 611; baseline 0.001 -29"><span class='ocrx_word' id='word_1_17' title='bbox 207 512 482 583; x_wconf 82' lang='lat' dir='ltr'><strong>Palatio</strong></span> <span class='ocrx_word' id='word_1_18' title='bbox 525 517 754 585; x_wconf 82' lang='lat' dir='ltr'><strong>nostri</strong></span> <span class='ocrx_word' id='word_1_19' title='bbox 799 506 1108 610; x_wconf 81' lang='lat' dir='ltr'><strong>majores</strong></span> <span class='ocrx_word' id='word_1_20' title='bbox 1145 530 1311 587; x_wconf 87' lang='lat' dir='ltr'><strong>ante</strong></span> <span class='ocrx_word' id='word_1_21' title='bbox 1346 513 1729 611; x_wconf 88' lang='lat' dir='ltr'><strong>templum,</strong></span> <span class='ocrx_word' id='word_1_22' title='bbox 1768 513 1845 583; x_wconf 88' lang='lat' dir='ltr'><strong>in</strong></span> <span class='ocrx_word' id='word_1_23' title='bbox 1888 516 2049 610; x_wconf 87' lang='lat' dir='ltr'><strong>ipso</strong></span> <span class='ocrx_word' id='word_1_24' title='bbox 2092 515 2343 586; x_wconf 84' lang='lat' dir='ltr'><strong>Matris</strong></span> 
     </span>
     <span class='ocr_line' id='line_1_4' title="bbox 207 621 2343 724; baseline 0.003 -32"><span class='ocrx_word' id='word_1_25' title='bbox 207 645 486 719; x_wconf 83' lang='lat' dir='ltr'><strong>magnae</strong></span> <span class='ocrx_word' id='word_1_26' title='bbox 535 639 931 722; x_wconf 88' lang='lat' dir='ltr'><strong>conspectu</strong></span> <span class='ocrx_word' id='word_1_27' title='bbox 954 681 974 715; x_wconf 86' lang='lat'><strong><em>‚</em></strong></span> <span class='ocrx_word' id='word_1_28' title='bbox 1019 623 1597 724; x_wconf 84' lang='lat' dir='ltr'><strong>Megalensibus²</strong></span> <span class='ocrx_word' id='word_1_29' title='bbox 1642 621 1801 694; x_wconf 85' lang='lat' dir='ltr'><strong>fieri</strong></span> <span class='ocrx_word' id='word_1_30' title='bbox 1848 622 2343 722; x_wconf 83' lang='lat' dir='ltr'>celebrarique</span> 
     </span>
     <span class='ocr_line' id='line_1_5' title="bbox 205 730 2344 831; baseline 0.002 -30"><span class='ocrx_word' id='word_1_31' title='bbox 205 730 635 820; x_wconf 84' lang='lat' dir='ltr'><strong>voluerunt3</strong></span> <span class='ocrx_word' id='word_1_32' title='bbox 673 735 804 831; x_wconf 89' lang='lat' dir='ltr'><strong>qui</strong></span> <span class='ocrx_word' id='word_1_33' title='bbox 835 750 1008 806; x_wconf 89' lang='lat' dir='ltr'><strong>sunt</strong></span> <span class='ocrx_word' id='word_1_34' title='bbox 1033 759 1238 808; x_wconf 89' lang='lat' dir='ltr'><strong>more</strong></span> <span class='ocrx_word' id='word_1_35' title='bbox 1265 734 1761 830; x_wconf 63' lang='lat' dir='ltr'><strong>institutisque</strong></span> <span class='ocrx_word' id='word_1_36' title='bbox 1790 733 2101 806; x_wconf 82' lang='lat' dir='ltr'><strong>maxime</strong></span> <span class='ocrx_word' id='word_1_37' title='bbox 2128 735 2344 824; x_wconf 90' lang='lat' dir='ltr'><strong>casti,</strong></span> 
     </span>
     <span class='ocr_line' id='line_1_6' title="bbox 207 838 2341 944; baseline 0.002 -32"><span class='ocrx_word' id='word_1_38' title='bbox 207 838 570 914; x_wconf 86' lang='lat' dir='ltr'><strong>solemnes</strong></span> <span class='ocrx_word' id='word_1_39' title='bbox 598 897 618 930; x_wconf 95' lang='lat'>,</span> <span class='ocrx_word' id='word_1_40' title='bbox 666 843 1014 942; x_wconf 85' lang='lat' dir='ltr'><strong>religiosi;</strong></span> <span class='ocrx_word' id='word_1_41' title='bbox 1065 845 1335 944; x_wconf 86' lang='lat' dir='ltr'><strong>quibus</strong></span> <span class='ocrx_word' id='word_1_42' title='bbox 1376 842 1568 915; x_wconf 89' lang='lat' dir='ltr'><strong>ludis</strong></span> <span class='ocrx_word' id='word_1_43' title='bbox 1616 844 1933 942; x_wconf 85' lang='lat' dir='ltr'><strong>primum</strong></span> <span class='ocrx_word' id='word_1_44' title='bbox 1994 858 2163 916; x_wconf 84' lang='lat' dir='ltr'><strong>ante</strong></span> <span class='ocrx_word' id='word_1_45' title='bbox 2204 868 2341 942; x_wconf 87' lang='lat' dir='ltr'><strong>po-</strong></span> 
     </span>
     <span class='ocr_line' id='line_1_7' title="bbox 205 948 2341 1049; baseline 0.002 -28"><span class='ocrx_word' id='word_1_46' title='bbox 205 948 366 1049; x_wconf 88' lang='lat' dir='ltr'><strong>puli</strong></span> <span class='ocrx_word' id='word_1_47' title='bbox 417 975 834 1025; x_wconf 88' lang='lat' dir='ltr'><strong>consessum</strong></span> <span class='ocrx_word' id='word_1_48' title='bbox 881 955 1161 1026; x_wconf 86' lang='lat' dir='ltr'><strong>senatui</strong></span> <span class='ocrx_word' id='word_1_49' title='bbox 1207 955 1453 1028; x_wconf 89' lang='lat' dir='ltr'><strong>locum</strong></span> <span class='ocrx_word' id='word_1_50' title='bbox 1508 958 1584 1025; x_wconf 82' lang='lat' dir='ltr'><strong>P.</strong></span> <span class='ocrx_word' id='word_1_51' title='bbox 1645 951 2021 1025; x_wconf 85' lang='lat' dir='ltr'><strong>Africanus</strong></span> <span class='ocrx_word' id='word_1_52' title='bbox 2075 955 2341 1028; x_wconf 86' lang='lat' dir='ltr'><strong>iterum</strong></span> 
     </span>
     <span class='ocr_line' id='line_1_8' title="bbox 207 1060 2342 1160; baseline 0.001 -28"><span class='ocrx_word' id='word_1_53' title='bbox 207 1061 466 1133; x_wconf 89' lang='lat' dir='ltr'><strong>consul</strong></span> <span class='ocrx_word' id='word_1_54' title='bbox 507 1062 628 1134; x_wconf 90' lang='lat' dir='ltr'><strong>ille</strong></span> <span class='ocrx_word' id='word_1_55' title='bbox 674 1063 904 1160; x_wconf 86' lang='lat' dir='ltr'><strong>major</strong></span> <span class='ocrx_word' id='word_1_56' title='bbox 945 1064 1188 1136; x_wconf 88' lang='lat' dir='ltr'><strong>dedit:</strong></span> <span class='ocrx_word' id='word_1_57' title='bbox 1240 1079 1325 1135; x_wconf 92' lang='lat' dir='ltr'><strong>ut</strong></span> <span class='ocrx_word' id='word_1_58' title='bbox 1378 1087 1503 1135; x_wconf 85' lang='lat' dir='ltr'><strong>eos</strong></span> <span class='ocrx_word' id='word_1_59' title='bbox 1555 1060 1765 1133; x_wconf 91' lang='lat' dir='ltr'><strong>ludos</strong></span> <span class='ocrx_word' id='word_1_60' title='bbox 1810 1061 1963 1134; x_wconf 82' lang='lat' dir='ltr'><strong>haec</strong></span> <span class='ocrx_word' id='word_1_61' title='bbox 2003 1062 2161 1135; x_wconf 87' lang='lat' dir='ltr'><strong>lues</strong></span> <span class='ocrx_word' id='word_1_62' title='bbox 2204 1064 2342 1134; x_wconf 85' lang='lat' dir='ltr'><strong>im·</strong></span> 
     </span>
     <span class='ocr_line' id='line_1_9' title="bbox 207 1172 2343 1273; baseline 0.002 -32"><span class='ocrx_word' id='word_1_63' title='bbox 207 1193 396 1268; x_wconf 88' lang='lat' dir='ltr'><strong>pura</strong></span> <span class='ocrx_word' id='word_1_64' title='bbox 445 1173 832 1269; x_wconf 78' lang='lat' dir='ltr'><strong>polluerit?</strong></span> <span class='ocrx_word' id='word_1_65' title='bbox 881 1199 1033 1273; x_wconf 86' lang='lat' dir='ltr'><strong>quo</strong></span> <span class='ocrx_word' id='word_1_66' title='bbox 1083 1181 1141 1246; x_wconf 92' lang='lat' dir='ltr'><strong>si</strong></span> <span class='ocrx_word' id='word_1_67' title='bbox 1195 1177 1330 1273; x_wconf 87' lang='lat' dir='ltr'><strong>qui</strong></span> <span class='ocrx_word' id='word_1_68' title='bbox 1370 1173 1558 1246; x_wconf 86' lang='lat' dir='ltr'><strong>liber</strong></span> <span class='ocrx_word' id='word_1_69' title='bbox 1598 1187 1721 1245; x_wconf 86' lang='lat' dir='ltr'><strong>aut</strong></span> <span class='ocrx_word' id='word_1_70' title='bbox 1760 1172 2172 1270; x_wconf 83' lang='lat' dir='ltr'><strong>spectandi,</strong></span> <span class='ocrx_word' id='word_1_71' title='bbox 2218 1190 2343 1247; x_wconf 88' lang='lat' dir='ltr'><strong>aut</strong></span> 
     </span>
     <span class='ocr_line' id='line_1_10' title="bbox 205 1280 2342 1380; baseline 0.003 -31"><span class='ocrx_word' id='word_1_72' title='bbox 205 1281 426 1351; x_wconf 85' lang='lat' dir='ltr'><strong>etiam</strong></span> <span class='ocrx_word' id='word_1_73' title='bbox 481 1281 847 1379; x_wconf 82' lang='lat' dir='ltr'><strong>religionis</strong></span> <span class='ocrx_word' id='word_1_74' title='bbox 892 1307 1140 1373; x_wconf 85' lang='lat' dir='ltr'><strong>causa,</strong></span> <span class='ocrx_word' id='word_1_75' title='bbox 1183 1297 1609 1380; x_wconf 82' lang='lat' dir='ltr'><strong>accesserat,</strong></span> <span class='ocrx_word' id='word_1_76' title='bbox 1652 1307 1907 1355; x_wconf 84' lang='lat' dir='ltr'><strong>manus</strong></span> <span class='ocrx_word' id='word_1_77' title='bbox 1941 1280 2342 1356; x_wconf 81' lang='lat' dir='ltr'><strong>affereban-</strong></span> 
     </span>
     <span class='ocr_line' id='line_1_11' title="bbox 203 1339 2343 1492; baseline 0.003 -33"><span class='ocrx_word' id='word_1_78' title='bbox 203 1401 366 1476; x_wconf 82' lang='lat' dir='ltr'><strong>tur3</strong></span> <span class='ocrx_word' id='word_1_79' title='bbox 421 1414 572 1487; x_wconf 91' lang='lat' dir='ltr'><strong>quo</strong></span> <span class='ocrx_word' id='word_1_80' title='bbox 627 1407 958 1466; x_wconf 86' lang='lat' dir='ltr'><strong>matrona</strong></span> <span class='ocrx_word' id='word_1_81' title='bbox 1009 1339 1210 1467; x_wconf 80' lang='lat' dir='ltr'><strong>nulla</strong></span> <span class='ocrx_word' id='word_1_82' title='bbox 1257 1382 1471 1483; x_wconf 74' lang='lat' dir='ltr'><strong>adiit,</strong></span> <span class='ocrx_word' id='word_1_83' title='bbox 1519 1405 1821 1492; x_wconf 88' lang='lat' dir='ltr'><strong>propter</strong></span> <span class='ocrx_word' id='word_1_84' title='bbox 1860 1393 2008 1461; x_wconf 85' lang='lat' dir='ltr'><strong>vim</strong></span> <span class='ocrx_word' id='word_1_85' title='bbox 2052 1416 2343 1466; x_wconf 89' lang='lat' dir='ltr'><strong>conses-</strong></span> 
     </span>
     <span class='ocr_line' id='line_1_12' title="bbox 205 1501 2345 1601; baseline 0.002 -29"><span class='ocrx_word' id='word_1_86' title='bbox 205 1521 520 1597; x_wconf 79' lang='lat' dir='ltr'><strong>sumque</strong></span> <span class='ocrx_word' id='word_1_87' title='bbox 541 1525 939 1576; x_wconf 84' lang='lat' dir='ltr'><strong>servorum.</strong></span> <span class='ocrx_word' id='word_1_88' title='bbox 970 1509 1078 1576; x_wconf 85' lang='lat' dir='ltr'><strong>Ita</strong></span> <span class='ocrx_word' id='word_1_89' title='bbox 1103 1503 1319 1578; x_wconf 90' lang='lat' dir='ltr'><strong>ludos</strong></span> <span class='ocrx_word' id='word_1_90' title='bbox 1337 1527 1497 1589; x_wconf 73' lang='grc' dir='ltr'>εοε,</span> <span class='ocrx_word' id='word_1_91' title='bbox 1526 1525 1844 1601; x_wconf 88' lang='lat' dir='ltr'><strong>quorum</strong></span> <span class='ocrx_word' id='word_1_92' title='bbox 1866 1501 2119 1599; x_wconf 87' lang='lat' dir='ltr'><strong>religio</strong></span> <span class='ocrx_word' id='word_1_93' title='bbox 2148 1515 2345 1576; x_wconf 87' lang='lat' dir='ltr'><strong>tanta</strong></span> 
     </span>
    </p>
   </div>
   <div class='ocr_carea' id='block_1_3' title="bbox 205 1610 2434 1695">
    <p class='ocr_par' dir='ltr' id='par_1_3' title="bbox 205 1610 2434 1695">
     <span class='ocr_line' id='line_1_13' title="bbox 205 1610 2434 1695; baseline 0.003 -15"><span class='ocrx_word' id='word_1_94' title='bbox 205 1621 359 1695; x_wconf 84' lang='lat' dir='ltr'><strong>est,</strong></span> <span class='ocrx_word' id='word_1_95' title='bbox 391 1624 474 1681; x_wconf 86' lang='lat' dir='ltr'><strong>ut</strong></span> <span class='ocrx_word' id='word_1_96' title='bbox 517 1635 606 1682; x_wconf 84' lang='lat' dir='ltr'><strong>ex</strong></span> <span class='ocrx_word' id='word_1_97' title='bbox 643 1610 914 1686; x_wconf 87' lang='lat' dir='ltr'><strong>ultimis</strong></span> <span class='ocrx_word' id='word_1_98' title='bbox 951 1617 1164 1687; x_wconf 84' lang='lat' dir='ltr'><strong>terris</strong></span> <span class='ocrx_word' id='word_1_99' title='bbox 1203 1617 1537 1688; x_wconf 82' lang='lat' dir='ltr'><strong>arcessita</strong></span> <span class='ocrx_word' id='word_1_100' title='bbox 1574 1615 1653 1685; x_wconf 88' lang='lat' dir='ltr'><strong>in</strong></span> <span class='ocrx_word' id='word_1_101' title='bbox 1693 1611 1827 1685; x_wconf 87' lang='lat' dir='ltr'><strong>hac</strong></span> <span class='ocrx_word' id='word_1_102' title='bbox 1871 1611 2055 1684; x_wconf 91' lang='lat' dir='ltr'><strong>urbe</strong></span> <span class='ocrx_word' id='word_1_103' title='bbox 2096 1638 2345 1686; x_wconf 87' lang='lat' dir='ltr'><strong>conse-</strong></span> <span class='ocrx_word' id='word_1_104' title='bbox 2428 1661 2434 1667; x_wconf 93' lang='lat'>·</span> 
     </span>
    </p>
   </div>
   <div class='ocr_carea' id='block_1_4' title="bbox 150 1717 2344 2812">
    <p class='ocr_par' dir='ltr' id='par_1_4' title="bbox 150 1717 2344 2260">
     <span class='ocr_line' id='line_1_14' title="bbox 205 1717 2342 1823; baseline 0.005 -34"><span class='ocrx_word' id='word_1_105' title='bbox 205 1717 429 1807; x_wconf 84' lang='lat' dir='ltr'><strong>derit3</strong></span> <span class='ocrx_word' id='word_1_106' title='bbox 467 1723 594 1818; x_wconf 88' lang='lat' dir='ltr'><strong>qui</strong></span> <span class='ocrx_word' id='word_1_107' title='bbox 639 1723 767 1792; x_wconf 86' lang='lat' dir='ltr'><strong>uui</strong></span> <span class='ocrx_word' id='word_1_108' title='bbox 803 1721 954 1795; x_wconf 88' lang='lat' dir='ltr'><strong>ludi</strong></span> <span class='ocrx_word' id='word_1_109' title='bbox 983 1747 1080 1798; x_wconf 85' lang='lat' dir='ltr'><strong>ne</strong></span> <span class='ocrx_word' id='word_1_110' title='bbox 1121 1723 1347 1797; x_wconf 85' lang='lat' dir='ltr'><strong>verbo</strong></span> <span class='ocrx_word' id='word_1_111' title='bbox 1384 1725 1683 1823; x_wconf 89' lang='lat' dir='ltr'><strong>quidem</strong></span> <span class='ocrx_word' id='word_1_112' title='bbox 1725 1721 2183 1822; x_wconf 85' lang='lat' dir='ltr'><strong>appellantur</strong></span> <span class='ocrx_word' id='word_1_113' title='bbox 2214 1727 2342 1800; x_wconf 87' lang='lat' dir='ltr'><strong>La-</strong></span> 
     </span>
     <span class='ocr_line' id='line_1_15' title="bbox 206 1829 2344 1933; baseline 0.004 -35"><span class='ocrx_word' id='word_1_114' title='bbox 206 1829 401 1917; x_wconf 87' lang='lat' dir='ltr'><strong>tino,</strong></span> <span class='ocrx_word' id='word_1_115' title='bbox 431 1845 516 1901; x_wconf 91' lang='lat' dir='ltr'><strong>ut</strong></span> <span class='ocrx_word' id='word_1_116' title='bbox 549 1830 910 1904; x_wconf 83' lang='lat' dir='ltr'><strong>vocabulo</strong></span> <span class='ocrx_word' id='word_1_117' title='bbox 944 1835 1105 1931; x_wconf 86' lang='lat' dir='ltr'><strong>ipso</strong></span> <span class='ocrx_word' id='word_1_118' title='bbox 1143 1850 1216 1906; x_wconf 89' lang='lat' dir='ltr'><strong>et</strong></span> <span class='ocrx_word' id='word_1_119' title='bbox 1245 1836 1564 1933; x_wconf 77' lang='lat' dir='ltr'><strong>appetita</strong></span> <span class='ocrx_word' id='word_1_120' title='bbox 1598 1834 1850 1931; x_wconf 84' lang='lat' dir='ltr'><strong>religio</strong></span> <span class='ocrx_word' id='word_1_121' title='bbox 1890 1847 2222 1920; x_wconf 83' lang='lat' dir='ltr'><strong>externa,</strong></span> <span class='ocrx_word' id='word_1_122' title='bbox 2269 1849 2344 1906; x_wconf 89' lang='lat' dir='ltr'><strong>et</strong></span> 
     </span>
     <span class='ocr_line' id='line_1_16' title="bbox 205 1940 2341 2043; baseline 0.001 -31"><span class='ocrx_word' id='word_1_123' title='bbox 205 1941 455 2012; x_wconf 84' lang='lat' dir='ltr'><strong>Matris</strong></span> <span class='ocrx_word' id='word_1_124' title='bbox 481 1963 756 2038; x_wconf 84' lang='lat' dir='ltr'><strong>magnae</strong></span> <span class='ocrx_word' id='word_1_125' title='bbox 787 1944 1086 2015; x_wconf 88' lang='lat' dir='ltr'><strong>nomine</strong></span> <span class='ocrx_word' id='word_1_126' title='bbox 1114 1959 1449 2043; x_wconf 88' lang='lat' dir='ltr'><strong>suscepta</strong></span> <span class='ocrx_word' id='word_1_127' title='bbox 1480 1945 1925 2015; x_wconf 82' lang='lat' dir='ltr'><strong>declaretur:</strong></span> <span class='ocrx_word' id='word_1_128' title='bbox 1957 1942 2092 2014; x_wconf 87' lang='lat' dir='ltr'><strong>hos</strong></span> <span class='ocrx_word' id='word_1_129' title='bbox 2127 1940 2341 2015; x_wconf 87' lang='lat' dir='ltr'><strong>ludos</strong></span> 
     </span>
     <span class='ocr_line' id='line_1_17' title="bbox 150 2048 2341 2152; baseline 0.002 -32"><span class='ocrx_word' id='word_1_130' title='bbox 150 2107 160 2112; x_wconf 95' lang='lat'>.</span> <span class='ocrx_word' id='word_1_131' title='bbox 206 2053 394 2121; x_wconf 85' lang='lat' dir='ltr'><strong>servi</strong></span> <span class='ocrx_word' id='word_1_132' title='bbox 426 2048 793 2142; x_wconf 82' lang='lat' dir='ltr'><strong>fecerunt,</strong></span> <span class='ocrx_word' id='word_1_133' title='bbox 829 2057 1012 2125; x_wconf 82' lang='lat' dir='ltr'><strong>servi</strong></span> <span class='ocrx_word' id='word_1_134' title='bbox 1046 2068 1594 2152; x_wconf 82' lang='lat' dir='ltr'><strong>spectaverunt3</strong></span> <span class='ocrx_word' id='word_1_135' title='bbox 1636 2067 1789 2124; x_wconf 86' lang='lat' dir='ltr'><strong>tota</strong></span> <span class='ocrx_word' id='word_1_136' title='bbox 1814 2053 2166 2149; x_wconf 88' lang='lat' dir='ltr'><strong>denique,</strong></span> <span class='ocrx_word' id='word_1_137' title='bbox 2200 2053 2341 2133; x_wconf 83' lang='lat' dir='ltr'><strong>hoe</strong></span> 
     </span>
     <span class='ocr_line' id='line_1_18' title="bbox 203 2157 1629 2260; baseline 0.001 -30"><span class='ocrx_word' id='word_1_138' title='bbox 203 2157 446 2248; x_wconf 83' lang='lat' dir='ltr'><strong>aedile,</strong></span> <span class='ocrx_word' id='word_1_139' title='bbox 479 2183 856 2233; x_wconf 81' lang='lat' dir='ltr'><strong>servorum</strong></span> <span class='ocrx_word' id='word_1_140' title='bbox 893 2163 1274 2260; x_wconf 82' lang='lat' dir='ltr'><strong>Megalesia</strong></span> <span class='ocrx_word' id='word_1_141' title='bbox 1310 2161 1629 2234; x_wconf 86' lang='lat' dir='ltr'><strong>fuerunt.</strong></span> 
     </span>
    </p>

    <p class='ocr_par' dir='ltr' id='par_1_5' title="bbox 205 2270 2343 2812">
     <span class='ocr_line' id='line_1_19' title="bbox 301 2270 2341 2372; baseline 0.001 -31"><span class='ocrx_word' id='word_1_142' title='bbox 301 2270 498 2342; x_wconf 88' lang='lat' dir='ltr'><strong>Proh</strong></span> <span class='ocrx_word' id='word_1_143' title='bbox 546 2271 649 2343; x_wconf 89' lang='lat' dir='ltr'><strong>dii</strong></span> <span class='ocrx_word' id='word_1_144' title='bbox 699 2274 1179 2347; x_wconf 87' lang='lat' dir='ltr'><strong>immortales!</strong></span> <span class='ocrx_word' id='word_1_145' title='bbox 1242 2276 1372 2372; x_wconf 89' lang='lat' dir='ltr'><strong>qui</strong></span> <span class='ocrx_word' id='word_1_146' title='bbox 1424 2277 1647 2371; x_wconf 85' lang='lat' dir='ltr'><strong>magis</strong></span> <span class='ocrx_word' id='word_1_147' title='bbox 1697 2271 2081 2344; x_wconf 89' lang='lat' dir='ltr'><strong>nobiscum</strong></span> <span class='ocrx_word' id='word_1_148' title='bbox 2136 2270 2341 2371; x_wconf 85' lang='lat' dir='ltr'><strong>loqui</strong></span> 
     </span>
     <span class='ocr_line' id='line_1_20' title="bbox 205 2378 2343 2483; baseline 0.001 -30"><span class='ocrx_word' id='word_1_149' title='bbox 205 2384 514 2479; x_wconf 87' lang='lat' dir='ltr'><strong>possetis</strong></span> <span class='ocrx_word' id='word_1_150' title='bbox 534 2438 553 2471; x_wconf 94' lang='lat'>,</span> <span class='ocrx_word' id='word_1_151' title='bbox 580 2382 639 2455; x_wconf 87' lang='lat' dir='ltr'><strong>si</strong></span> <span class='ocrx_word' id='word_1_152' title='bbox 676 2386 921 2455; x_wconf 87' lang='lat' dir='ltr'><strong>essetis</strong></span> <span class='ocrx_word' id='word_1_153' title='bbox 959 2386 1563 2483; x_wconf 81' lang='lat' dir='ltr'><strong>versareminique</strong></span> <span class='ocrx_word' id='word_1_154' title='bbox 1593 2382 2015 2456; x_wconf 82' lang='lat' dir='ltr'><strong>nobiscum?</strong></span> <span class='ocrx_word' id='word_1_155' title='bbox 2040 2380 2288 2455; x_wconf 77' lang='lat' dir='ltr'><strong>Ludos</strong></span> <span class='ocrx_word' id='word_1_156' title='bbox 2306 2378 2343 2429; x_wconf 81' lang='lat'><strong>³-</strong></span> 
     </span>
     <span class='ocr_line' id='line_1_21' title="bbox 206 2488 2340 2593; baseline 0 -30"><span class='ocrx_word' id='word_1_157' title='bbox 206 2515 364 2563; x_wconf 87' lang='lat' dir='ltr'><strong>esse</strong></span> <span class='ocrx_word' id='word_1_158' title='bbox 390 2492 710 2591; x_wconf 87' lang='lat' dir='ltr'><strong>pollutos</strong></span> <span class='ocrx_word' id='word_1_159' title='bbox 738 2492 1188 2593; x_wconf 85' lang='lat' dir='ltr'><strong>significatis,</strong></span> <span class='ocrx_word' id='word_1_160' title='bbox 1220 2519 1302 2566; x_wconf 88' lang='lat' dir='ltr'><strong>ae</strong></span> <span class='ocrx_word' id='word_1_161' title='bbox 1337 2492 1551 2593; x_wconf 86' lang='lat' dir='ltr'><strong>plane</strong></span> <span class='ocrx_word' id='word_1_162' title='bbox 1583 2492 1835 2565; x_wconf 78' lang='lat' dir='ltr'><strong>dicitis.</strong></span> <span class='ocrx_word' id='word_1_163' title='bbox 1880 2488 2077 2584; x_wconf 87' lang='lat' dir='ltr'><strong>Quid</strong></span> <span class='ocrx_word' id='word_1_164' title='bbox 2116 2492 2340 2591; x_wconf 86' lang='lat' dir='ltr'><strong>magis</strong></span> 
     </span>
     <span class='ocr_line' id='line_1_22' title="bbox 205 2600 2338 2704; baseline 0 -31"><span class='ocrx_word' id='word_1_165' title='bbox 205 2600 730 2693; x_wconf 86' lang='lat' dir='ltr'><strong>deformatum,</strong></span> <span class='ocrx_word' id='word_1_166' title='bbox 767 2606 1228 2703; x_wconf 85' lang='lat' dir='ltr'><strong>inquinatum</strong></span> <span class='ocrx_word' id='word_1_167' title='bbox 1250 2661 1272 2696; x_wconf 86' lang='lat'>,</span> <span class='ocrx_word' id='word_1_168' title='bbox 1320 2621 1736 2704; x_wconf 77' lang='lat' dir='ltr'><strong>perversum</strong></span> <span class='ocrx_word' id='word_1_169' title='bbox 1759 2658 1778 2691; x_wconf 92' lang='lat'>,</span> <span class='ocrx_word' id='word_1_170' title='bbox 1819 2602 2338 2681; x_wconf 85' lang='lat' dir='ltr'><strong>conturbatum</strong></span> 
     </span>
     <span class='ocr_line' id='line_1_23' title="bbox 206 2710 2341 2812; baseline 0.001 -30"><span class='ocrx_word' id='word_1_171' title='bbox 206 2710 353 2783; x_wconf 90' lang='lat' dir='ltr'><strong>dici</strong></span> <span class='ocrx_word' id='word_1_172' title='bbox 407 2728 680 2810; x_wconf 87' lang='lat' dir='ltr'><strong>potest,</strong></span> <span class='ocrx_word' id='word_1_173' title='bbox 737 2738 955 2812; x_wconf 90' lang='lat' dir='ltr'><strong>quam</strong></span> <span class='ocrx_word' id='word_1_174' title='bbox 1011 2740 1232 2787; x_wconf 91' lang='lat' dir='ltr'><strong>omne</strong></span> <span class='ocrx_word' id='word_1_175' title='bbox 1279 2716 1686 2803; x_wconf 85' lang='lat' dir='ltr'><strong>servitium,</strong></span> <span class='ocrx_word' id='word_1_176' title='bbox 1729 2714 2081 2811; x_wconf 85' lang='lat' dir='ltr'><strong>permissu</strong></span> <span class='ocrx_word' id='word_1_177' title='bbox 2120 2717 2341 2811; x_wconf 80' lang='lat' dir='ltr'><strong>magi-</strong></span> 
     </span>
    </p>
   </div>
   <div class='ocr_carea' id='block_1_5' title="bbox 199 2908 2340 4085">
    <p class='ocr_par' dir='ltr' id='par_1_6' title="bbox 204 2908 2337 3131">
     <span class='ocr_line' id='line_1_24' title="bbox 205 2908 2337 2977; baseline 0 -18"><span class='ocrx_word' id='word_1_178' title='bbox 205 2924 354 2975; x_wconf 71' lang='lat' dir='ltr'><strong>que-i</strong></span> <span class='ocrx_word' id='word_1_179' title='bbox 379 2926 444 2961; x_wconf 68' lang='lat' dir='ltr'><strong>ex</strong></span> <span class='ocrx_word' id='word_1_180' title='bbox 457 2911 768 2977; x_wconf 65' lang='lat' dir='ltr'><strong>horu-piem</strong></span> <span class='ocrx_word' id='word_1_181' title='bbox 789 2912 1026 2963; x_wconf 71' lang='lat' dir='ltr'><strong>sementis</strong></span> <span class='ocrx_word' id='word_1_182' title='bbox 1040 2946 1056 2971; x_wconf 88' lang='lat'><strong>,</strong></span> <span class='ocrx_word' id='word_1_183' title='bbox 1075 2912 1225 2961; x_wconf 80' lang='lat' dir='ltr'><strong>inter-</strong></span> <span class='ocrx_word' id='word_1_184' title='bbox 1314 2912 1424 2961; x_wconf 72' lang='lat' dir='ltr'><strong>bes.</strong></span> <span class='ocrx_word' id='word_1_185' title='bbox 1451 2912 1533 2961; x_wconf 76' lang='lat' dir='ltr'><strong>Sis</strong></span> <span class='ocrx_word' id='word_1_186' title='bbox 1557 2910 1687 2961; x_wconf 71' lang='lat' dir='ltr'><strong>Indis</strong></span> <span class='ocrx_word' id='word_1_187' title='bbox 1704 2920 1778 2959; x_wconf 84' lang='lat' dir='ltr'><strong>est</strong></span> <span class='ocrx_word' id='word_1_188' title='bbox 1794 2909 2029 2959; x_wconf 79' lang='lat' dir='ltr'><strong>ludorum</strong></span> <span class='ocrx_word' id='word_1_189' title='bbox 2046 2908 2142 2958; x_wconf 81' lang='lat' dir='ltr'><strong>die.</strong></span> <span class='ocrx_word' id='word_1_190' title='bbox 2161 2910 2337 2971; x_wconf 62' lang='lat' dir='ltr'><strong>Paullo</strong></span> 
     </span>
     <span class='ocr_line' id='line_1_25' title="bbox 204 2987 2337 3057; baseline 0 -20"><span class='ocrx_word' id='word_1_191' title='bbox 204 2990 445 3053; x_wconf 70' lang='lat' dir='ltr'><strong>pretende</strong></span> <span class='ocrx_word' id='word_1_192' title='bbox 488 2994 736 3055; x_wconf 78' lang='lat' dir='ltr'><strong>profertur</strong></span> <span class='ocrx_word' id='word_1_193' title='bbox 770 3006 784 3040; x_wconf 74' lang='grc' dir='ltr'><strong><em>ε</em></strong></span> <span class='ocrx_word' id='word_1_194' title='bbox 838 2992 1007 3040; x_wconf 76' lang='lat' dir='ltr'><strong>confer</strong></span> <span class='ocrx_word' id='word_1_195' title='bbox 1050 2993 1226 3057; x_wconf 75' lang='lat' dir='ltr'><strong>ospitis</strong></span> <span class='ocrx_word' id='word_1_196' title='bbox 1313 3001 1463 3056; x_wconf 81' lang='lat' dir='ltr'><strong>post:</strong></span> <span class='ocrx_word' id='word_1_197' title='bbox 1492 3012 1515 3034; x_wconf 77' lang='grc' dir='ltr'>ι</span> <span class='ocrx_word' id='word_1_198' title='bbox 1537 2988 1589 3042; x_wconf 84' lang='lat' dir='ltr'><strong>si</strong></span> <span class='ocrx_word' id='word_1_199' title='bbox 1609 3005 1813 3038; x_wconf 68' lang='lat' dir='ltr'><strong>examen</strong></span> <span class='ocrx_word' id='word_1_200' title='bbox 1826 3004 1975 3053; x_wconf 77' lang='lat' dir='ltr'><strong>epum</strong></span> <span class='ocrx_word' id='word_1_201' title='bbox 2000 2987 2131 3035; x_wconf 83' lang='lat' dir='ltr'><strong>ludis</strong></span> <span class='ocrx_word' id='word_1_202' title='bbox 2158 2987 2213 3035; x_wconf 86' lang='lat' dir='ltr'><strong>in</strong></span> <span class='ocrx_word' id='word_1_203' title='bbox 2235 3004 2337 3037; x_wconf 83' lang='lat' dir='ltr'><strong>sce-</strong></span> 
     </span>
     <span class='ocr_line' id='line_1_26' title="bbox 205 3065 2335 3131; baseline -0 -15"><span class='ocrx_word' id='word_1_204' title='bbox 205 3068 354 3131; x_wconf 83' lang='lat' dir='ltr'><strong>hnjus</strong></span> <span class='ocrx_word' id='word_1_205' title='bbox 373 3068 584 3119; x_wconf 81' lang='lat' dir='ltr'><strong>initium.</strong></span> <span class='ocrx_word' id='word_1_206' title='bbox 729 3094 736 3105; x_wconf 92' lang='lat'>·</span> <span class='ocrx_word' id='word_1_207' title='bbox 1316 3085 1427 3118; x_wconf 80' lang='lat' dir='ltr'><strong>nsm</strong></span> <span class='ocrx_word' id='word_1_208' title='bbox 1453 3068 1712 3117; x_wconf 70' lang='lat' dir='ltr'><strong>venisset».</strong></span> <span class='ocrx_word' id='word_1_209' title='bbox 1737 3068 1940 3115; x_wconf 74' lang='lat' dir='ltr'><strong>Sueton-</strong></span> <span class='ocrx_word' id='word_1_210' title='bbox 1964 3065 2067 3115; x_wconf 82' lang='lat' dir='ltr'><strong>Jul.</strong></span> <span class='ocrx_word' id='word_1_211' title='bbox 2094 3080 2203 3131; x_wconf 82' lang='lat' dir='ltr'><strong>esp.</strong></span> <span class='ocrx_word' id='word_1_212' title='bbox 2233 3066 2335 3130; x_wconf 76' lang='lat'><strong>39:</strong></span> 
     </span>
    </p>

    <p class='ocr_par' dir='ltr' id='par_1_7' title="bbox 199 3140 2340 3925">
     <span class='ocr_line' id='line_1_27' title="bbox 277 3140 2336 3215; baseline -0.002 -18"><span class='ocrx_word' id='word_1_213' title='bbox 277 3148 394 3197; x_wconf 70' lang='grc' dir='ltr'><strong>ΧΠ.</strong></span> <span class='ocrx_word' id='word_1_214' title='bbox 441 3165 489 3198; x_wconf 79' lang='lat'><strong>1.</strong></span> <span class='ocrx_word' id='word_1_215' title='bbox 524 3148 653 3198; x_wconf 79' lang='lat' dir='ltr'><strong>Nam</strong></span> <span class='ocrx_word' id='word_1_216' title='bbox 677 3148 806 3215; x_wconf 80' lang='lat' dir='ltr'><strong>quid</strong></span> <span class='ocrx_word' id='word_1_217' title='bbox 824 3164 919 3215; x_wconf 70' lang='lat' dir='ltr'><strong>ego</strong></span> <span class='ocrx_word' id='word_1_218' title='bbox 939 3148 1001 3197; x_wconf 78' lang='lat' dir='ltr'><strong>de</strong></span> <span class='ocrx_word' id='word_1_219' title='bbox 1021 3144 1134 3198; x_wconf 72' lang='lat' dir='ltr'><strong>illis.</strong></span> <span class='ocrx_word' id='word_1_220' title='bbox 1165 3151 1226 3199; x_wconf 88' lang='lat' dir='ltr'><strong>In</strong></span> <span class='ocrx_word' id='word_1_221' title='bbox 1314 3171 1339 3191; x_wconf 78' lang='grc' dir='ltr'><strong>ιι</strong></span> <span class='ocrx_word' id='word_1_222' title='bbox 1358 3146 1508 3197; x_wconf 80' lang='lat' dir='ltr'><strong>Ludis</strong></span> <span class='ocrx_word' id='word_1_223' title='bbox 1531 3146 1761 3196; x_wconf 82' lang='lat' dir='ltr'><strong>Decimus</strong></span> <span class='ocrx_word' id='word_1_224' title='bbox 1786 3145 2041 3203; x_wconf 71' lang='lat' dir='ltr'><strong>Laberius,</strong></span> <span class='ocrx_word' id='word_1_225' title='bbox 2077 3158 2225 3209; x_wconf 82' lang='lat' dir='ltr'><strong>eques</strong></span> <span class='ocrx_word' id='word_1_226' title='bbox 2250 3140 2336 3193; x_wconf 73' lang='lat' dir='ltr'><strong>ro-</strong></span> 
     </span>
     <span class='ocr_line' id='line_1_28' title="bbox 205 3224 2337 3289; baseline -0.001 -14"><span class='ocrx_word' id='word_1_227' title='bbox 205 3228 340 3275; x_wconf 82' lang='lat' dir='ltr'><strong>hunc</strong></span> <span class='ocrx_word' id='word_1_228' title='bbox 364 3226 528 3277; x_wconf 81' lang='lat' dir='ltr'><strong>locum</strong></span> <span class='ocrx_word' id='word_1_229' title='bbox 553 3228 665 3278; x_wconf 79' lang='lat' dir='ltr'><strong>vide</strong></span> <span class='ocrx_word' id='word_1_230' title='bbox 691 3228 896 3278; x_wconf 70' lang='lat' dir='ltr'><strong>Asconii</strong></span> <span class='ocrx_word' id='word_1_231' title='bbox 925 3238 1223 3277; x_wconf 70' lang='lat' dir='ltr'><strong>commenta·</strong></span> <span class='ocrx_word' id='word_1_232' title='bbox 1315 3239 1487 3276; x_wconf 77' lang='lat' dir='ltr'><strong>menas</strong></span> <span class='ocrx_word' id='word_1_233' title='bbox 1502 3261 1519 3289; x_wconf 91' lang='lat'>‚</span> <span class='ocrx_word' id='word_1_234' title='bbox 1568 3226 1769 3273; x_wconf 79' lang='lat' dir='ltr'><strong>mimum</strong></span> <span class='ocrx_word' id='word_1_235' title='bbox 1810 3238 1953 3272; x_wconf 80' lang='lat' dir='ltr'><strong>suum</strong></span> <span class='ocrx_word' id='word_1_236' title='bbox 1992 3224 2092 3288; x_wconf 68' lang='lat' dir='ltr'><strong>egit</strong></span> <span class='ocrx_word' id='word_1_237' title='bbox 2120 3244 2163 3271; x_wconf 75' lang='grc' dir='ltr'><strong>ιι.</strong></span> <span class='ocrx_word' id='word_1_238' title='bbox 2200 3224 2337 3273; x_wconf 79' lang='lat' dir='ltr'><strong>Siout</strong></span> 
     </span>
     <span class='ocr_line' id='line_1_29' title="bbox 206 3302 2340 3371; baseline -0 -17"><span class='ocrx_word' id='word_1_239' title='bbox 206 3305 337 3354; x_wconf 83' lang='lat' dir='ltr'><strong>rium</strong></span> <span class='ocrx_word' id='word_1_240' title='bbox 377 3304 430 3355; x_wconf 84' lang='lat' dir='ltr'><strong>in</strong></span> <span class='ocrx_word' id='word_1_241' title='bbox 461 3306 803 3360; x_wconf 61' lang='lat' dir='ltr'><strong>Cornelianum</strong></span> <span class='ocrx_word' id='word_1_242' title='bbox 830 3306 894 3355; x_wconf 84' lang='lat' dir='ltr'><strong>sd</strong></span> <span class='ocrx_word' id='word_1_243' title='bbox 927 3306 1037 3355; x_wconf 69' lang='lat' dir='ltr'><strong>hnc</strong></span> <span class='ocrx_word' id='word_1_244' title='bbox 1079 3304 1226 3354; x_wconf 81' lang='lat' dir='ltr'><strong>v&#39;erba</strong></span> <span class='ocrx_word' id='word_1_245' title='bbox 1312 3308 1497 3356; x_wconf 81' lang='lat' dir='ltr'><strong>ibidem</strong></span> <span class='ocrx_word' id='word_1_246' title='bbox 1520 3320 1717 3354; x_wconf 75' lang='lat' dir='ltr'><strong>munere</strong></span> <span class='ocrx_word' id='word_1_247' title='bbox 1728 3318 1822 3371; x_wconf 82' lang='lat' dir='ltr'><strong>pro</strong></span> <span class='ocrx_word' id='word_1_248' title='bbox 1835 3303 2045 3351; x_wconf 71' lang='lat' dir='ltr'><strong>munet-is</strong></span> <span class='ocrx_word' id='word_1_249' title='bbox 2056 3302 2138 3352; x_wconf 74' lang='lat' dir='ltr'><strong>die</strong></span> <span class='ocrx_word' id='word_1_250' title='bbox 2154 3316 2176 3350; x_wconf 89' lang='lat'><strong>.·</strong></span> <span class='ocrx_word' id='word_1_251' title='bbox 2192 3304 2340 3353; x_wconf 71' lang='lat' dir='ltr'><strong>«Mu-</strong></span> 
     </span>
     <span class='ocr_line' id='line_1_30' title="bbox 203 3382 2335 3450; baseline -0.002 -15"><span class='ocrx_word' id='word_1_252' title='bbox 203 3386 483 3435; x_wconf 78' lang='lat' dir='ltr'><strong>Cioeronis:</strong></span> <span class='ocrx_word' id='word_1_253' title='bbox 506 3387 595 3434; x_wconf 66' lang='lat' dir='ltr'><strong>d».</strong></span> <span class='ocrx_word' id='word_1_254' title='bbox 611 3386 871 3435; x_wconf 69' lang='lat' dir='ltr'><strong>Africanus</strong></span> <span class='ocrx_word' id='word_1_255' title='bbox 885 3384 972 3433; x_wconf 84' lang='lat' dir='ltr'><strong>ille</strong></span> <span class='ocrx_word' id='word_1_256' title='bbox 987 3386 1228 3450; x_wconf 79' lang='lat' dir='ltr'><strong>superior,</strong></span> <span class='ocrx_word' id='word_1_257' title='bbox 1316 3402 1429 3435; x_wconf 82' lang='lat' dir='ltr'><strong>nere</strong></span> <span class='ocrx_word' id='word_1_258' title='bbox 1454 3385 1508 3433; x_wconf 83' lang='lat' dir='ltr'><strong>in</strong></span> <span class='ocrx_word' id='word_1_259' title='bbox 1533 3384 1642 3433; x_wconf 68' lang='lat' dir='ltr'><strong>foro</strong></span> <span class='ocrx_word' id='word_1_260' title='bbox 1672 3382 1971 3448; x_wconf 67' lang='lat' dir='ltr'><strong>depugnauit</strong></span> <span class='ocrx_word' id='word_1_261' title='bbox 1982 3382 2155 3431; x_wconf 75' lang='lat' dir='ltr'><strong>Furius</strong></span> <span class='ocrx_word' id='word_1_262' title='bbox 2168 3383 2335 3447; x_wconf 78' lang='lat' dir='ltr'><strong>Lepti·</strong></span> 
     </span>
     <span class='ocr_line' id='line_1_31' title="bbox 201 3460 2337 3531; baseline -0.002 -18"><span class='ocrx_word' id='word_1_263' title='bbox 201 3474 262 3513; x_wconf 83' lang='lat' dir='ltr'><strong>ut</strong></span> <span class='ocrx_word' id='word_1_264' title='bbox 287 3463 482 3519; x_wconf 83' lang='lat' dir='ltr'><strong>dicitur.</strong></span> <span class='ocrx_word' id='word_1_265' title='bbox 505 3481 608 3514; x_wconf 87' lang='lat' dir='ltr'><strong>non</strong></span> <span class='ocrx_word' id='word_1_266' title='bbox 633 3466 790 3514; x_wconf 85' lang='lat' dir='ltr'><strong>solum</strong></span> <span class='ocrx_word' id='word_1_267' title='bbox 817 3482 844 3514; x_wconf 83' lang='lat' dir='ltr'><strong>s</strong></span> <span class='ocrx_word' id='word_1_268' title='bbox 866 3464 1229 3531; x_wconf 63' lang='lat' dir='ltr'><strong>sapientissimis</strong></span> <span class='ocrx_word' id='word_1_269' title='bbox 1316 3482 1409 3515; x_wconf 83' lang='lat' dir='ltr'><strong>nus</strong></span> <span class='ocrx_word' id='word_1_270' title='bbox 1422 3486 1462 3513; x_wconf 75' lang='grc' dir='ltr'><strong>ιι.</strong></span> <span class='ocrx_word' id='word_1_271' title='bbox 1494 3464 1558 3513; x_wconf 75' lang='lat' dir='ltr'><strong>Et</strong></span> <span class='ocrx_word' id='word_1_272' title='bbox 1582 3460 1875 3513; x_wconf 66' lang='lat' dir='ltr'><strong>Circensibus</strong></span> <span class='ocrx_word' id='word_1_273' title='bbox 1901 3478 1921 3510; x_wconf 88' lang='lat'><strong>.·</strong></span> <span class='ocrx_word' id='word_1_274' title='bbox 1954 3483 1977 3506; x_wconf 73' lang='grc' dir='ltr'>ι</span> <span class='ocrx_word' id='word_1_275' title='bbox 2001 3460 2337 3522; x_wconf 68' lang='lat' dir='ltr'><strong>circensibus,</strong></span> 
     </span>
     <span class='ocr_line' id='line_1_32' title="bbox 199 3540 2337 3610; baseline -0.002 -19"><span class='ocrx_word' id='word_1_276' title='bbox 199 3543 485 3592; x_wconf 77' lang='lat' dir='ltr'><strong>hominibus</strong></span> <span class='ocrx_word' id='word_1_277' title='bbox 505 3546 592 3609; x_wconf 82' lang='lat' dir='ltr'><strong>qni</strong></span> <span class='ocrx_word' id='word_1_278' title='bbox 607 3554 711 3593; x_wconf 85' lang='lat' dir='ltr'><strong>tum</strong></span> <span class='ocrx_word' id='word_1_279' title='bbox 731 3556 887 3608; x_wconf 79' lang='lat' dir='ltr'><strong>eram,</strong></span> <span class='ocrx_word' id='word_1_280' title='bbox 902 3558 1068 3593; x_wconf 79' lang='lat' dir='ltr'><strong>verum</strong></span> <span class='ocrx_word' id='word_1_281' title='bbox 1083 3545 1230 3593; x_wconf 84' lang='lat' dir='ltr'><strong>etism</strong></span> <span class='ocrx_word' id='word_1_282' title='bbox 1319 3544 1477 3610; x_wconf 68' lang='lat' dir='ltr'><strong>spatio</strong></span> <span class='ocrx_word' id='word_1_283' title='bbox 1502 3544 1621 3591; x_wconf 84' lang='lat' dir='ltr'><strong>circi</strong></span> <span class='ocrx_word' id='word_1_284' title='bbox 1647 3543 1709 3591; x_wconf 81' lang='lat' dir='ltr'><strong>eb</strong></span> <span class='ocrx_word' id='word_1_285' title='bbox 1736 3553 1939 3607; x_wconf 73' lang='lat' dir='ltr'><strong>utreque</strong></span> <span class='ocrx_word' id='word_1_286' title='bbox 1978 3550 2117 3607; x_wconf 78' lang='lat' dir='ltr'><strong>perte</strong></span> <span class='ocrx_word' id='word_1_287' title='bbox 2150 3540 2337 3605; x_wconf 76' lang='lat' dir='ltr'><strong>produ-</strong></span> 
     </span>
     <span class='ocr_line' id='line_1_33' title="bbox 199 3620 2338 3691; baseline -0.004 -19"><span class='ocrx_word' id='word_1_288' title='bbox 199 3640 233 3671; x_wconf 77' lang='grc' dir='ltr'><strong>ιι</strong></span> <span class='ocrx_word' id='word_1_289' title='bbox 273 3638 325 3671; x_wconf 87' lang='lat' dir='ltr'><strong>se</strong></span> <span class='ocrx_word' id='word_1_290' title='bbox 365 3623 473 3689; x_wconf 82' lang='lat' dir='ltr'><strong>ipso</strong></span> <span class='ocrx_word' id='word_1_291' title='bbox 507 3640 635 3691; x_wconf 64' lang='lat' dir='ltr'><strong>sepe</strong></span> <span class='ocrx_word' id='word_1_292' title='bbox 661 3636 917 3675; x_wconf 72' lang='lat' dir='ltr'><strong>aecusatus</strong></span> <span class='ocrx_word' id='word_1_293' title='bbox 942 3634 1016 3673; x_wconf 82' lang='lat' dir='ltr'><strong>est</strong></span> <span class='ocrx_word' id='word_1_294' title='bbox 1037 3658 1053 3683; x_wconf 90' lang='lat'><strong>,</strong></span> <span class='ocrx_word' id='word_1_295' title='bbox 1091 3621 1230 3688; x_wconf 83' lang='lat' dir='ltr'><strong>quod</strong></span> <span class='ocrx_word' id='word_1_296' title='bbox 1319 3634 1401 3672; x_wconf 83' lang='lat' dir='ltr'><strong>eto</strong></span> <span class='ocrx_word' id='word_1_297' title='bbox 1522 3620 1782 3689; x_wconf 70' lang='lat' dir='ltr'><strong>quadriges</strong></span> <span class='ocrx_word' id='word_1_298' title='bbox 1809 3656 1821 3668; x_wconf 92' lang='lat'>.</span> <span class='ocrx_word' id='word_1_299' title='bbox 1839 3656 1880 3670; x_wconf 93' lang='lat'><strong>..</strong></span> <span class='ocrx_word' id='word_1_300' title='bbox 1915 3620 2219 3685; x_wconf 72' lang='lat' dir='ltr'><strong>agitaverunt</strong></span> <span class='ocrx_word' id='word_1_301' title='bbox 2244 3632 2338 3665; x_wconf 76' lang='lat' dir='ltr'><strong>ne·</strong></span> 
     </span>
     <span class='ocr_line' id='line_1_34' title="bbox 201 3696 2339 3767; baseline -0.002 -16"><span class='ocrx_word' id='word_1_302' title='bbox 201 3716 358 3765; x_wconf 85' lang='lat' dir='ltr'><strong>quum</strong></span> <span class='ocrx_word' id='word_1_303' title='bbox 393 3704 566 3751; x_wconf 80' lang='lat' dir='ltr'><strong>consul</strong></span> <span class='ocrx_word' id='word_1_304' title='bbox 605 3716 730 3753; x_wconf 82' lang='lat' dir='ltr'><strong>esset</strong></span> <span class='ocrx_word' id='word_1_305' title='bbox 771 3721 882 3753; x_wconf 83' lang='lat' dir='ltr'><strong>eum</strong></span> <span class='ocrx_word' id='word_1_306' title='bbox 916 3706 975 3753; x_wconf 88' lang='grc' dir='ltr'><strong>Τ.</strong></span> <span class='ocrx_word' id='word_1_307' title='bbox 1011 3704 1184 3767; x_wconf 83' lang='lat' dir='ltr'><strong>Longo</strong></span> <span class='ocrx_word' id='word_1_308' title='bbox 1207 3735 1224 3763; x_wconf 86' lang='lat'><strong>,</strong></span> <span class='ocrx_word' id='word_1_309' title='bbox 1318 3701 1541 3751; x_wconf 78' lang='lat' dir='ltr'><strong>bilissimi</strong></span> <span class='ocrx_word' id='word_1_310' title='bbox 1554 3703 1809 3763; x_wconf 70' lang='lat' dir='ltr'><strong>juvenes».</strong></span> <span class='ocrx_word' id='word_1_311' title='bbox 1828 3698 1911 3746; x_wconf 81' lang='lat' dir='ltr'><strong>Sic</strong></span> <span class='ocrx_word' id='word_1_312' title='bbox 1926 3708 1974 3747; x_wconf 87' lang='lat' dir='ltr'><strong>et</strong></span> <span class='ocrx_word' id='word_1_313' title='bbox 1987 3696 2245 3763; x_wconf 61' lang='lat' dir='ltr'><strong>&amp;mser-iis</strong></span> <span class='ocrx_word' id='word_1_314' title='bbox 2264 3708 2339 3747; x_wconf 84' lang='lat' dir='ltr'><strong>est</strong></span> 
     </span>
     <span class='ocr_line' id='line_1_35' title="bbox 202 3776 2339 3848; baseline -0.001 -21"><span class='ocrx_word' id='word_1_315' title='bbox 202 3794 378 3844; x_wconf 81' lang='lat' dir='ltr'><strong>passus</strong></span> <span class='ocrx_word' id='word_1_316' title='bbox 402 3792 528 3829; x_wconf 81' lang='lat' dir='ltr'><strong>esset</strong></span> <span class='ocrx_word' id='word_1_317' title='bbox 561 3794 662 3831; x_wconf 81' lang='lat' dir='ltr'><strong>tum</strong></span> <span class='ocrx_word' id='word_1_318' title='bbox 698 3782 912 3848; x_wconf 80' lang='lat' dir='ltr'><strong>primum</strong></span> <span class='ocrx_word' id='word_1_319' title='bbox 943 3798 970 3830; x_wconf 83' lang='lat' dir='ltr'><strong>a</strong></span> <span class='ocrx_word' id='word_1_320' title='bbox 999 3781 1226 3847; x_wconf 71' lang='lat' dir='ltr'><strong>populari</strong></span> <span class='ocrx_word' id='word_1_321' title='bbox 1313 3782 1542 3832; x_wconf 81' lang='lat' dir='ltr'><strong>feriarum</strong></span> <span class='ocrx_word' id='word_1_322' title='bbox 1577 3780 1657 3828; x_wconf 82' lang='lat' dir='ltr'><strong>die</strong></span> <span class='ocrx_word' id='word_1_323' title='bbox 1679 3814 1693 3839; x_wconf 91' lang='lat'>,</span> <span class='ocrx_word' id='word_1_324' title='bbox 1740 3778 1801 3827; x_wconf 84' lang='lat' dir='ltr'><strong>de</strong></span> <span class='ocrx_word' id='word_1_325' title='bbox 1834 3778 1949 3841; x_wconf 82' lang='lat' dir='ltr'><strong>Leg.</strong></span> <span class='ocrx_word' id='word_1_326' title='bbox 1989 3798 2013 3817; x_wconf 74' lang='lat' dir='ltr'><strong>-r</strong></span> <span class='ocrx_word' id='word_1_327' title='bbox 2030 3776 2159 3825; x_wconf 70' lang='lat' dir='ltr'><strong>feriis</strong></span> <span class='ocrx_word' id='word_1_328' title='bbox 2179 3778 2339 3842; x_wconf 70' lang='lat' dir='ltr'><strong>jurgia</strong></span> 
     </span>
     <span class='ocr_line' id='line_1_36' title="bbox 201 3860 1631 3925; baseline 0.001 -20"><span class='ocrx_word' id='word_1_329' title='bbox 201 3874 438 3908; x_wconf 77' lang='lat' dir='ltr'><strong>consessu</strong></span> <span class='ocrx_word' id='word_1_330' title='bbox 455 3864 694 3911; x_wconf 80' lang='lat' dir='ltr'><strong>senatoria</strong></span> <span class='ocrx_word' id='word_1_331' title='bbox 714 3860 940 3911; x_wconf 83' lang='lat' dir='ltr'><strong>subsellis</strong></span> <span class='ocrx_word' id='word_1_332' title='bbox 962 3860 1173 3925; x_wconf 75' lang='lat' dir='ltr'><strong>seperari</strong></span> <span class='ocrx_word' id='word_1_333' title='bbox 1183 3884 1225 3910; x_wconf 85' lang='lat'><strong>-.</strong></span> <span class='ocrx_word' id='word_1_334' title='bbox 1314 3870 1573 3910; x_wconf 68' lang='lat' dir='ltr'><strong>amovento</strong></span> <span class='ocrx_word' id='word_1_335' title='bbox 1589 3880 1631 3907; x_wconf 75' lang='lat' dir='ltr'><strong>n.</strong></span> 
     </span>
    </p>

    <p class='ocr_par' dir='ltr' id='par_1_8' title="bbox 205 3928 2338 4085">
     <span class='ocr_line' id='line_1_37' title="bbox 279 3928 2338 4003; baseline -0.001 -19"><span class='ocrx_word' id='word_1_336' title='bbox 279 3952 332 3985; x_wconf 66' lang='grc' dir='ltr'><strong>τι.</strong></span> <span class='ocrx_word' id='word_1_337' title='bbox 356 3938 736 4003; x_wconf 67' lang='lat' dir='ltr'><strong>Megalensibus.</strong></span> <span class='ocrx_word' id='word_1_338' title='bbox 775 3942 971 3989; x_wconf 69' lang='lat' dir='ltr'><strong>Manat.</strong></span> <span class='ocrx_word' id='word_1_339' title='bbox 1006 3940 1074 3988; x_wconf 81' lang='lat' dir='ltr'><strong>ait</strong></span> <span class='ocrx_word' id='word_1_340' title='bbox 1096 3950 1228 3989; x_wconf 81' lang='lat' dir='ltr'><strong>recte</strong></span> <span class='ocrx_word' id='word_1_341' title='bbox 1386 3942 1436 3991; x_wconf 80' lang='lat'><strong>3.</strong></span> <span class='ocrx_word' id='word_1_342' title='bbox 1468 3936 1594 3989; x_wconf 77' lang='lat' dir='ltr'><strong>Edd.</strong></span> <span class='ocrx_word' id='word_1_343' title='bbox 1626 3948 1749 3987; x_wconf 77' lang='lat' dir='ltr'><strong>vett.</strong></span> <span class='ocrx_word' id='word_1_344' title='bbox 1777 3928 1999 4001; x_wconf 69' lang='lat' dir='ltr'><strong>quadem</strong></span> <span class='ocrx_word' id='word_1_345' title='bbox 2036 3934 2213 3983; x_wconf 78' lang='lat' dir='ltr'><strong>hebent</strong></span> <span class='ocrx_word' id='word_1_346' title='bbox 2242 3938 2338 3982; x_wconf 77' lang='lat' dir='ltr'><strong>Lu·</strong></span> 
     </span>
     <span class='ocr_line' id='line_1_38' title="bbox 205 4014 2335 4085; baseline -0.001 -18"><span class='ocrx_word' id='word_1_347' title='bbox 205 4016 560 4081; x_wconf 67' lang='lat' dir='ltr'><strong>Megalensibus</strong></span> <span class='ocrx_word' id='word_1_348' title='bbox 594 4036 695 4067; x_wconf 81' lang='lat' dir='ltr'><strong>esse</strong></span> <span class='ocrx_word' id='word_1_349' title='bbox 730 4018 1088 4083; x_wconf 67' lang='lat' dir='ltr'><strong>Megalensibus</strong></span> <span class='ocrx_word' id='word_1_350' title='bbox 1127 4017 1225 4067; x_wconf 83' lang='lat' dir='ltr'><strong>die·</strong></span> <span class='ocrx_word' id='word_1_351' title='bbox 1316 4020 1403 4069; x_wconf 80' lang='lat' dir='ltr'><strong>dos</strong></span> <span class='ocrx_word' id='word_1_352' title='bbox 1424 4016 1647 4085; x_wconf 73' lang='lat' dir='ltr'><strong>publicos</strong></span> <span class='ocrx_word' id='word_1_353' title='bbox 1661 4054 1677 4077; x_wconf 89' lang='lat'><em>,</em></span> <span class='ocrx_word' id='word_1_354' title='bbox 1718 4016 1856 4083; x_wconf 83' lang='lat' dir='ltr'><strong>qnod</strong></span> <span class='ocrx_word' id='word_1_355' title='bbox 1889 4014 2075 4081; x_wconf 76' lang='lat' dir='ltr'><strong>recepit</strong></span> <span class='ocrx_word' id='word_1_356' title='bbox 2095 4014 2335 4065; x_wconf 64' lang='lat' dir='ltr'><strong>Gravius.</strong></span> 
     </span>
    </p>
   </div>
  </div>
 </body>
</html>
