2594 4537
561 282 948 352 ORATIO
1001 284 1207 350 PRO
1255 279 1565 373 Domo
1614 279 1839 349 SUA.
2131 278 2273 352 365

81 405 426 503 adoptet
451 458 472 491 ,
515 406 680 502 qui,
733 402 934 502 quod
995 418 1256 475 natura
1287 405 1437 497 jam
1484 404 1766 500 assequi
1807 426 1957 474 non
1994 418 2274 501 potest,

85 532 166 587 et
205 517 596 613 legitime,
638 530 713 587 et
755 513 1132 614 pontificio
1158 515 1667 609 jure‚quoerat;
1712 528 1783 584 et
1815 515 1913 586 ita
1950 514 2273 614 adoptet,

85 640 178 697 ut
216 652 332 698 ne
376 624 561 724 quid
601 640 726 697 aut
772 625 864 697 de
917 624 1266 723 dignitate
1311 649 1701 723 generum,
1744 640 1871 697 aut
1904 626 1995 697 de
2032 652 2273 699 sacro-

85 761 278 806 rum
331 736 688 834 religione
733 739 1152 806 minuatur:
1195 733 1376 805 illud
1412 736 1487 805 in
1523 738 1810 832 primis,
1854 760 1947 808 ne
1982 762 2127 834 qua
2164 762 2279 811 caa

87 846 438 931 lamnia,
473 869 568 915 ne
606 869 750 942 qua
789 844 1028 929 fraus,
1079 870 1174 916 ne
1227 850 1393 942 quis
1438 843 1651 916 dolus
1686 845 2154 938 adhibeatur3
2197 865 2280 921 ut

85 956 264 1028 haec
317 956 656 1028 simulata
697 955 996 1053 adoptio
1051 952 1224 1025 filii³
1274 978 1500 1052 quam
1548 957 1857 1028 maxime
1901 961 2275 1032 veritatem

87 1068 320 1139 illam
379 1065 1008 1165 suscipiendorum
1058 1065 1459 1138 liberorum
1510 1070 1786 1138 imitata
1836 1092 1991 1139 esse
2038 1070 2276 1143 videa-

89 1192 256 1247 tur.
315 1182 498 1268 Quae
551 1178 784 1271 major
840 1176 1194 1247 calumnia
1239 1191 1383 1263 est,
1441 1202 1665 1275 quam
1713 1180 1959 1251 venire
2004 1180 2276 1253 imber·

91 1287 350 1365 bemss
401 1286 1060 1374 adolescentulum,
1103 1285 1294 1359 bene
1344 1286 1738 1376 valentem,
1772 1310 1855 1358 ac
1898 1292 2273 1381 maritum3

96 1398 410 1486 dicere,
469 1394 698 1467 filium
769 1412 1172 1469 senatorem
1239 1397 1495 1495 populi
1553 1401 1836 1468 romani
1894 1398 2029 1469 sibi
2094 1403 2274 1474 velle

97 1507 510 1606 adoptare3
548 1506 625 1577 id
653 1521 896 1579 autem
932 1508 1116 1578 scire
1151 1521 1223 1579 et
1254 1506 1501 1579 videre
1529 1533 1821 1600 omneS,
1856 1534 2006 1581 non
2039 1527 2123 1583 ut
2153 1513 2275 1586 ille

101 1616 320 1690 filius
356 1620 795 1705 instituatur,
832 1616 958 1689 sed
995 1632 1080 1688 ut
1111 1642 1152 1689 e
1188 1620 1509 1717 patriciis
1542 1634 1787 1707 exeat,
1826 1635 1899 1691 et
1930 1620 2275 1695 tribunus

103 1727 364 1824 plebis
423 1726 576 1798 fieri
634 1732 905 1825 possit,
959 1726 1228 1799 idcirco
1279 1727 1661 1827 adoptari?
1718 1734 1977 1829 Neque
2020 1732 2095 1804 id
2138 1733 2274 1806 ob-

105 1860 338 1909 scure
366 1866 381 1907 :
415 1861 586 1907 nam
615 1836 1040 1935 adoptatum
1071 1842 1509 1937 emancipari
1532 1845 1771 1912 statim
1795 1838 1849 1931 ⁵,
1876 1868 1971 1914 ne
1999 1847 2093 1915 sit
2120 1845 2277 1940 ejus

105 1946 356 2037 filius,
406 1949 536 2046 qui
597 1946 982 2046 adoptarit.
1035 1952 1185 2019 Cur
1241 1974 1416 2047 ergo
1478 1949 1911 2047 adoptatur?
1966 1954 2277 2027 Probate

108 2083 358 2155 genus
423 2059 896 2158 adoptionis-t
959 2060 1108 2155 jam
1173 2063 1506 2131 omnium
1570 2084 1772 2133 saera
1828 2064 2276 2156 interierint,

111 2196 446 2268 quorum
502 2169 842 2242 custodes
893 2194 1022 2241 vos
1083 2194 1238 2242 esse
1297 2168 1623 2258 debetis;
1678 2171 2017 2267 patricius
2054 2200 2275 2247 nemo

112 2285 603 2384 relinquetur.
649 2286 800 2354 Cur
827 2285 1021 2355 enim
1066 2285 1455 2381 quisquam
1481 2284 1676 2373 velit,
1711 2283 2091 2356 tribunum
2126 2286 2277 2385 ple·

193 2516 246 2562 3.
279 2515 346 2560 tle
379 2511 488 2560 ltoec
522 2510 759 2558 simulata
799 2509 1004 2574 adoptio
1024 2508 1154 2576 filii.

118 2592 454 2656 Pantagathus
478 2591 668 2655 legebat
693 2590 890 2654 adeptio
919 2605 1013 2654 pro
1032 2589 1158 2637 ado-

109 2674 255 2735 ptio.-
283 2689 395 2736 quae
432 2672 582 2720 lectio
618 2674 660 2720 ai
693 2673 853 2719 minua
889 2687 1002 2719 vera
1050 2672 1116 2720 ait
1139 2707 1154 2732 ,

119 2751 430 2817 ingeniosam
485 2767 588 2800 ease
634 2767 780 2799 nemo
830 2751 1043 2815 negabit.
1081 2777 1155 2788 —

121 2833 292 2880 Habet
325 2831 468 2880 etiam
500 2831 650 2880 Barb.
687 2829 962 2893 adoptatio.
1005 2831 1058 2878 Si
1096 2831 1160 2878 de

122 2912 298 2960 Clodii
337 2910 607 2974 adoptione
641 2921 892 2974 ageretur,
933 2921 1157 2974 apertum

128 3003 260 3040 eaaet
288 3026 304 3050 ,
384 2990 504 3054 quid
576 2991 670 3037 eibi
721 2990 826 3037 haee
888 3010 914 3030 ιι
939 2989 1160 3036 simulata

123 3071 336 3137 adoptio
357 3092 383 3112 a·
425 3071 574 3118 vellet
605 3083 618 3117 :
664 3070 736 3117 aie
783 3067 929 3116 etiam
981 3067 1160 3115 diserte

130 3150 415 3216 appellatur
465 3148 672 3212 adoptio
722 3163 814 3212 per
875 3147 1161 3194 calumniam

123 3230 444 3294 fraudemque
475 3229 602 3278 faeta
627 3229 682 3276 in
717 3227 808 3276 SC.
842 3226 979 3291 apud
1007 3227 1160 3274 Tacit.

123 3309 313 3360 Annal.
335 3311 452 3368 XV,
481 3324 562 3372 19.
580 3309 676 3358 Sed
691 3309 787 3356 hoc
815 3307 1016 3354 minime
1042 3321 1162 3354 eon-

124 3391 266 3438 veuit
275 3389 534 3454 generatim
547 3389 610 3436 de
623 3387 895 3452 adoptione
907 3387 1128 3450 loquenti
1143 3399 1156 3434 :

123 3485 290 3533 neque
319 3467 447 3515 illud
475 3469 588 3515 item
604 3501 619 3526 ,
647 3477 708 3514 ut
727 3463 844 3512 ficta
863 3475 912 3513 et
939 3465 1054 3514 falsa
1081 3464 1159 3512 di·-

125 3561 270 3597 catur
313 3547 558 3612 adoptio:
610 3563 720 3611 qua‘.
762 3544 862 3594 duo
907 3557 1070 3595 tamen
1105 3557 1161 3593 ut

125 3631 292 3677 animo
324 3629 487 3674 atatim
525 3626 879 3685 obversentur,
925 3626 1014 3674 iata
1044 3625 1164 3674 facit

123 3709 354 3774 profecto
381 3705 591 3754 locutio.
614 3709 788 3754 Restat
815 3693 964 3770 igitur
982 3740 997 3765 ,
1035 3715 1090 3752 ut
1119 3705 1161 3751 ai

125 3790 376 3853 vulgatam
417 3786 628 3833 retinere
658 3795 886 3850 oporteat
906 3819 922 3844 ,
955 3782 1158 3832 verbum

129 3867 369 3919 simulata
408 3877 638 3930 putemus
656 3900 672 3925 ‚
722 3865 842 3913 licet
870 3864 1064 3929 passiva
1099 3863 1164 3910 ait

131 3950 306 4010 forma,
326 3945 490 3994 activa
514 3955 678 3992 tamen
698 3943 1056 4007 significatione
1073 3959 1165 4006 po-

135 4030 276 4075 situm
294 4061 310 4088 ,
333 4043 400 4074 ex
436 4025 522 4086 iia,
553 4037 666 4088 quoe
685 4022 976 4087 jampridem
997 4020 1166 4070 docuit

1245 2510 1480 2570 veseina,
1522 2509 1583 2560 de
1622 2512 1765 2562 Anal.
1803 2513 1893 2572 lv,
1934 2513 2025 2573 133
2055 2502 2277 2566 Perizon.
2334 2549 2349 2564 ι

1244 2589 1311 2637 ad
1334 2591 1497 2661 sanet.
1523 2591 1737 2641 Minerv.
1758 2597 1807 2650 1,
1842 2593 1923 2656 15,
1947 2603 1997 2642 et
2021 2609 2135 2660 post
2154 2597 2279 2646 alios
2356 2647 2361 2656 ,

1247 2671 1400 2719 Drak.
1424 2671 1487 2718 ad
1511 2673 1618 2722 Liv.
1638 2675 1730 2733 IV,
1757 2682 1840 2730 ⁴²4·
1870 2677 1945 2721 Ita
1966 2675 2282 2740 intelligenda

1247 2762 1377 2798 esset
1420 2773 1445 2793 α
1463 2750 1669 2816 adoptio
1689 2752 1921 2800 simulans
1940 2774 1987 2802 n.
2026 2757 2210 2803 Verum
2232 2767 2285 2805 et

1245 2829 1380 2878 istud
1402 2829 1597 2880 videtur
1616 2831 1736 2878 mihi
1756 2831 1853 2878 hoe
1878 2831 1993 2880 loeo
2020 2833 2281 2884 duriuscu-

1245 2910 1374 2970 lum,
1404 2919 1453 2956 et
1492 2910 1649 2957 activa
1678 2910 1941 2958 simulandi
1984 2911 2280 2975 significatio

1247 2991 1375 3037 ineat
1412 2988 1731 3052 sequentibus
1750 3023 1766 3046 ,
1800 3011 1826 3030 α
1848 2990 2098 3038 veritatem
2109 3026 2268 3041 .....

1247 3069 1434 3115 imitata
1452 3087 1475 3109 n
1493 3102 1511 3125 ,
1546 3077 1603 3114 ut
1628 3067 1763 3132 apud
1790 3069 1983 3116 Auson.
2012 3071 2065 3117 in
2093 3071 2271 3122 caeenr.

1248 3147 1403 3205 1111,
1428 3147 1456 3193 3
1478 3160 1491 3194 :
1515 3145 1769 3195 «imitatur
1794 3147 2001 3210 adoptIo
2025 3149 2217 3213 prolem
2236 3172 2279 3201 »-

1324 3237 1373 3284 4.
1405 3229 1540 3291 Alii„
1576 3228 1853 3279 imberbum.

1324 3309 1375 3358 5.
1400 3307 1722 3372 Emancipan‘
1736 3311 1917 3358 statim.
1948 3313 2072 3375 Quae
2100 3325 2173 3362 est
2199 3315 2281 3364 illa

1255 3383 1509 3436 temeritas
1547 3398 1598 3434 et
1624 3388 1825 3438 audacia
1845 3425 1860 3449 ,
1892 3403 2163 3442 senatorem
2189 3411 2281 3460 po·-

1247 3467 1355 3534 puli
1369 3468 1559 3514 romani
1572 3467 1633 3514 ab
1651 3458 2021 3521 adolescentulo
2040 3475 2285 3539 adoptari,

1249 3559 1296 3597 et
1319 3549 1385 3595 ita
1409 3547 1664 3611 adoptari,
1692 3565 1795 3598 non
1822 3563 1875 3599 ut
1902 3551 1991 3599 filii
2026 3552 2141 3600 loeo
2181 3553 2245 3603 sit
2263 3589 2280 3613 ,

1249 3625 1337 3676 aed
1362 3629 1705 3677 tantummodo
1733 3641 1787 3678 ut
1812 3647 1839 3678 e
1866 3633 2077 3695 patricio
2114 3631 2286 3680 ordine

1249 3719 1389 3757 exeat
1414 3743 1427 3767 ,
1474 3720 1524 3757 et
1563 3710 1663 3769 jam
1710 3707 1867 3772 plebia
1909 3709 2135 3758 tribunus
2178 3709 2287 3759 fieri

1248 3789 1439 3854 possit?
1463 3789 1615 3851 Quod
1639 3799 1687 3836 et
1713 3791 1819 3853 ipae
1847 3789 2103 3853 probavit,
2131 3807 2284 3854 quum

1251 3869 1413 3915 atatim
1436 3879 1493 3915 ut
1514 3879 1587 3918 est
1605 3869 1895 3934 adoptatus,
1918 3886 1969 3917 se
1992 3873 2285 3936 emancipari

1253 3949 1518 4011 curaverit,
1562 3965 1624 3998 ne
1672 3965 1822 4014 penes
1867 3965 1978 3998 eum
2028 3961 2154 4000 eeaet
2199 3953 2286 4016 qui

1255 4027 1535 4090 adoptavit.
