2594 4537
349 331 481 403 116
973 328 1067 395 M.
1121 328 1196 395 T.
1251 324 1821 396 CICERONIS

339 456 619 527 biscum
649 443 905 520 simul3
955 472 1086 545 pro
1128 446 1354 518 salute
1394 444 1613 541 hujus
1657 442 1861 515 urbis
1888 458 2110 541 atque
2136 446 2453 543 imperii,

343 583 415 637 et
443 587 581 662 pro
626 560 772 630 vita
813 558 1111 643 civium,
1153 580 1435 654 proque
1478 556 1812 625 universa
1848 553 2213 652 republica
2240 556 2452 653 gessi·

344 699 541 761 mus,
575 670 809 766 attigit
845 668 963 738 hic
990 666 1317 737 versibus
1350 680 1564 763 atque
1595 663 1999 735 inchoavit:
2038 662 2302 763 quibus
2332 690 2452 735 au-

345 782 552 869 ditis,
583 776 778 877 quod
817 777 990 847 mihi
1027 800 1284 873 magna
1316 798 1428 846 res
1460 788 1531 845 et
1559 774 1880 869 jucunda
1916 776 2057 845 visa
2090 789 2233 862 est,
2264 775 2455 845 hunc

349 892 438 963 ad
493 886 1014 988 perficiendum
1055 885 1391 957 hortatus
1433 908 1613 954 sum.
1666 883 1951 955 Nullam
2003 888 2196 956 enim
2238 887 2453 955 virtus

349 999 558 1071 aliam
595 993 997 1067 mercedem
1035 992 1370 1065 laborum
1413 993 2050 1091 periculorumque
2087 992 2455 1079 desiderat,

349 1122 606 1207 praeter
640 1105 828 1177 hanc
864 1103 1094 1177 laudis
1122 1119 1193 1176 et
1223 1104 1507 1201 gloriae:
1545 1128 1689 1201 qua
1722 1104 2017 1201 quidem
2039 1108 2070 1157 4
2115 1104 2455 1189 detracta,

341 1216 624 1313 judices
645 1269 664 1303 ,
699 1212 878 1312 quid
906 1228 1013 1285 est
1030 1268 1049 1301 ,
1095 1211 1294 1311 qu'od
1331 1214 1405 1282 in
1432 1212 1575 1285 hoc
1601 1228 1746 1285 tam
1776 1216 2035 1312 exiguo
2062 1216 2221 1286 vitae
2248 1215 2456 1286 curri·

349 1327 554 1413 cub,
593 1339 665 1397 et
710 1340 854 1396 tam
901 1323 1145 1411 brevi,
1185 1324 1401 1394 tantis
1438 1349 1571 1395 nos
1619 1325 1695 1394 in
1739 1323 2110 1398 laboribus
2142 1349 2453 1397 exercea-

350 1437 557 1507 mus?
609 1439 851 1521 Certe,
901 1438 958 1505 si
1011 1432 1194 1504 nihil
1238 1434 1519 1503 animus
1562 1430 2061 1532 praesentiret⁵
2104 1438 2180 1505 in
2225 1448 2457 1533 poste-

347 1572 551 1635 rum,
589 1561 699 1634 et,
731 1546 826 1631 si,
862 1541 1127 1641 quibus
1163 1541 1580 1640 regionibus
1618 1546 1776 1614 vitae
1811 1544 2120 1641 spatium
2162 1547 2458 1616 circum-

351 1657 695 1753 scriptum
742 1667 886 1739 est,
940 1652 1210 1724 eisdem
1250 1677 1506 1725 omnes
1551 1654 2019 1751 cogitationes
2056 1656 2461 1725 terminaret

353 1790 514 1839 suas
544 1818 563 1851 ,
616 1787 750 1835 nec
812 1764 1028 1833 tantis
1077 1788 1152 1833 se
1203 1762 1573 1833 laboribus
1625 1760 2025 1859 frangeret,
2080 1789 2317 1861 neque
2358 1774 2459 1833 tot

357 1879 548 1946 curis
591 1871 990 1971 vigiliisque
1035 1886 1451 1970 angeretur,
1488 1898 1724 1970 neque
1770 1874 1981 1945 toties
2018 1874 2108 1946 de
2146 1876 2287 1945 vita
2320 1876 2461 1971 ipsa

356 1984 726 2055 dimicaret
744 1980 797 2053 ὅ.
835 1986 1048 2055 Nunc
1078 1981 1383 2055 insidet⁷
1410 1983 1734 2081 quaedam
1767 1986 1843 2054 in
1871 1986 2151 2083 optimo
2181 2005 2459 2081 quoque

349 2095 610 2181 virtus,
654 2118 815 2191 quae
857 2107 1108 2164 noctes
1163 2107 1236 2165 et
1293 2091 1447 2165 dies
1492 2096 1813 2165 animum
1872 2093 2115 2192 gloriae
2169 2092 2461 2165 stimulis

358 2198 740 2288 concitatss,
793 2218 1010 2302 atque
1071 2202 1447 2294 admonet,
1508 2229 1658 2276 non
1717 2229 1884 2277 cum
1933 2206 2095 2276 vitae
2152 2218 2459 2303 tempore

363 2341 514 2388 esse
545 2314 1042 2387 dimittendam
1081 2319 1841 2388 commemorationem
1874 2317 2187 2388 nominis
2212 2315 2461 2400 nostri,

363 2425 489 2498 sed
534 2450 700 2497 cum
741 2425 942 2496 omni
986 2429 1402 2521 posteritate
1439 2425 1971 2525 adaequandam.

458 2539 569 2604 An
609 2557 784 2604 vero
831 2546 978 2602 tam
1031 2534 1230 2630 parvi
1284 2537 1507 2605 animi
1560 2536 1929 2608 videamur
1982 2561 2135 2609 esse
2190 2559 2463 2618 omneS,

361 2644 491 2741 qui
537 2646 613 2713 in
661 2639 1071 2739 republica,
1110 2656 1327 2739 atque
1370 2644 1447 2742 in
1492 2643 1602 2716 his
1639 2649 1799 2716 vitae
1842 2646 2176 2745 periculis
2217 2645 2464 2718 labori·

359 2753 646 2850 busque
696 2775 1096 2839 versamur,
1155 2769 1277 2842 ut,
1330 2779 1598 2851 quum,
1644 2780 1879 2853 usque
1934 2755 2026 2827 ad
2082 2771 2465 2828 extremum

363 2865 673 2963 spatium
695 2869 753 2948 9,
798 2860 1078 2934 nullum
1120 2863 1594 2961 tranquillum
1643 2882 1864 2963 atque
1913 2869 2230 2940 otiosum
2276 2867 2463 2965 spiri-

440 3103 487 3150 3.
505 3099 759 3148 Vobiscum
770 3100 928 3147 simul.
939 3102 1152 3149 Gratiam
1160 3101 1381 3163 judicum
1468 3116 1608 3170 putat
1641 3116 1806 3154 noster
1848 3105 1903 3154 in
1941 3107 2127 3156 Catone
2142 3141 2159 3166 ‚
2205 3108 2359 3172 capite
2396 3106 2466 3153 23.

363 3183 441 3230 his
474 3179 632 3227 verbis
660 3192 943 3244 aucupatur,
973 3194 1023 3231 et
1052 3182 1121 3229 eis
1151 3184 1380 3231 Archiam
1542 3200 1590 3244 7.
1620 3185 1765 3232 Nunc
1788 3185 1978 3236 insidet.
2006 3185 2105 3234 Sed
2130 3198 2301 3236 coum
2326 3185 2469 3234 sedem

367 3258 596 3308 conciliat
610 3293 624 3316 ,
644 3259 795 3324 gloria
815 3276 987 3326 nempe
1005 3263 1381 3321 communicata,

367 3355 512 3404 quam
531 3338 722 3386 Archiae
741 3338 954 3388 versibus
975 3352 1313 3404 consequetur.

439 3429 490 3476 4.
532 3423 642 3484 Qua
675 3418 868 3483 quidem
903 3421 1138 3470 dett-acea.
1173 3423 1225 3470 Si
1249 3423 1384 3471 nullu

367 3499 520 3564 gloria
557 3515 639 3547 eos
671 3509 863 3560 manet,
903 3502 990 3564 qui
1025 3501 1085 3550 de
1121 3517 1225 3566 rep.
1257 3500 1384 3549 bene

369 3588 483 3626 sunt
504 3578 680 3628 meriti.

441 3659 488 3704 5.
517 3656 837 3705 Praeseneiret.
863 3656 970 3705 Nisi
994 3659 1184 3706 animus
1206 3659 1383 3722 praevi-

370 3736 529 3795 deret,
553 3737 826 3802 praesagiret
848 3753 899 3784 se
918 3735 1236 3786 immortalem
1259 3753 1380 3787 ease.

366 3841 439 3852 —-
459 3815 764 3879 Regionibns.
784 3817 1042 3874 Ten-minis,
1059 3815 1255 3866 finibus.

439 3893 489 3941 6.
529 3895 605 3941 De
645 3895 756 3942 vita
794 3895 901 3959 ipsa
945 3893 1210 3945 dimicaret.
1254 3897 1383 3944 Vitae

369 3971 626 4020 discrimen
650 3973 937 4023 incurreret.
975 3976 1184 4038 Copioae
1216 3977 1385 4038 impri-

367 4053 457 4098 mis
477 4063 527 4100 et
553 4063 722 4101 ornate
747 4053 800 4102 in
823 4053 951 4102 haue
978 4053 1260 4102 senteutiam
1288 4055 1383 4103 dio-

1471 3264 1606 3327 quasi
1640 3261 1750 3312 fixit
1788 3264 1965 3314 nobilia
1998 3265 2201 3330 quidam
2232 3283 2396 3315 seusus
2427 3265 2471 3310 in

1471 3358 1767 3406 unoquoque
1812 3345 1918 3392 viro
1957 3345 2124 3406 bono,
2178 3363 2331 3410 quum
2368 3346 2471 3392 seint

1471 3432 1587 3484 post
1616 3421 1741 3470 hauc
1767 3423 1915 3472 vitam
1941 3425 2087 3474 morti
2112 3441 2361 3490 superesse
2384 3422 2471 3472 ani-

1473 3517 1623 3550 mum.

1546 3584 1593 3630 8.
1624 3581 1858 3631 Com-itae.
1888 3584 1965 3634 Ne
1981 3583 2236 3648 langueat,
2264 3584 2349 3634 ned
2368 3597 2473 3630 con-

1472 3670 1543 3708 tra
1586 3677 1739 3724 usque
1782 3677 1842 3709 eo
1884 3672 2153 3725 moveatur,
2189 3663 2349 3712 donee
2386 3651 2479 3710 αφ’

1472 3737 1673 3801 gloriam
1688 3775 1703 3798 ,
1732 3738 1814 3786 cui
1842 3739 1972 3789 nulla
1997 3741 2099 3790 dien
2122 3740 2275 3790 finem
2297 3743 2472 3796 afferat,

1472 3817 1577 3882 ipse
1597 3823 1935 3882 consequatur.

1544 3913 1593 3960 9.
1639 3899 1801 3963 Usque
1842 3899 1917 3946 ad
1950 3909 2223 3948 amenum
2264 3899 2472 3963 spatium.

1474 3975 1700 4024 Ultimum
1748 3975 1891 4042 spatii
1946 3978 2008 4027 ad
2062 3978 2325 4028 vivendum
2390 3973 2473 4023 dati

1471 4066 1672 4121 partem.
