2594 4537
330 280 469 375 644
649 274 701 302 ”
926 290 1857 363 GAsP.GARAT0N11

327 415 801 479 amantissimus
838 414 1065 478 Cicero
1096 436 1353 503 semper
1384 416 1542 497 fuit,
1569 436 1702 479 non
1736 416 1950 504 potuit
1977 416 2152 481 inter
2182 439 2298 483 eos
2324 418 2458 485 dis-

326 520 541 583 sensio
578 542 713 584 non
748 520 1083 607 consequi.
1126 522 1290 612 Quoe
1326 521 1658 609 paullatim
1691 544 1770 587 eo
1799 544 2138 612 progressa
2172 540 2302 605 est,
2335 542 2448 607 ut,

326 646 535 713 quum
566 626 946 714 «Pompeius
970 650 1039 691 se
1058 642 1270 691 totum
1288 628 1518 691 Caesari
1537 626 1940 693 tradidisset»
1953 630 2026 715 (l.
2045 653 2100 693 c.
2115 630 2452 720 Philipp),

329 730 767 813 simulatione,
815 729 1101 820 doloque
1152 732 1564 820 interposito,
1615 733 1972 821 perniciem
2020 732 2307 823 denique
2350 738 2452 800 in-

326 850 515 899 cauto
562 836 880 917 attulerit,
920 852 985 901 et
1016 838 1402 901 immerenti.
1431 834 1520 901 Ut
1553 836 1856 901 Clodium
1887 837 2052 902 vidit
2081 840 2454 905 tribunatus

324 964 513 1006 causa
532 940 614 1007 ad
632 939 889 1029 plebem
914 944 1293 1007 translatum
1311 990 1330 1025 ,
1354 942 1587 1009 exarsit
1609 944 1832 1008 Cicero
1855 944 2210 1027 iracundia,
2241 970 2452 1035 quum

325 1064 540 1111 tamen
574 1070 717 1137 spes
752 1068 905 1139 eum
943 1046 1237 1136 quaedam
1275 1050 1430 1113 falsa
1473 1048 1814 1138 deciperet.
1851 1049 2122 1138 Scripsit
2155 1050 2242 1115 ad
2289 1054 2454 1115 Atti-

324 1174 498 1235 cum,
522 1154 617 1235 ll,
646 1176 723 1239 9:
749 1184 775 1210 α
790 1155 855 1219 Si
868 1174 1027 1218 vero
1042 1176 1187 1241 quae
1206 1154 1289 1219 de
1307 1176 1410 1218 me
1427 1170 1612 1244 pacta
1633 1170 1809 1237 sunt,
1836 1178 1907 1219 ea
1929 1178 2068 1221 non
2084 1174 2450 1237 servantur,

321 1262 389 1324 in
424 1262 581 1325 caelo
628 1282 812 1345 sum3
847 1278 923 1326 ut
964 1262 1121 1325 sciat
1156 1260 1263 1330 hic
1305 1277 1530 1327 noster
1570 1262 2163 1351 Hierosolymarius
2199 1264 2228 1351 (
2259 1264 2456 1328 Pom-

325 1368 547 1455 peius)
585 1366 921 1433 traductor
957 1367 1041 1432 ad
1074 1366 1364 1455 plebe-m,
1397 1390 1594 1456 quam
1625 1367 1870 1434 bonam
1899 1368 2063 1432 meis
2091 1370 2452 1457 putissimis

326 1472 729 1537 orationibus
780 1474 1051 1563 gratiam
1094 1474 1416 1556 retulerit,
1473 1493 1750 1561 quarum
1815 1490 2112 1563 exspecta
2161 1473 2450 1539 divinam

326 1584 633 1643 παλινοδίαν
648 1604 690 1642 ν.
723 1580 1038 1669 Pompeio
1082 1597 1300 1646 tamen
1334 1578 1654 1662 adjuranti
1693 1580 2028 1662 credebat,
2055 1604 2276 1669 neque
2317 1582 2452 1671 ipse

329 1684 452 1749 sibi
486 1686 852 1767 constabat,
892 1701 970 1749 ut
996 1709 1073 1749 ex
1106 1687 1183 1750 iis
1216 1686 1501 1774 epistolis
1522 1733 1540 1768 ,
1569 1688 1672 1770 II,
1703 1709 1820 1768 ao,
1847 1702 1967 1750 etc.
1995 1702 2178 1775 patet
2209 1709 2230 1751 ε
2267 1688 2448 1751 illum

326 1790 567 1856 scilicet
592 1791 845 1880 perdite
875 1792 1131 1857 amabat
1154 1838 1172 1875 ‚
1207 1807 1282 1856 ut
1314 1794 1496 1889 epist.
1534 1814 1612 1857 21
1651 1794 1791 1881 ipse
1821 1791 2148 1857 indicavit.
2183 1793 2446 1882 Experti

320 1896 583 1963 tandem
612 1896 848 1987 gravis,
882 1914 946 1962 et
974 1898 1367 1988 philosopho
1397 1896 1591 1988 digna
1615 1898 1826 1962 oratio
1857 1914 1956 1963 est
1973 1944 1992 1980 ,
2023 1896 2108 1963 ad
2139 1898 2444 1969 eumdem

318 2005 628 2088 Atticum,
650 2006 746 2088 X,
774 2008 815 2083 4
834 2052 852 2087 ,
889 2006 1041 2069 belli
1073 2004 1271 2069 civilis
1297 2000 1522 2069 initio:
1542 2032 1570 2061 α
1587 2004 1826 2093 Cogito
1825 2049 1978 2070 .....
1996 2004 2164 2093 quid
2193 2006 2446 2070 intersit

315 2113 487 2177 inter
535 2134 639 2176 me
684 2128 749 2176 et
796 2112 989 2194 istoS,
1041 2134 1207 2199 quos
1254 2126 1520 2200 propter
1563 2110 1786 2175 omnia
1820 2110 2157 2175 amisimus
2205 2110 2444 2197 (Pom-

315 2218 537 2308 peium
576 2232 642 2282 et
662 2217 975 2282 Caesarem
988 2215 1033 2306 ).
1060 2213 1147 2286 Hi
1183 2230 1374 2299 sunt,
1407 2214 1522 2304 qui
1541 2265 1558 2300 ‚
1585 2214 1712 2280 nisi
1742 2236 1850 2280 me
1881 2214 2134 2282 ‹zivitate
2163 2216 2443 2306 expulis-

313 2339 458 2388 sent
478 2373 499 2406 ,
536 2323 833 2387 obtinere
865 2345 933 2386 se
970 2345 1103 2387 non
1136 2345 1328 2411 posse
1355 2338 1750 2411 putaverunt
1777 2322 2102 2394 licentiam
2125 2323 2442 2412 cupidita-

313 2446 456 2493 tum
484 2448 750 2492 suarum
774 2475 793 2510 ,
826 2445 1110 2515 quorum
1144 2425 1470 2502 societatis
1486 2473 1504 2508 ,
1547 2437 1614 2493 et
1643 2426 1965 2492 sceleratoe
1997 2429 2438 2493 consensionis

312 2533 471 2598 fides
500 2556 632 2621 quo
660 2533 946 2620 eruperit
966 2581 983 2615 ,
1014 2529 1195 2595 vides
1217 2563 1262 2596 υ.
1295 2533 1470 2596 Tum
1495 2529 1578 2595 de
1605 2531 1918 2620 Pompeio
1947 2554 1962 2595 ε
1987 2561 2016 2590 σι
2037 2534 2154 2620 qui
2181 2555 2307 2598 nos
2325 2535 2434 2598 sibi

316 2635 649 2726 quondam
686 2636 771 2699 ad
800 2635 999 2723 pedes
1041 2651 1273 2700 stratos
1319 2657 1404 2700 ne
1448 2636 1824 2700 sublevabat
1859 2635 2124 2725 quidem
2141 2685 2164 2719 ,
2215 2641 2334 2726 qui
2375 2663 2436 2703 se

316 2744 477 2808 nihil
494 2760 721 2807 contra
736 2743 932 2823 hujus
958 2741 1271 2830 (Caesaris)
1301 2741 1706 2808 voluntatem
1727 2743 1938 2808 aiebat
1961 2743 2176 2808 facere
2191 2764 2382 2834 posse
2391 2775 2430 2810 ι.

316 2853 415 2916 De
444 2849 575 2914 hoc
602 2849 891 2937 Pompeii
917 2869 1233 2937 responso
1255 2896 1273 2931 ,
1289 2845 1381 2913 'ac
1410 2847 1492 2914 de
1525 2850 1868 2937 utriusque
1893 2847 2166 2937 perfidia
2191 2851 2434 2916 notissi-

313 2977 459 3020 mus
483 2955 713 3020 Dionis
736 2971 833 3018 est
854 2955 1057 3030 locus,
1072 2953 1450 3035 XXXVIII,
1473 2953 1570 3019 15.
1597 2954 1700 3018 Sic
1713 2955 1934 3042 itaque
1952 2955 2168 3043 pergit
2187 2955 2428 3020 Cicero:
2563 2973 2565 3020 1

312 3093 339 3118 ‹-
364 3063 618 3126 Horum
644 3081 767 3148 ego
801 3079 1207 3123 summorum
1230 3059 1698 3147 imperatorum
1727 3078 1864 3123 non
1889 3057 2090 3124 modo
2107 3081 2214 3124 res
2233 3077 2430 3151 gestas

313 3189 447 3230 non
482 3181 813 3254 antepono
846 3163 1005 3230 meis
1021 3213 1038 3242 ‚
1088 3163 1203 3229 sed
1238 3185 1324 3228 ne
1363 3165 1694 3230 fortunam
1724 3161 1988 3252 quidem
2021 3165 2231 3253 ipsam
2251 3213 2271 3249 ,
2311 3189 2426 3256 qua

310 3273 403 3338 illi
429 3271 879 3338 florentissima
895 3319 913 3353 ,
943 3290 1063 3335 nos
1088 3270 1352 3338 duriore
1373 3269 1721 3336 conflictati
1741 3269 2208 3354 videmur,etc.
2229 3303 2256 3329 υ
2275 3273 2428 3338 Vera

307 3382 508 3471 igitur
530 3379 634 3443 illa
660 3379 977 3444 sermonis
998 3401 1135 3443 non
1160 3379 1348 3444 liberi
1359 3375 1492 3444 'vox
1509 3427 1527 3462 ,
1547 3400 1669 3468 pro
1695 3375 1912 3443 Domo
1934 3378 1978 3444 l.
1995 3402 2052 3444 c.
2069 3407 2098 3436 «t
2115 3381 2258 3470 Ego
2283 3402 2426 3445 vero

308 3511 525 3577 neque
549 3511 653 3552 me
670 3503 818 3552 tum
837 3475 1163 3553 desertum
1192 3505 1358 3576 puto
1375 3535 1392 3570 ,
1413 3487 1528 3552 sed
1553 3507 1737 3576 paene
1761 3485 2126 3570 deditum-3
2157 3509 2426 3576 vereque

306 3597 577 3675 προδοσίαν
608 3593 777 3658 illam
804 3591 1187 3660 Plutarchus
1212 3595 1520 3684 appellat,
1546 3595 1613 3658 in
1639 3593 1868 3682 Pomp.
1893 3615 1947 3657 c.
1973 3597 2082 3681 49.
2107 3593 2418 3685 Denique,

303 3715 379 3764 ut
424 3699 621 3764 finem
668 3699 895 3766 faciam
918 3749 936 3783 ,
982 3702 1032 3764 si
1082 3701 1466 3790 Pompeius,
1509 3721 1904 3789 quamquam
1959 3699 2216 3794 nullum
2257 3697 2422 3764 dedit

304 3805 491 3868 initio
524 3807 822 3894 plausum
850 3855 868 3887 ,
906 3807 1104 3870 iratus
1138 3807 1225 3870 ob
1261 3830 1366 3872 eas
1397 3807 1611 3872 literas
1651 3807 1951 3871 Ciceroni
1995 3827 2134 3870 non
2171 3805 2326 3890 fuit3
2373 3805 2420 3868 si
2558 3837 2559 3850 2

304 3923 523 3990 postea
557 3910 751 3998 longe
801 3913 1091 4000 graviore
1134 3910 1214 3978 de
1254 3933 1444 3978 causa
1477 3913 1658 3977 illum
1693 3911 2013 4000 prodidit,
2045 3909 2290 3976 nedum
2322 3910 2418 3974 de·

306 4010 523 4091 seruit,
544 4027 709 4078 errat
724 4015 1016 4101 profecto
1034 4037 1185 4082 cum
1204 4035 1574 4086 accusatore
1596 4015 2002 4084 scholiastes:
2021 4017 2136 4104 qui
2157 4035 2414 4104 respon·
2555 4093 2557 4143 1
