2594 4537
283 226 372 299 72
725 205 825 273 IN
872 203 1422 277 onATloNEM
1469 202 1967 275 SULLANAM

377 330 462 397 V.
515 348 575 395 1.
617 324 846 397 Multa
888 349 1120 423 quum
1153 349 1379 399 essem
1428 324 1683 399 consul
1730 321 1826 397 de
1876 322 2181 394 summis
2227 325 2435 421 reip.

281 433 622 534 periculis
645 434 888 505 audivi
903 488 922 522 ,
942 434 1170 507 multa
1195 438 1522 533 quaesivi,
1542 435 1770 507 multa
1792 434 2101 530 cognovi
2128 461 2143 504 :
2173 432 2441 503 nullus

285 573 635 647 umquam
668 546 760 619 de
800 546 996 621 Sulla
1026 554 1327 622 nuntius
1370 549 1462 622 ad
1503 574 1619 622 me
1638 604 1657 639 ‚
1700 548 1981 620 nullum
2020 545 2389 618 indicium
2416 597 2439 632 ‚

285 657 500 730 nullae
524 657 742 729 literae
771 674 1285 757 pervenerunt,
1320 660 1521 732 nulla
1556 660 1895 758 suspicio.

370 810 510 865 Haec
539 824 827 878 vero-non
852 808 1086 885 patroni
1097 809 1276 887 magis
1290 828 1465 887 quam
1484 809 1642 867 testis
1668 808 1857 865 oratio
1886 818 1989 865 est.
2022 804 2252 879 Quibus
2268 804 2439 863 enim

287 900 512 975 verbis,
531 915 915 980 praeterquam
939 902 1062 977 his,
1087 904 1172 963 uti
1194 918 1388 983 posset
1410 904 1798 965 testimonium
1823 900 2365 981 rogaretuerire(
2376 899 2439 979 1)

291 999 404 1059 sibi
427 1001 694 1080 optinens
721 1014 788 1059 ut
799 1004 958 1077 fides
986 1004 1359 1079 adhibeatur,
1386 1004 1549 1082 quasi
1582 999 2029 1081 exspectandum
2050 1001 2171 1079 jam
2204 1019 2326 1059 non
2359 1000 2442 1057 sit

289 1111 357 1156 ut
382 1096 621 1177 probet,
645 1098 919 1176 quonia-m
948 1099 1108 1159 credi
1133 1098 1345 1160 debeat
1369 1100 1515 1179 reip.
1550 1098 1963 1159 conservatori.

393 1294 458 1335 2.
508 1263 649 1338 sed
684 1290 820 1363 ego
858 1265 1186 1338 nondum
1226 1280 1397 1339 utor
1432 1265 1568 1338 hac
1592 1273 1679 1353 (α)
1707 1289 1901 1342 >voce
1937 1263 2029 1339 ad
2069 1262 2270 1335 hunc
2304 1259 2437 1334 de·

290 1372 758 1448 fendendum.

369 1515 674 1595 Moderate
702 1530 760 1575 et
785 1517 1045 1576 consulte
1071 1517 1240 1593 facit,
1265 1537 1389 1597 quo
1420 1516 1599 1596 magis
1626 1528 1917 1577 mereatur
1942 1513 2211 1573 obtinere
2228 1510 2315 1592 (3)
2345 1524 2439 1571 te-

295 1614 397 1672 stis
429 1614 830 1672 auctoritatem
851 1656 870 1687 ,
903 1634 1079 1692 quam
1104 1614 1216 1674 sibi
1247 1615 1373 1693 ipse
1401 1634 1521 1675 non
1552 1612 1829 1676 vindicet.

398 1776 466 1848 3.
517 1779 696 1868 Quae
728 1776 922 1849 enim
959 1774 1098 1849 fuit
1132 1780 1471 1852 Autronii
1502 1777 1761 1850 causa?
1795 1800 1955 1874 quae
1990 1774 2203 1847 Sullae
2238 1773 2392 1849 est?

378 1926 916 1987 Dissimilitudinem
944 1928 1198 1988 duorum
1223 1934 1287 1987 P.
1319 1929 1493 1988 Sullae
1530 1941 1590 1987 et
1624 1927 1897 1987 Autronii
1941 1926 2091 1985 facta
2134 1940 2443 2002 compara-

301 2026 460 2085 tione
487 2026 890 2103 prosequitur,
918 2045 993 2083 ne
1022 2026 1196 2103 hujus
1219 2025 1636 2105 praedamnatio
1660 2025 1736 2083 sit
1760 2024 1860 2083 ina
1886 2021 2201 2095 sententia,
2230 2040 2363 2099 quae
2382 2020 2443 2077 in

301 2123 649 2183 Autronium
677 2122 832 2182 dicta
865 2136 954 2181 est
983 2124 1327 2183 necessario.
1376 2123 1563 2200 Igitur
1592 2120 1845 2181 ostendit
1874 2138 2192 2198 numquam
2232 2118 2445 2177 similes

304 2219 504 2294 fuisse,
532 2233 598 2279 ut
624 2239 731 2299 per
757 2219 873 2280 hoc
899 2218 1122 2280 facilius
1151 2220 1369 2281 Sullam
1396 2219 1743 2298 persuadeat
1772 2218 2160 2278 innocentem.

404 2406 474 2488 4.
537 2400 752 2472 Illum
793 2399 1214 2498 Allobroges
1271 2401 1747 2473 maximarum
1804 2423 2049 2472 rerum
2097 2399 2448 2470 verissimi

310 2510 608 2582 indices.

389 2665 664 2727 Oratoria
691 2665 1008 2725 subtilitate
1038 2665 1252 2728 adserit
1278 2667 1377 2726 hic
1415 2681 1474 2727 et
1498 2667 1807 2726 confitetur
1828 2663 2212 2742 Allobrogum
2244 2661 2419 2721 fidem
2433 2705 2449 2732 ‚

309 2782 457 2842 quos
483 2761 810 2822 verissimos
831 2761 1050 2822 indices
1067 2762 1240 2838 dicit,
1263 2783 1297 2823 a
1316 2761 1532 2842 quibus
1556 2762 1777 2840 Sullam
1794 2761 2154 2822 nominatum
2180 2777 2303 2818 non
2331 2777 2450 2818 esse

313 2857 632 2918 constabat.

413 3032 480 3106 5.
525 3035 658 3106 Hic
686 3047 938 3107 contra
967 3039 1068 3106 ita
1098 3038 1412 3133 quievit,
1436 3047 1523 3106 ut
1554 3058 1644 3106 eo
1676 3048 2007 3131 tempore
2045 3033 2249 3102 omni
2274 3033 2451 3104 Nea·

315 3144 464 3243 poli
504 3141 740 3214 fuerit.

396 3293 685 3367 Quoniam
717 3292 904 3352 videri
941 3306 1172 3372 poterat
1212 3295 1281 3354 P.
1310 3293 1470 3354 Sulla
1515 3290 1815 3352 damnatus
1863 3291 2213 3352 conscientia
2246 3286 2455 3348 detecti

317 3389 571 3448 criminis
601 3389 692 3448 sui
728 3388 801 3447 ab
833 3390 1014 3450 oculis
1042 3389 1301 3449 omnium
1332 3389 1659 3463 secessisse,
1703 3403 1764 3448 et
1793 3388 1999 3448 urbem
2039 3393 2288 3448 Romam
2318 3384 2454 3444 reli-

392 3599 473 3667 (1)
509 3599 634 3650 Cod.
653 3600 1173 3668 «mira-..optinens...
1197 3601 1337 3665 quani
1352 3635 1367 3660 ,
1386 3611 1517 3651 ουκ.-
1548 3601 1731 3650 relictis
1757 3599 1959 3666 spatiis,
1990 3601 2061 3650 ita
2084 3611 2141 3648 ut
2165 3615 2336 3650 sensus
2357 3599 2451 3648 loci

319 3684 490 3733 hiaret.
517 3686 582 3734 A.
601 3686 682 3734 M.

389 3766 466 3833 (a)
503 3767 664 3817 Verba
692 3789 716 3813 ι
734 3779 849 3818 utor
862 3768 956 3817 bac
969 3791 995 3812 a
1023 3766 1199 3817 desunt
1215 3768 1270 3815 in
1288 3766 1463 3816 codice
1480 3803 1497 3830 ‚
1512 3782 1623 3832 quae
1640 3767 1863 3833 supplevi
1889 3781 1954 3816 cx
1968 3765 2130 3816 editi».
2150 3767 2214 3814 A.
2230 3766 2307 3814 M.

385 3849 466 3918 (3)
491 3849 620 3899 Nota
647 3849 728 3900 hie
759 3852 1000 3911 obtinere,
1024 3862 1074 3900 nt
1101 3852 1323 3916 superius
1356 3849 1597 3918 opte'mns.
1636 3851 1778 3916 Saepe
1804 3851 1933 3900 enim
1961 3850 2015 3898 in
2048 3849 2227 3900 codice
2254 3846 2451 3912 scriptio

321 3934 538 3995 ejusdem
563 3935 790 3983 vocabuli
820 3935 948 3982 varia
979 3944 1067 3983 est.
1103 3937 1162 3982 A.
1185 3931 1256 3983 Μ.
