2594 4537
541 328 544 333 ·
586 296 974 367 ORATIO
1025 298 1230 367 PRO
1279 296 1703 366 ARCHIA.
2081 320 2207 373 ιιι

95 420 374 493 stoclem
439 418 646 490 illum
669 429 724 509 ⁷,
795 438 1164 491 summum
1227 417 1529 490 Athenis
1599 418 1835 489 virum
1862 474 1883 507 ,
1952 418 2213 495 dixisse

95 533 318 621 aiunt,
363 555 598 629 quum
633 550 722 601 ex
757 554 850 601 eo
887 544 1368 628 quaereretur,
1410 529 1608 628 quod
1650 552 1979 602 acroama
1998 528 2056 621 ⁸,
2089 550 2216 606 aut

95 644 282 738 cujus
337 664 593 713 vocem
656 640 1130 713 libentissime
1176 638 1507 713 audiret:
1558 640 1766 735 Ejus,
1812 666 1854 713 a
1898 666 2043 737 quo
2086 666 2211 716 sua

96 756 304 825 virtus
347 756 624 853 optime
677 750 1208 851 praedicaretur.
1255 755 1509 848 Itaque
1554 750 1675 821 ille
1714 754 1989 824 Marius
2040 754 2211 827 item

96 864 334 937 eximie
363 868 444 934 L.
479 862 794 933 Plotium
817 873 850 920 9
881 860 1163 946 dilexit,
1195 861 1405 956 cujus
1440 862 1733 957 ingenio
1768 861 2070 961 putabat
2098 890 2213 956 ea,

97 996 240 1070 quae
280 986 602 1072 gesserat
625 1024 644 1057 ‚
681 988 894 1069 posse
931 962 1307 1043 celebrari.

176 1084 744 1157 Mithridaticum
787 1106 958 1154 vero
1005 1080 1322 1167 bellum,
1364 1102 1705 1180 magnum
1732 1091 1797 1127 ¹⁰
1835 1098 2055 1181 atque
2093 1086 2220 1159 dis·-

95 1191 266 1267 ficile
286 1248 306 1283 ‚
353 1209 428 1266 et
449 1195 526 1264 in
555 1190 786 1264 multa
813 1197 1152 1265 varietate
1170 1202 1228 1235 ¹¹
1253 1205 1447 1263 terra
1476 1195 1801 1289 marique
1822 1210 2217 1293 versatum,

97 1318 316 1376 totum
361 1302 456 1375 ab
501 1303 646 1375 hoc
691 1324 1106 1401 expressum
1157 1316 1266 1373 est
1304 1328 1321 1372 ε
1380 1304 1508 1400 qui
1563 1302 1731 1374 libri
1770 1330 1924 1376 non
1992 1309 2215 1383 modo

93 1418 161 1486 L.
200 1416 624 1503 Lucullum,
663 1412 1133 1485 fortissimum
1168 1426 1240 1484 et
1277 1412 1751 1485 clarissimum
1788 1418 2065 1507 virum,
2100 1440 2221 1493 ve-

95 1547 240 1596 rum
282 1527 498 1598 etiam
537 1523 795 1624 populi
840 1524 1122 1594 romani
1159 1546 1431 1595 nomen
1478 1523 1855 1597 illustrant.
1900 1532 2218 1629 Populus

97 1638 274 1705 enim
305 1656 655 1707 romanus
693 1636 1021 1733 aperuit,
1057 1633 1363 1705 Lucullo
1399 1636 1834 1734 imperante,
1870 1642 2215 1730 Pontum,

99 1758 160 1815 et
209 1747 424 1843 regiis
483 1744 853 1842 quondam
907 1742 1211 1841 opibus,
1265 1758 1341 1815 et
1392 1748 1545 1844 ipsa
1595 1762 1852 1820 natura
1902 1755 2219 1849 regionis

95 1855 464 1942 vallatum3
501 1855 756 1953 populi
788 1858 1072 1926 romani
1103 1856 1495 1945 exercitu3‚
1535 1858 1787 1931 eodem
1820 1860 2034 1951 duce,
2068 1884 2219 1936 non

97 1970 388 2037 maxima
433 1974 746 2037 manu¹²
799 1964 1364 2037 innumerabiles
1415 1970 1925 2041 Armeniorum
1977 1976 2226 2071 copias

97 2072 308 2166 fudit3
363 2076 627 2176 populi
679 2080 964 2148 romani
1024 2077 1179 2149 laus
1225 2091 1374 2165 est,
1417 2078 1679 2151 urbem
1717 2083 2219 2157 amicissimam

98 2188 606 2284 Cyzicenorum
631 2243 650 2278 ‚
689 2186 1012 2284 ejusdem
1057 2187 1358 2258 consilio
1380 2240 1398 2274 ,
1434 2212 1521 2259 ex
1558 2190 1757 2260 omni
1794 2192 2073 2290 impetu
2108 2220 2220 2267 re-

101 2301 244 2394 gio,
281 2323 365 2371 ac
399 2301 625 2371 totius
658 2298 831 2371 belli
875 2323 1002 2370 ore
1043 2323 1124 2369 ac
1166 2295 1496 2370 faucibus
1533 2313 1855 2398 ereptam
1894 2325 2081 2390 esse,
2118 2321 2225 2378 at-

97 2435 230 2507 que
267 2425 655 2500 servatam3
691 2423 938 2482 nostra
971 2431 1258 2506 semper
1281 2406 1557 2481 feretur
1580 2424 1655 2480 et
1682 2409 2214 2508 praedicabitur,

163 2639 210 2684 7.
261 2621 622 2672 namnetem
671 2621 824 2672 illum.
875 2621 952 2670 De
1003 2634 1106 2686 quo

99 2701 479 2766 praestantissimo
533 2701 644 2750 viro
696 2701 886 2766 egregie
933 2701 1106 2751 Cicero

100 2783 231 2831 Tuae.
252 2781 306 2842 1,
327 2781 424 2840 46:
448 2803 474 2824 α
491 2781 624 2831 Anto
643 2781 930 2830 Salaminam
951 2782 1106 2847 ipsam

101 2861 340 2926 Neptunus
391 2859 606 2922 obruet,
656 2874 803 2926 quam
858 2859 1104 2911 salaminii

103 2943 256 3004 nupti
273 2941 556 2990 moriam
572 2961 617 2990 n.

167 3021 211 3069 8.
253 3020 402 3084 Quod
440 3031 692 3070 acroama.
735 3019 913 3070 Iisdem
955 3021 1106 3069 ferme

103 3098 244 3148 verbis
254 3114 542 3167 responsum
556 3100 720 3150 retulit
733 3097 954 3150 Valerius
967 3103 1105 3151 Max.

103 3177 238 3238 Vm,
269 3189 346 3238 τά.
373 3181 662 3230 Plutarchus
683 3182 738 3228 in
757 3179 1104 3230 commentario

106 3255 143 3306 d
162 3254 452 3329 πρωὸυτίρῳ
485 3259 782 3311 πολιτευτέον
821 3261 1105 3308 sententiam

105 3337 214 3386 hanc
233 3339 556 3405 Xenophonti
586 3339 782 3399 tribuit,
812 3357 923 3404 quae
949 3339 1105 3406 reipsa

104 3417 152 3464 iu
179 3417 410 3488 timpum.
435 3421 514 3481 11,
557 3437 602 3481 x,
623 3421 902 3470 iuvenitur.
933 3423 1015 3471 τοῦ
1045 3415 1106 3470 δὶ

101 3494 274 3547 πάντων
314 3493 488 3558 ἡδιςου
539 3498 868 3568 ἀκούσματος,
914 3499 1104 3554 ἐπαίνου

107 3575 286 3641 ίωπῆς,
339 3575 534 3638 ἀνήκοος
587 3571 646 3630 εἷ.
699 3579 894 3642 Quibus
948 3579 1108 3628 verbis

103 3659 252 3704 nescio
277 3673 340 3706 an
364 3656 708 3708 'I'hemistoclis
744 3659 880 3708 dicto
916 3657 1105 3707 alludit.

101 3735 176 3782 De
200 3749 459 3788 acroamate
491 3737 660 3787 confer
691 3737 901 3786 indicem
934 3737 1105 3787 verbo·

105 3829 222 3875 rum,
231 3827 274 3863 et
285 3819 325 3866 si
341 3819 482 3883 plura
495 3817 632 3877 velis,
646 3820 836 3868 Ernesti
853 3833 1106 3867 excursum

102 3891 166 3941 ad
187 3897 301 3962 Aug.
319 3899 372 3947 in
391 3901 526 3949 Suet.
549 3913 655 3965 cap.
681 3901 767 3961 74.

178 3977 280 4038 μί.
295 3979 520 4029 Ploeium.
536 3979 728 4028 Plotius
739 4013 754 4038 ,
774 3993 858 4028 seu
872 3975 1110 4036 Plautius,

107 4053 288 4119 insignis
311 4059 580 4110 habebatur
604 4057 786 4118 rhetor,
814 4059 900 4125 qui
921 4058 1110 4123 primus

1193 2621 1343 2669 lstine
1356 2631 1507 2670 artem
1519 2639 1654 2672 susm
1670 2625 1919 2688 professus
1931 2637 2020 2674 est.
2036 2629 2219 2679 Confer

1194 2697 1465 2749 doctissimi
1490 2701 1582 2749 viri
1603 2705 1650 2753 J.
1670 2705 1733 2751 V.
1768 2701 1825 2751 L.
1852 2703 2217 2769 disquisitiones

1194 2781 1248 2828 iu
1284 2781 1431 2828 Rhet.
1465 2781 1527 2829 ad
1560 2781 1776 2830 Hereuu.
1812 2781 1940 2832 Cod.
1979 2787 2215 2841 Ambros.

1192 2877 1272 2926 ap.
1303 2859 1479 2925 Angel.
1518 2860 1736 2921 Maium,
1772 2878 1827 2926 p.
1866 2877 1987 2922 nx,
2018 2865 2075 2916 L.
2108 2869 2218 2917 Οἰο-

1193 2937 1346 2989 diam.

1269 3036 1346 3068 ιο.
1370 3021 1627 3085 Magnum.
1656 3018 1815 3082 Hujus
1832 3017 1949 3068 belh·
1970 3028 2215 3088 maguitu-

1192 3097 1357 3146 dinem
1377 3114 1434 3146 ac
1454 3097 1789 3147 difficultatem
1811 3097 2035 3163 pluribus
2053 3117 2216 3156 osten-

1192 3177 1267 3226 dit
1291 3179 1465 3228 Cicero
1492 3195 1583 3243 pro
1604 3177 1708 3241 lege
1730 3178 1952 3228 Manilia.

1270 3271 1294 3306 1
1310 3269 1355 3308 ι.
1413 3258 1576 3306 Multa
1626 3256 1884 3320 varietate.
1948 3261 2174 3314 Fonunae
2198 3281 2212 3316 ε

1191 3337 1384 3387 victore
1416 3353 1549 3386 nunc
1582 3333 1815 3398 Lucullo,
1852 3353 1983 3386 nunc
2016 3339 2216 3392 Mithri-

1195 3415 1324 3465 date.

1270 3511 1292 3542 1
1304 3511 1351 3543 α.
1370 3495 1485 3543 Non
1510 3494 1732 3543 maoehna
1751 3512 1919 3547 manu.
1938 3499 2111 3562 ltaque
2129 3519 2217 3552 rex

1193 3573 1534 3623 Armeniorum
1552 3609 1568 3634 ‚
1616 3573 1848 3640 Tigranes
1868 3613 1884 3638 ,
1927 3594 2074 3642 gener
2115 3583 2215 3630 Mi-

1193 3651 1447 3714 thridatis,
1476 3671 1627 3719 quum
1658 3669 1910 3704 romanum
1945 3660 2214 3711 exercitum

1191 3733 1343 3782 multa
1378 3745 1516 3798 parte
1542 3735 1818 3785 inferiorem
1853 3753 1944 3785 suo
1981 3739 2179 3792 vidisset
2198 3779 2215 3805 ‚

1193 3815 1236 3862 si
1259 3826 1319 3863 ut
1346 3813 1522 3878 legati,
1548 3814 1707 3878 inquit
1725 3850 1741 3875 ‚
1778 3815 2009 3877 veniunt,
2042 3821 2210 3882 multi3

1192 3891 1236 3944 si
1263 3907 1320 3944 ut
1344 3893 1520 3964 milites
1536 3930 1550 3951 ,
1576 3893 1736 3958 pauci.
1765 3923 1835 3933 --
1858 3895 2215 3957 Cyzicenorum.

1199 3975 1417 4024 Similem
1458 3971 1625 4023 locum
1665 3975 1777 4024 vide
1812 3991 1907 4040 pro
1944 3977 2040 4042 leg.
2078 3981 2217 4031 Man.

1200 4072 1307 4120 cap.
1337 4057 1391 4104 8.
