2594 4537
537 250 926 323 ORATIO
975 252 1182 320 PRO
1231 252 1389 323 CN.
1441 248 1943 320 PLANCIO.
2158 244 2302 324 '513

147 374 384 445 bonis
437 373 608 443 viris
661 370 1222 470 exspectandam
1263 400 1279 442 :
1317 384 1559 470 petam
1596 396 1636 441 a
1683 371 1891 444 vobis
1916 426 1935 461 ‚
1981 373 2263 469 judices
2287 431 2306 465 ‚

149 499 288 571 ut,
323 484 530 579 cujus
571 481 1057 554 misericordia
1087 481 1288 557 salus
1314 505 1474 553 mea
1508 482 1865 553 custodita
1898 484 2023 570 sit,
2075 480 2141 555 ei
2178 510 2307 558 vos

149 606 479 662 vestram
559 590 1162 679 misericordiam,
1229 616 1347 663 me
1416 589 1845 688 deprecante
1866 647 1887 682 ‚
1953 592 2305 669 tribuatis.

150 700 524 800 Equidem
562 701 652 774 ad
689 703 1014 799 reliquos
1049 702 1366 791 laboreS,
1398 726 1582 799 quos
1619 704 1697 773 in
1740 702 1875 775 hac
1912 728 2123 776 causa
2154 730 2309 793 ma?

145 814 356 907 jores
388 814 739 911 suscipi0‚
774 837 993 909 quam
1024 815 1100 883 in
1125 815 1410 901 ceteriS‚
1438 815 1655 884 etiam
1691 814 1879 887 hanc
1907 816 2305 901 molestiam

150 924 505 1013 adsum0‚
552 922 754 1020 quod
805 923 985 993 mihi
1033 949 1186 995 non
1240 924 1479 995 solum
1515 948 1649 1021 pro
1698 928 1828 996 Cn.
1873 926 2162 999 Plancio
2199 927 2308 1000 di·

151 1033 481 1106 cendum
520 1048 662 1123 est,
689 1032 896 1127 cujus
929 1058 1064 1131 ego
1098 1034 1402 1107 salutem
1438 1059 1591 1106 non
1629 1060 1835 1107 secus
1856 1092 1877 1127 ,
1917 1061 2000 1109 ac
2034 1013 2304 1129 means,

151 1146 353 1215 tueri
386 1142 626 1215 debeo
645 1198 664 1231 ,
699 1141 828 1215 sed
856 1147 1068 1214 etiam
1099 1169 1236 1242 pro
1267 1170 1387 1216 me
1410 1146 1607 1242 ipsc,
1648 1145 1738 1217 de
1767 1172 1917 1243 quo
1946 1166 2307 1221 accusato·

147 1278 274 1325 res
307 1253 519 1352 plura
552 1279 794 1352 paene,
836 1278 1058 1350 quam
1102 1252 1192 1327 de
1227 1280 1309 1327 re
1341 1280 1617 1353 reoque
1659 1255 2021 1331 dixerunt.

259 1369 350 1435 11.
395 1368 894 1461 Quamquam,
926 1363 1249 1458 judices,
1288 1368 1349 1436 si
1386 1363 1565 1462 quid
1607 1378 1714 1437 est
1748 1364 1829 1434 in
1866 1387 1982 1434 me
2019 1364 2177 1462 ipso
2210 1367 2310 1438 ita

151 1473 733 1572 reprehensum,
775 1488 860 1543 ut
891 1473 965 1544 id
1005 1473 1098 1546 ab
1137 1474 1282 1546 hoc
1324 1476 1735 1571 sejunctum
1778 1474 1906 1543 sit¹
1932 1527 1952 1563 ‚
1996 1498 2146 1544 non
2187 1500 2307 1561 me

151 1584 236 1655 id
277 1608 722 1682 magnopere
760 1582 1154 1655 conturbat
1197 1612 1213 1654 :
1256 1609 1411 1655 non
1447 1589 1644 1656 enim
1678 1584 1937 1671 timeo,
1973 1608 2065 1655 ne
2087 1637 2107 1673 ‚
2138 1586 2311 1681 quia

147 1719 458 1794 perraro
477 1696 658 1791 grati
690 1693 1028 1764 homines
1057 1694 1554 1791 reperiantur,
1585 1692 1857 1767 idcirco
1880 1746 1899 1780 ‚
1932 1716 2163 1789 quum
2188 1716 2306 1763 me

149 1808 466 1876 nimium
507 1820 791 1904 gratum
829 1802 934 1874 illi
985 1828 1138 1875 esse
1182 1803 1458 1893 dicant,
1500 1802 1575 1874 id
1619 1802 1797 1873 mihi
1837 1804 2305 1875 criminosum

147 1940 316 1988 esse
353 1916 602 2013 possit.
645 1916 826 2003 Quae
861 1936 1038 1983 vero
1086 1913 1183 1984 ita
1215 1928 1388 1984 sunt
1422 1916 1685 2011 agitata
1719 1910 1811 1985 ab
1848 1912 1987 1983 illis
2008 1966 2028 2001 ,
2064 1929 2147 1985 ut
2182 1928 2309 1986 aut

143 2030 417 2096 merita
459 2028 594 2094 Cn.
645 2024 911 2095 Plancii
970 2046 1137 2119 erga
1193 2047 1315 2093 me
1382 2027 1667 2095 minora
1731 2046 1877 2094 esse
1940 2020 2305 2116 dicerent,

144 2160 380 2232 quam
410 2160 452 2206 a
479 2159 597 2206 me
624 2138 787 2233 ipso
814 2130 1411 2256 praedicarentur3
1443 2148 1599 2223 aut,
1630 2134 1687 2205 si
1715 2146 1958 2203 essent
1984 2156 2301 2223 summa,

143 2258 508 2342 negarent
543 2270 628 2318 ea
668 2257 912 2315 tamen
951 2244 1048 2315 ita
1090 2243 1368 2341 magni,
1411 2257 1491 2315 ut
1528 2267 1663 2340 ego
1705 2255 2081 2341 putarem,
2120 2265 2304 2340 pon-

147 2355 349 2426 deris
384 2354 579 2454 apud
610 2379 741 2425 vos
770 2378 923 2425 esse
960 2350 1272 2424 debere:
1314 2353 1467 2425 haec
1490 2349 1669 2424 mih'i
1697 2365 1867 2424 sunt
1893 2351 2301 2446 tractanda,

138 2465 468 2562 judices,
510 2481 582 2539 et
619 2463 944 2553 modice,
987 2489 1079 2534 ne
1116 2461 1293 2559 quid
1339 2466 1495 2562 ipse
1532 2462 1989 2535 offendam2·
1974 2516 1993 2550 ‚
2035 2476 2109 2534 et
2143 2476 2301 2534 tum

148 2576 517 2673 denique,
555 2601 785 2675 quum
814 2571 1262 2674 respondero
1291 2574 1715 2666 criminibus
1738 2571 1773 2617 ³
1788 2627 1810 2662 ‚
1844 2598 1938 2645 ne
1968 2598 2120 2644 non
2151 2587 2301 2645 tam

149 2690 572 2760 innocentia
600 2712 768 2759 reus
795 2711 960 2774 sua,
993 2710 1214 2782 quam
1235 2686 1738 2758 recordatione
1760 2689 2092 2796 meorum
2120 2698 2302 2760 tem·

147 2823 454 2897 porum,
490 2796 828 2870 defensus
866 2821 1020 2868 esse
1052 2795 1399 2867 videatur.

254 2908 397 2981 Sed
429 2909 666 2981 mihi
647 2935 724 2980 111
767 2932 980 2980 causa
1012 2904 1199 2976 facili
1231 2919 1453 3004 atque
1486 2904 1887 3004 explicata‘*
1907 2959 1928 2994 ,
1966 2901 2294 3003 perdiffi-

233 3105 312 3139 10.
340 3092 387 3137 A
411 3089 549 3138 bouis
573 3088 695 3137 viris
722 3083 1074 3151 exspectanda.
1098 3082 1179 3130 Sic

150 3169 340 3219 Erfurt.
361 3173 536 3218 Franc.
564 3179 724 3217 autem
756 3167 900 3231 prim:
928 3175 979 3212 et
1003 3162 1179 3211 Dresd.

149 3248 318 3298 Codd.
339 3263 506 3296 omnes
531 3245 821 3312 expetenda.
836 3247 954 3292 Haec
972 3243 1181 3290 invicem

150 3327 336 3376 mutari
359 3327 536 3392 passim
555 3325 861 3374 notissimum
883 3333 955 3370 est
971 3357 987 3380 ,
1027 3320 1182 3368 veluti

148 3407 216 3456 ad
238 3423 348 3471 cap.
375 3407 432 3453 18
460 3422 553 3470 pro
573 3403 694 3453 Sall.
715 3405 880 3466 Quum
905 3412 1068 3449 autem
1088 3415 1184 3448 vox

137 3497 318 3553 petam
337 3496 584 3548 sequatur,
604 3483 888 3531 Ciceronem
907 3478 1184 3543 expetenda

149 3567 254 3614 hoc
277 3563 330 3610 in
353 3563 468 3610 loco
497 3561 678 3610 dixisse
701 3576 804 3608 nou
833 3557 1070 3607 credibile
1091 3567 1180 3604 est.

225 3644 290 3691 11.
321 3657 367 3690 1.
399 3642 480 3692 Ab
499 3641 593 3689 Ῐιοσ
620 3640 892 3704 sejunctum
925 3637 1003 3686 sie.
1045 3637 1148 3685 Alii
1171 3671 1186 3696 ,

151 3721 389 3771 alienum.
426 3721 542 3768 Vox
587 3719 856 3784 sejunctum
903 3735 966 3766 ex
1001 3717 1186 3766 Erfnrt.

145 3806 249 3864 jam
277 3801 534 3862 restituta3
572 3811 645 3849 est
675 3801 820 3850 etiam
849 3799 905 3847 in
938 3799 1110 3846 Bavar.
1137 3805 1185 3843 et

151 3891 365 3946 quatuor
389 3881 615 3927 Britann.

225 3975 276 4008 2.
305 3959 384 4006 Ne
411 3958 534 4023 quid
567 3957 668 4022 ipse
703 3955 978 4023 offendam.
1003 3953 1064 4003 Id
1081 3963 1180 4016 est,

298 4047 554 4114 IV.c1·e.
574 4076 686 4123 pars
705 4058 923 4106 secunda.

1267 3100 1334 3132 ne
1356 3084 1476 3149 quid
1501 3084 1605 3148 ipse
1621 3083 1919 3132 committam
1936 3115 1952 3142 ‚
1971 3080 2107 3146 quod
2123 3097 2284 3146 repre-

1267 3164 1419 3213 hendi
1447 3165 1630 3229 possit,
1664 3164 1705 3210 εἰ
1732 3162 1916 3209 Plancii
1940 3161 1993 3207 in
2014 3175 2093 3208 me
2113 3161 2285 3209 merita

1269 3261 1415 3309 supra
1436 3243 1639 3292 modum
1667 3242 1883 3290 efferam.

1344 3325 1395 3372 3.
1444 3325 1602 3386 Quum
1655 3319 1943 3385 respondero
1997 3316 2291 3368 criminibus.

1270 3405 1466 3453 Crimen
1504 3401 1683 3448 dicitur
1726 3399 1781 3447 id
1820 3414 1989 3458 omne,
2030 3398 2169 3463 quod
2203 3415 2289 3448 reo

1268 3483 1414 3531 alicui
1451 3481 1698 3542 objicitur.
1720 3479 1903 3528 Erfurt.
1931 3476 2046 3525 loco
2072 3475 2291 3524 crimini-

1272 3563 1357 3610 bus
1380 3560 1527 3609 habet
1552 3560 1770 3608 omnibus
1783 3592 1800 3616 ‚
1838 3557 2069 3604 tiimimm
2094 3569 2292 3603 accusa-

1275 3641 1481 3691 toribus.

1346 3721 1394 3768 4.
1431 3711 1531 3758 Sed
1562 3709 1680 3758 mihi
1713 3708 1763 3756 in
1798 3722 1945 3754 causa
1963 3703 2122 3769 facili
2145 3714 2297 3766 aeque

1273 3791 1539 3856 explicata.
1574 3793 1635 3838 In
1669 3804 1763 3854 qm
1802 3785 1927 3834 nihil
1956 3795 2030 3833 est
2064 3783 2294 3831 nicarum

1272 3883 1322 3920 et
1346 3869 1671 3919 obscuritatis.
1692 3867 1823 3916 Huic
1843 3865 2117 3929 opponitur
2140 3862 2293 3928 impe-

1269 3951 1377 4000 dita
1402 3967 1571 4003 eausa.
