<?xml version="1.0" encoding="UTF-8"?>
<!DOCTYPE html PUBLIC "-//W3C//DTD XHTML 1.0 Transitional//EN"
    "http://www.w3.org/TR/xhtml1/DTD/xhtml1-transitional.dtd">
<html xmlns="http://www.w3.org/1999/xhtml" xml:lang="en" lang="en">
 <head>
  <title>
</title>
<meta http-equiv="Content-Type" content="text/html;charset=utf-8" />
  <meta name='ocr-system' content='tesseract 3.04.00' />
  <meta name='ocr-capabilities' content='ocr_page ocr_carea ocr_par ocr_line ocrx_word'/>
</head>
<body>
  <div class='ocr_page' id='page_1' title='image "./mtciceronisquae05lemagoog_0241.png"; bbox 0 0 2594 4537; ppageno 0'>
   <div class='ocr_carea' id='block_1_1' title="bbox 860 281 2308 378">
    <p class='ocr_par' dir='ltr' id='par_1_1' title="bbox 860 281 2308 378">
     <span class='ocr_line' id='line_1_1' title="bbox 860 281 2308 378; baseline 0.003 -30"><span class='ocrx_word' id='word_1_1' title='bbox 860 281 1648 374; x_wconf 83' lang='lat' dir='ltr'><strong>PRAEFATIONES.</strong></span> <span class='ocrx_word' id='word_1_2' title='bbox 2167 307 2308 378; x_wconf 74' lang='lat'><strong>²29</strong></span> 
     </span>
    </p>
   </div>
   <div class='ocr_carea' id='block_1_2' title="bbox 178 399 2420 4086">
    <p class='ocr_par' dir='ltr' id='par_1_2' title="bbox 178 399 2420 4086">
     <span class='ocr_line' id='line_1_2' title="bbox 178 399 2312 492; baseline 0 -26"><span class='ocrx_word' id='word_1_3' title='bbox 178 401 593 466; x_wconf 87' lang='lat' dir='ltr'><strong>orationibus</strong></span> <span class='ocrx_word' id='word_1_4' title='bbox 624 399 1205 490; x_wconf 79' lang='lat' dir='ltr'><strong>deprehendimus,</strong></span> <span class='ocrx_word' id='word_1_5' title='bbox 1238 425 1376 465; x_wconf 88' lang='lat' dir='ltr'><strong>non</strong></span> <span class='ocrx_word' id='word_1_6' title='bbox 1418 400 1615 464; x_wconf 86' lang='lat' dir='ltr'><strong>hodie</strong></span> <span class='ocrx_word' id='word_1_7' title='bbox 1655 401 1936 489; x_wconf 88' lang='lat' dir='ltr'><strong>primum</strong></span> <span class='ocrx_word' id='word_1_8' title='bbox 1969 401 2094 492; x_wconf 84' lang='lat' dir='ltr'><strong>legi</strong></span> <span class='ocrx_word' id='word_1_9' title='bbox 2125 427 2162 467; x_wconf 88' lang='lat' dir='ltr'><strong>a</strong></span> <span class='ocrx_word' id='word_1_10' title='bbox 2192 427 2312 466; x_wconf 91' lang='lat' dir='ltr'><strong>no-</strong></span> 
     </span>
     <span class='ocr_line' id='line_1_3' title="bbox 180 506 2314 597; baseline 0.001 -25"><span class='ocrx_word' id='word_1_11' title='bbox 180 509 283 572; x_wconf 89' lang='lat' dir='ltr'><strong>bis</strong></span> <span class='ocrx_word' id='word_1_12' title='bbox 306 555 327 589; x_wconf 84' lang='lat'>‚</span> <span class='ocrx_word' id='word_1_13' title='bbox 364 506 480 572; x_wconf 88' lang='lat' dir='ltr'><strong>sed</strong></span> <span class='ocrx_word' id='word_1_14' title='bbox 506 507 863 572; x_wconf 83' lang='lat' dir='ltr'><strong>multorum</strong></span> <span class='ocrx_word' id='word_1_15' title='bbox 902 525 1052 572; x_wconf 89' lang='lat' dir='ltr'><strong>ante</strong></span> <span class='ocrx_word' id='word_1_16' title='bbox 1082 531 1203 572; x_wconf 89' lang='lat' dir='ltr'><strong>nos</strong></span> <span class='ocrx_word' id='word_1_17' title='bbox 1231 507 1620 597; x_wconf 82' lang='lat' dir='ltr'><strong>elegantium</strong></span> <span class='ocrx_word' id='word_1_18' title='bbox 1648 522 2082 595; x_wconf 87' lang='lat' dir='ltr'><strong>spectatorum</strong></span> <span class='ocrx_word' id='word_1_19' title='bbox 2111 511 2314 574; x_wconf 88' lang='lat' dir='ltr'><strong>oculis</strong></span> 
     </span>
     <span class='ocr_line' id='line_1_4' title="bbox 182 613 2312 703; baseline 0 -25"><span class='ocrx_word' id='word_1_20' title='bbox 182 617 455 680; x_wconf 87' lang='lat' dir='ltr'><strong>lustrata</strong></span> <span class='ocrx_word' id='word_1_21' title='bbox 487 637 659 696; x_wconf 90' lang='lat' dir='ltr'><strong>esse,</strong></span> <span class='ocrx_word' id='word_1_22' title='bbox 692 613 829 678; x_wconf 90' lang='lat' dir='ltr'><strong>fieri</strong></span> <span class='ocrx_word' id='word_1_23' title='bbox 868 615 975 678; x_wconf 79' lang='lat' dir='ltr'><strong>vix</strong></span> <span class='ocrx_word' id='word_1_24' title='bbox 1018 637 1093 679; x_wconf 90' lang='lat' dir='ltr'><strong>ac</strong></span> <span class='ocrx_word' id='word_1_25' title='bbox 1130 637 1213 678; x_wconf 89' lang='lat' dir='ltr'><strong>ne</strong></span> <span class='ocrx_word' id='word_1_26' title='bbox 1242 615 1348 678; x_wconf 83' lang='lat' dir='ltr'><strong>vix</strong></span> <span class='ocrx_word' id='word_1_27' title='bbox 1383 613 1644 702; x_wconf 86' lang='lat' dir='ltr'><strong>quidem</strong></span> <span class='ocrx_word' id='word_1_28' title='bbox 1683 629 1898 702; x_wconf 89' lang='lat' dir='ltr'><strong>potest</strong></span> <span class='ocrx_word' id='word_1_29' title='bbox 1919 663 1938 695; x_wconf 89' lang='lat'><strong>,</strong></span> <span class='ocrx_word' id='word_1_30' title='bbox 1983 616 2142 703; x_wconf 88' lang='lat' dir='ltr'><strong>quin</strong></span> <span class='ocrx_word' id='word_1_31' title='bbox 2171 617 2312 679; x_wconf 86' lang='lat' dir='ltr'><strong>ani-</strong></span> 
     </span>
     <span class='ocr_line' id='line_1_5' title="bbox 184 719 2312 807; baseline 0.001 -25"><span class='ocrx_word' id='word_1_32' title='bbox 184 742 333 784; x_wconf 86' lang='lat' dir='ltr'><strong>mus</strong></span> <span class='ocrx_word' id='word_1_33' title='bbox 376 735 601 784; x_wconf 88' lang='lat' dir='ltr'><strong>noster</strong></span> <span class='ocrx_word' id='word_1_34' title='bbox 638 741 711 782; x_wconf 87' lang='lat' dir='ltr'><strong>ea</strong></span> <span class='ocrx_word' id='word_1_35' title='bbox 752 742 823 783; x_wconf 89' lang='lat' dir='ltr'><strong>re</strong></span> <span class='ocrx_word' id='word_1_36' title='bbox 874 720 1155 784; x_wconf 86' lang='lat' dir='ltr'><strong>maximo</strong></span> <span class='ocrx_word' id='word_1_37' title='bbox 1191 741 1388 807; x_wconf 91' lang='lat' dir='ltr'><strong>opere</strong></span> <span class='ocrx_word' id='word_1_38' title='bbox 1425 719 1819 784; x_wconf 84' lang='lat' dir='ltr'><strong>sollicitetur.</strong></span> <span class='ocrx_word' id='word_1_39' title='bbox 1867 720 2126 784; x_wconf 87' lang='lat' dir='ltr'><strong>Etenim</strong></span> <span class='ocrx_word' id='word_1_40' title='bbox 2171 721 2312 786; x_wconf 85' lang='lat' dir='ltr'><strong>talis</strong></span> 
     </span>
     <span class='ocr_line' id='line_1_6' title="bbox 184 823 2310 914; baseline 0.001 -26"><span class='ocrx_word' id='word_1_41' title='bbox 184 825 491 914; x_wconf 76' lang='lat' dir='ltr'><strong>cogitatio</strong></span> <span class='ocrx_word' id='word_1_42' title='bbox 534 823 719 889; x_wconf 90' lang='lat' dir='ltr'><strong>facile</strong></span> <span class='ocrx_word' id='word_1_43' title='bbox 767 847 889 888; x_wconf 88' lang='lat' dir='ltr'><strong>nos</strong></span> <span class='ocrx_word' id='word_1_44' title='bbox 934 824 1189 888; x_wconf 87' lang='lat' dir='ltr'><strong>inducit</strong></span> <span class='ocrx_word' id='word_1_45' title='bbox 1236 840 1313 888; x_wconf 91' lang='lat' dir='ltr'><strong>ut</strong></span> <span class='ocrx_word' id='word_1_46' title='bbox 1357 823 1694 888; x_wconf 76' lang='lat' dir='ltr'><strong>credamus</strong></span> <span class='ocrx_word' id='word_1_47' title='bbox 1714 874 1733 908; x_wconf 99' lang='lat'><strong>,</strong></span> <span class='ocrx_word' id='word_1_48' title='bbox 1774 825 1952 890; x_wconf 88' lang='lat' dir='ltr'><strong>locos</strong></span> <span class='ocrx_word' id='word_1_49' title='bbox 1983 825 2140 890; x_wconf 88' lang='lat' dir='ltr'><strong>istos</strong></span> <span class='ocrx_word' id='word_1_50' title='bbox 2177 850 2310 890; x_wconf 88' lang='lat' dir='ltr'><strong>non</strong></span> 
     </span>
     <span class='ocr_line' id='line_1_7' title="bbox 192 930 2319 1020; baseline 0.001 -24"><span class='ocrx_word' id='word_1_51' title='bbox 192 931 395 998; x_wconf 90' lang='lat' dir='ltr'><strong>modo</strong></span> <span class='ocrx_word' id='word_1_52' title='bbox 418 931 621 996; x_wconf 91' lang='lat' dir='ltr'><strong>lectos</strong></span> <span class='ocrx_word' id='word_1_53' title='bbox 637 980 656 1014; x_wconf 99' lang='lat'><strong>,</strong></span> <span class='ocrx_word' id='word_1_54' title='bbox 694 930 807 996; x_wconf 89' lang='lat' dir='ltr'><strong>sed</strong></span> <span class='ocrx_word' id='word_1_55' title='bbox 833 946 1127 996; x_wconf 86' lang='lat' dir='ltr'><strong>accurate</strong></span> <span class='ocrx_word' id='word_1_56' title='bbox 1158 953 1464 996; x_wconf 83' lang='lat' dir='ltr'><strong>excussos</strong></span> <span class='ocrx_word' id='word_1_57' title='bbox 1493 931 1934 1020; x_wconf 87' lang='lat' dir='ltr'><strong>probatosque</strong></span> <span class='ocrx_word' id='word_1_58' title='bbox 1957 933 2156 998; x_wconf 84' lang='lat' dir='ltr'><strong>fuisse</strong></span> <span class='ocrx_word' id='word_1_59' title='bbox 2185 934 2319 998; x_wconf 89' lang='lat' dir='ltr'><strong>Ma-</strong></span> 
     </span>
     <span class='ocr_line' id='line_1_8' title="bbox 186 1035 2312 1124; baseline 0.001 -23"><span class='ocrx_word' id='word_1_60' title='bbox 186 1037 423 1118; x_wconf 86' lang='lat' dir='ltr'><strong>nutiis‚</strong></span> <span class='ocrx_word' id='word_1_61' title='bbox 448 1036 809 1118; x_wconf 89' lang='lat' dir='ltr'><strong>Lambinis,</strong></span> <span class='ocrx_word' id='word_1_62' title='bbox 845 1037 1231 1102; x_wconf 87' lang='lat' dir='ltr'><strong>Hotomanis</strong></span> <span class='ocrx_word' id='word_1_63' title='bbox 1250 1085 1267 1118; x_wconf 84' lang='lat'><strong>,</strong></span> <span class='ocrx_word' id='word_1_64' title='bbox 1296 1035 1560 1101; x_wconf 77' lang='lat' dir='ltr'><strong>Graeviis</strong></span> <span class='ocrx_word' id='word_1_65' title='bbox 1577 1086 1596 1113; x_wconf 87' lang='lat'>‚</span> <span class='ocrx_word' id='word_1_66' title='bbox 1627 1037 1892 1124; x_wconf 88' lang='lat' dir='ltr'><strong>aliisque</strong></span> <span class='ocrx_word' id='word_1_67' title='bbox 1921 1036 2312 1104; x_wconf 83' lang='lat' dir='ltr'><strong>editoribus:</strong></span> 
     </span>
     <span class='ocr_line' id='line_1_9' title="bbox 185 1142 2420 1239; baseline 0 -31"><span class='ocrx_word' id='word_1_68' title='bbox 185 1161 387 1232; x_wconf 80' lang='lat' dir='ltr'><strong>atque</strong></span> <span class='ocrx_word' id='word_1_69' title='bbox 434 1143 543 1208; x_wconf 89' lang='lat' dir='ltr'><strong>hie</strong></span> <span class='ocrx_word' id='word_1_70' title='bbox 582 1143 1019 1232; x_wconf 87' lang='lat' dir='ltr'><strong>inauspicatus</strong></span> <span class='ocrx_word' id='word_1_71' title='bbox 1064 1165 1245 1208; x_wconf 89' lang='lat' dir='ltr'><strong>error</strong></span> <span class='ocrx_word' id='word_1_72' title='bbox 1278 1159 1546 1231; x_wconf 90' lang='lat' dir='ltr'><strong>repente</strong></span> <span class='ocrx_word' id='word_1_73' title='bbox 1585 1142 1806 1208; x_wconf 89' lang='lat' dir='ltr'><strong>obruit</strong></span> <span class='ocrx_word' id='word_1_74' title='bbox 1837 1165 2064 1208; x_wconf 89' lang='lat' dir='ltr'><strong>omnes</strong></span> <span class='ocrx_word' id='word_1_75' title='bbox 2102 1145 2315 1233; x_wconf 87' lang='lat' dir='ltr'><strong>suspi-</strong></span> <span class='ocrx_word' id='word_1_76' title='bbox 2406 1229 2420 1239; x_wconf 33' lang='lat'><strong><em>⁴</em></strong></span> 
     </span>
     <span class='ocr_line' id='line_1_10' title="bbox 186 1246 2312 1339; baseline 0.001 -25"><span class='ocrx_word' id='word_1_77' title='bbox 186 1250 447 1331; x_wconf 88' lang='lat' dir='ltr'><strong>ciones,</strong></span> <span class='ocrx_word' id='word_1_78' title='bbox 478 1265 543 1313; x_wconf 89' lang='lat' dir='ltr'><strong>et</strong></span> <span class='ocrx_word' id='word_1_79' title='bbox 576 1249 779 1314; x_wconf 89' lang='lat' dir='ltr'><strong>oculis</strong></span> <span class='ocrx_word' id='word_1_80' title='bbox 811 1250 1049 1314; x_wconf 89' lang='lat' dir='ltr'><strong>nostris</strong></span> <span class='ocrx_word' id='word_1_81' title='bbox 1085 1249 1422 1338; x_wconf 83' lang='lat' dir='ltr'><strong>caliginem</strong></span> <span class='ocrx_word' id='word_1_82' title='bbox 1456 1246 1768 1328; x_wconf 84' lang='lat' dir='ltr'><strong>offundit,</strong></span> <span class='ocrx_word' id='word_1_83' title='bbox 1805 1266 1916 1330; x_wconf 87' lang='lat' dir='ltr'><strong>ut,</strong></span> <span class='ocrx_word' id='word_1_84' title='bbox 1952 1273 2096 1338; x_wconf 82' lang='lat' dir='ltr'><strong>quae</strong></span> <span class='ocrx_word' id='word_1_85' title='bbox 2131 1252 2312 1339; x_wconf 83' lang='lat' dir='ltr'><strong>prius</strong></span> 
     </span>
     <span class='ocr_line' id='line_1_11' title="bbox 190 1353 2311 1443; baseline 0.001 -24"><span class='ocrx_word' id='word_1_86' title='bbox 190 1355 385 1420; x_wconf 90' lang='lat' dir='ltr'><strong>nobis</strong></span> <span class='ocrx_word' id='word_1_87' title='bbox 422 1353 742 1420; x_wconf 83' lang='lat' dir='ltr'><strong>evidentia</strong></span> <span class='ocrx_word' id='word_1_88' title='bbox 775 1371 992 1438; x_wconf 89' lang='lat' dir='ltr'><strong>erant,</strong></span> <span class='ocrx_word' id='word_1_89' title='bbox 1025 1377 1179 1418; x_wconf 84' lang='lat' dir='ltr'><strong>mox</strong></span> <span class='ocrx_word' id='word_1_90' title='bbox 1203 1377 1339 1418; x_wconf 89' lang='lat' dir='ltr'><strong>non</strong></span> <span class='ocrx_word' id='word_1_91' title='bbox 1367 1354 1932 1443; x_wconf 84' lang='lat' dir='ltr'><strong>amplius·cernere</strong></span> <span class='ocrx_word' id='word_1_92' title='bbox 1959 1355 2311 1422; x_wconf 81' lang='lat' dir='ltr'><strong>videamur.</strong></span> 
     </span>
     <span class='ocr_line' id='line_1_12' title="bbox 190 1458 2316 1550; baseline 0 -25"><span class='ocrx_word' id='word_1_93' title='bbox 190 1462 537 1544; x_wconf 87' lang='lat' dir='ltr'><strong>Quantum</strong></span> <span class='ocrx_word' id='word_1_94' title='bbox 567 1461 739 1526; x_wconf 88' lang='lat' dir='ltr'><strong>enim</strong></span> <span class='ocrx_word' id='word_1_95' title='bbox 766 1461 1109 1524; x_wconf 85' lang='lat' dir='ltr'><strong>nominum</strong></span> <span class='ocrx_word' id='word_1_96' title='bbox 1136 1458 1480 1547; x_wconf 84' lang='lat' dir='ltr'><strong>splendore</strong></span> <span class='ocrx_word' id='word_1_97' title='bbox 1515 1475 1858 1547; x_wconf 88' lang='lat' dir='ltr'><strong>superetur</strong></span> <span class='ocrx_word' id='word_1_98' title='bbox 1890 1461 2054 1524; x_wconf 85' lang='lat' dir='ltr'><strong>ratio</strong></span> <span class='ocrx_word' id='word_1_99' title='bbox 2087 1478 2152 1525; x_wconf 89' lang='lat' dir='ltr'><strong>et</strong></span> <span class='ocrx_word' id='word_1_100' title='bbox 2179 1463 2316 1550; x_wconf 89' lang='lat' dir='ltr'><strong>ipse</strong></span> 
     </span>
     <span class='ocr_line' id='line_1_13' title="bbox 184 1565 2316 1654; baseline 0 -23"><span class='ocrx_word' id='word_1_101' title='bbox 184 1567 507 1653; x_wconf 86' lang='lat' dir='ltr'><strong>cujusque</strong></span> <span class='ocrx_word' id='word_1_102' title='bbox 568 1587 793 1630; x_wconf 87' lang='lat' dir='ltr'><strong>sensus</strong></span> <span class='ocrx_word' id='word_1_103' title='bbox 843 1565 1207 1630; x_wconf 89' lang='lat' dir='ltr'><strong>communis</strong></span> <span class='ocrx_word' id='word_1_104' title='bbox 1232 1612 1251 1646; x_wconf 90' lang='lat'><strong>,</strong></span> <span class='ocrx_word' id='word_1_105' title='bbox 1307 1565 1676 1654; x_wconf 86' lang='lat' dir='ltr'><strong>experimur</strong></span> <span class='ocrx_word' id='word_1_106' title='bbox 1739 1565 2069 1653; x_wconf 80' lang='lat' dir='ltr'><strong>quotidie3</strong></span> <span class='ocrx_word' id='word_1_107' title='bbox 2115 1566 2316 1654; x_wconf 90' lang='lat' dir='ltr'><strong>idque</strong></span> 
     </span>
     <span class='ocr_line' id='line_1_14' title="bbox 185 1671 2319 1760; baseline -0 -22"><span class='ocrx_word' id='word_1_108' title='bbox 185 1674 385 1738; x_wconf 88' lang='lat' dir='ltr'><strong>etiam</strong></span> <span class='ocrx_word' id='word_1_109' title='bbox 418 1673 495 1736; x_wconf 91' lang='lat' dir='ltr'><strong>iis</strong></span> <span class='ocrx_word' id='word_1_110' title='bbox 533 1672 813 1737; x_wconf 84' lang='lat' dir='ltr'><strong>subinde</strong></span> <span class='ocrx_word' id='word_1_111' title='bbox 844 1694 971 1736; x_wconf 88' lang='lat' dir='ltr'><strong>usu</strong></span> <span class='ocrx_word' id='word_1_112' title='bbox 1004 1673 1181 1735; x_wconf 84' lang='lat' dir='ltr'><strong>venit</strong></span> <span class='ocrx_word' id='word_1_113' title='bbox 1200 1718 1219 1753; x_wconf 90' lang='lat'>‚</span> <span class='ocrx_word' id='word_1_114' title='bbox 1255 1673 1370 1758; x_wconf 88' lang='lat' dir='ltr'><strong>qui</strong></span> <span class='ocrx_word' id='word_1_115' title='bbox 1399 1671 1708 1734; x_wconf 84' lang='lat' dir='ltr'><strong>maximos</strong></span> <span class='ocrx_word' id='word_1_116' title='bbox 1741 1672 1808 1734; x_wconf 90' lang='lat' dir='ltr'><strong>in</strong></span> <span class='ocrx_word' id='word_1_117' title='bbox 1835 1671 2048 1760; x_wconf 87' lang='lat' dir='ltr'><strong>aliqua</strong></span> <span class='ocrx_word' id='word_1_118' title='bbox 2071 1673 2319 1738; x_wconf 89' lang='lat' dir='ltr'><strong>studio-</strong></span> 
     </span>
     <span class='ocr_line' id='line_1_15' title="bbox 186 1774 2380 1866; baseline 0 -23"><span class='ocrx_word' id='word_1_119' title='bbox 186 1801 339 1843; x_wconf 88' lang='lat' dir='ltr'><strong>rum</strong></span> <span class='ocrx_word' id='word_1_120' title='bbox 370 1793 555 1866; x_wconf 86' lang='lat' dir='ltr'><strong>parte</strong></span> <span class='ocrx_word' id='word_1_121' title='bbox 582 1799 964 1866; x_wconf 83' lang='lat' dir='ltr'><strong>progressus</strong></span> <span class='ocrx_word' id='word_1_122' title='bbox 994 1777 1289 1841; x_wconf 85' lang='lat' dir='ltr'><strong>fecerunt</strong></span> <span class='ocrx_word' id='word_1_123' title='bbox 1315 1799 1330 1840; x_wconf 91' lang='lat'>:</span> <span class='ocrx_word' id='word_1_124' title='bbox 1366 1774 1650 1864; x_wconf 88' lang='lat' dir='ltr'><strong>denique</strong></span> <span class='ocrx_word' id='word_1_125' title='bbox 1683 1777 2143 1860; x_wconf 82' lang='lat' dir='ltr'><strong>obliviscimur,</strong></span> <span class='ocrx_word' id='word_1_126' title='bbox 2177 1779 2318 1844; x_wconf 90' lang='lat' dir='ltr'><strong>illos</strong></span> <span class='ocrx_word' id='word_1_127' title='bbox 2373 1795 2380 1802; x_wconf 83' lang='grc'>·</span> 
     </span>
     <span class='ocr_line' id='line_1_16' title="bbox 186 1881 2314 1971; baseline 0.001 -23"><span class='ocrx_word' id='word_1_128' title='bbox 186 1917 213 1941; x_wconf 79' lang='grc' dir='ltr'>ι</span> <span class='ocrx_word' id='word_1_129' title='bbox 240 1906 535 1948; x_wconf 89' lang='lat' dir='ltr'><strong>summos</strong></span> <span class='ocrx_word' id='word_1_130' title='bbox 592 1883 858 1971; x_wconf 88' lang='lat' dir='ltr'><strong>quidem</strong></span> <span class='ocrx_word' id='word_1_131' title='bbox 902 1883 1199 1948; x_wconf 89' lang='lat' dir='ltr'><strong>homines</strong></span> <span class='ocrx_word' id='word_1_132' title='bbox 1246 1882 1480 1964; x_wconf 86' lang='lat' dir='ltr'><strong>fuisse,</strong></span> <span class='ocrx_word' id='word_1_133' title='bbox 1529 1881 1640 1946; x_wconf 87' lang='lat' dir='ltr'><strong>sed</strong></span> <span class='ocrx_word' id='word_1_134' title='bbox 1693 1883 1988 1948; x_wconf 88' lang='lat' dir='ltr'><strong>homines</strong></span> <span class='ocrx_word' id='word_1_135' title='bbox 2023 1900 2240 1950; x_wconf 89' lang='lat' dir='ltr'><strong>tamen</strong></span> <span class='ocrx_word' id='word_1_136' title='bbox 2265 1917 2314 1951; x_wconf 74' lang='lat' dir='ltr'><strong>n.</strong></span> 
     </span>
     <span class='ocr_line' id='line_1_17' title="bbox 190 1987 2318 2078; baseline 0 -24"><span class='ocrx_word' id='word_1_137' title='bbox 190 1989 489 2065; x_wconf 84' lang='lat' dir='ltr'><strong>Accedit,</strong></span> <span class='ocrx_word' id='word_1_138' title='bbox 512 1987 691 2077; x_wconf 90' lang='lat' dir='ltr'><strong>quod</strong></span> <span class='ocrx_word' id='word_1_139' title='bbox 711 2011 845 2054; x_wconf 89' lang='lat' dir='ltr'><strong>non</strong></span> <span class='ocrx_word' id='word_1_140' title='bbox 862 2003 1235 2078; x_wconf 85' lang='lat' dir='ltr'><strong>reputamus</strong></span> <span class='ocrx_word' id='word_1_141' title='bbox 1252 2035 1269 2069; x_wconf 90' lang='lat'>‚</span> <span class='ocrx_word' id='word_1_142' title='bbox 1287 1987 1464 2076; x_wconf 89' lang='lat' dir='ltr'><strong>ipsos</strong></span> <span class='ocrx_word' id='word_1_143' title='bbox 1483 2009 1747 2074; x_wconf 88' lang='lat' dir='ltr'><strong>quoque</strong></span> <span class='ocrx_word' id='word_1_144' title='bbox 1765 1989 2032 2053; x_wconf 85' lang='lat' dir='ltr'><strong>fortasse</strong></span> <span class='ocrx_word' id='word_1_145' title='bbox 2049 1989 2276 2054; x_wconf 86' lang='lat' dir='ltr'><strong>iisdem</strong></span> <span class='ocrx_word' id='word_1_146' title='bbox 2299 2040 2318 2074; x_wconf 99' lang='lat'><strong>,</strong></span> 
     </span>
     <span class='ocr_line' id='line_1_18' title="bbox 188 2093 2316 2184; baseline 0 -24"><span class='ocrx_word' id='word_1_147' title='bbox 188 2097 433 2184; x_wconf 86' lang='lat' dir='ltr'><strong>quibus</strong></span> <span class='ocrx_word' id='word_1_148' title='bbox 464 2118 619 2177; x_wconf 89' lang='lat' dir='ltr'><strong>nos,</strong></span> <span class='ocrx_word' id='word_1_149' title='bbox 650 2095 845 2160; x_wconf 88' lang='lat' dir='ltr'><strong>rebus</strong></span> <span class='ocrx_word' id='word_1_150' title='bbox 878 2095 1167 2160; x_wconf 76' lang='lat' dir='ltr'><strong>offensos</strong></span> <span class='ocrx_word' id='word_1_151' title='bbox 1198 2093 1434 2175; x_wconf 84' lang='lat' dir='ltr'><strong>fuisse,</strong></span> <span class='ocrx_word' id='word_1_152' title='bbox 1473 2115 1699 2156; x_wconf 84' lang='lat' dir='ltr'><strong>verum</strong></span> <span class='ocrx_word' id='word_1_153' title='bbox 1739 2093 2130 2158; x_wconf 79' lang='lat' dir='ltr'><strong>offensiones</strong></span> <span class='ocrx_word' id='word_1_154' title='bbox 2169 2119 2316 2160; x_wconf 87' lang='lat' dir='ltr'><strong>suas</strong></span> 
     </span>
     <span class='ocr_line' id='line_1_19' title="bbox 186 2197 2316 2288; baseline -0 -23"><span class='ocrx_word' id='word_1_155' title='bbox 186 2202 288 2266; x_wconf 85' lang='lat' dir='ltr'><strong>vel</strong></span> <span class='ocrx_word' id='word_1_156' title='bbox 324 2200 554 2266; x_wconf 87' lang='lat' dir='ltr'><strong>eodem</strong></span> <span class='ocrx_word' id='word_1_157' title='bbox 588 2201 813 2266; x_wconf 86' lang='lat' dir='ltr'><strong>solatio</strong></span> <span class='ocrx_word' id='word_1_158' title='bbox 854 2201 1121 2283; x_wconf 84' lang='lat' dir='ltr'><strong>levasse,</strong></span> <span class='ocrx_word' id='word_1_159' title='bbox 1170 2222 1302 2288; x_wconf 87' lang='lat' dir='ltr'><strong>quo</strong></span> <span class='ocrx_word' id='word_1_160' title='bbox 1339 2221 1458 2262; x_wconf 87' lang='lat' dir='ltr'><strong>nos</strong></span> <span class='ocrx_word' id='word_1_161' title='bbox 1495 2197 1870 2281; x_wconf 86' lang='lat' dir='ltr'><strong>utebamur,</strong></span> <span class='ocrx_word' id='word_1_162' title='bbox 1915 2221 2117 2287; x_wconf 87' lang='lat' dir='ltr'><strong>quum</strong></span> <span class='ocrx_word' id='word_1_163' title='bbox 2147 2199 2316 2264; x_wconf 84' lang='lat' dir='ltr'><strong>diffi-</strong></span> 
     </span>
     <span class='ocr_line' id='line_1_20' title="bbox 188 2306 2316 2396; baseline -0.001 -24"><span class='ocrx_word' id='word_1_164' title='bbox 188 2310 459 2373; x_wconf 81' lang='lat' dir='ltr'><strong>cultates</strong></span> <span class='ocrx_word' id='word_1_165' title='bbox 492 2308 933 2387; x_wconf 85' lang='lat' dir='ltr'><strong>rejiciebamus</strong></span> <span class='ocrx_word' id='word_1_166' title='bbox 980 2308 1045 2371; x_wconf 90' lang='lat' dir='ltr'><strong>in</strong></span> <span class='ocrx_word' id='word_1_167' title='bbox 1094 2306 1380 2371; x_wconf 85' lang='lat' dir='ltr'><strong>literatos</strong></span> <span class='ocrx_word' id='word_1_168' title='bbox 1421 2307 1712 2393; x_wconf 85' lang='lat' dir='ltr'><strong>priorum</strong></span> <span class='ocrx_word' id='word_1_169' title='bbox 1751 2321 2122 2394; x_wconf 89' lang='lat' dir='ltr'><strong>temporum</strong></span> <span class='ocrx_word' id='word_1_170' title='bbox 2145 2354 2164 2388; x_wconf 99' lang='lat'><strong>,</strong></span> <span class='ocrx_word' id='word_1_171' title='bbox 2203 2310 2316 2396; x_wconf 88' lang='lat' dir='ltr'><strong>qui</strong></span> 
     </span>
     <span class='ocr_line' id='line_1_21' title="bbox 192 2410 2314 2502; baseline 0 -25"><span class='ocrx_word' id='word_1_172' title='bbox 192 2413 353 2479; x_wconf 85' lang='lat' dir='ltr'><strong>nihil</strong></span> <span class='ocrx_word' id='word_1_173' title='bbox 374 2412 581 2477; x_wconf 90' lang='lat' dir='ltr'><strong>simile</strong></span> <span class='ocrx_word' id='word_1_174' title='bbox 606 2412 987 2493; x_wconf 81' lang='lat' dir='ltr'><strong>sensissent,</strong></span> <span class='ocrx_word' id='word_1_175' title='bbox 1020 2413 1121 2476; x_wconf 81' lang='lat' dir='ltr'><strong>vel</strong></span> <span class='ocrx_word' id='word_1_176' title='bbox 1150 2412 1302 2501; x_wconf 88' lang='lat' dir='ltr'><strong>ipsis</strong></span> <span class='ocrx_word' id='word_1_177' title='bbox 1327 2410 1555 2475; x_wconf 88' lang='lat' dir='ltr'><strong>eodem</strong></span> <span class='ocrx_word' id='word_1_178' title='bbox 1585 2434 1818 2500; x_wconf 84' lang='lat' dir='ltr'><strong>genere</strong></span> <span class='ocrx_word' id='word_1_179' title='bbox 1847 2410 2090 2475; x_wconf 84' lang='lat' dir='ltr'><strong>fraudis</strong></span> <span class='ocrx_word' id='word_1_180' title='bbox 2115 2412 2314 2502; x_wconf 89' lang='lat' dir='ltr'><strong>impo-</strong></span> 
     </span>
     <span class='ocr_line' id='line_1_22' title="bbox 188 2516 2315 2606; baseline 0 -23"><span class='ocrx_word' id='word_1_181' title='bbox 188 2520 395 2584; x_wconf 88' lang='lat' dir='ltr'><strong>suisse</strong></span> <span class='ocrx_word' id='word_1_182' title='bbox 436 2534 551 2583; x_wconf 89' lang='lat' dir='ltr'><strong>aut</strong></span> <span class='ocrx_word' id='word_1_183' title='bbox 590 2518 813 2583; x_wconf 90' lang='lat' dir='ltr'><strong>titulos</strong></span> <span class='ocrx_word' id='word_1_184' title='bbox 854 2518 1247 2606; x_wconf 88' lang='lat' dir='ltr'><strong>scriptorum</strong></span> <span class='ocrx_word' id='word_1_185' title='bbox 1288 2516 1606 2581; x_wconf 85' lang='lat' dir='ltr'><strong>librorum</strong></span> <span class='ocrx_word' id='word_1_186' title='bbox 1629 2564 1648 2598; x_wconf 90' lang='lat'><strong>,</strong></span> <span class='ocrx_word' id='word_1_187' title='bbox 1693 2517 1804 2603; x_wconf 83' lang='lat' dir='ltr'><strong>qui</strong></span> <span class='ocrx_word' id='word_1_188' title='bbox 1837 2518 2164 2581; x_wconf 88' lang='lat' dir='ltr'><strong>Ciceronis</strong></span> <span class='ocrx_word' id='word_1_189' title='bbox 2197 2541 2315 2583; x_wconf 88' lang='lat' dir='ltr'><strong>no·</strong></span> 
     </span>
     <span class='ocr_line' id='line_1_23' title="bbox 188 2622 2314 2714; baseline -0.001 -24"><span class='ocrx_word' id='word_1_190' title='bbox 188 2649 341 2690; x_wconf 88' lang='lat' dir='ltr'><strong>men</strong></span> <span class='ocrx_word' id='word_1_191' title='bbox 382 2624 795 2714; x_wconf 65' lang='lat' dir='ltr'><strong>praeferrent,</strong></span> <span class='ocrx_word' id='word_1_192' title='bbox 836 2638 951 2687; x_wconf 88' lang='lat' dir='ltr'><strong>aut</strong></span> <span class='ocrx_word' id='word_1_193' title='bbox 992 2622 1416 2710; x_wconf 88' lang='lat' dir='ltr'><strong>antiquorum</strong></span> <span class='ocrx_word' id='word_1_194' title='bbox 1459 2622 1720 2686; x_wconf 87' lang='lat' dir='ltr'><strong>testium</strong></span> <span class='ocrx_word' id='word_1_195' title='bbox 1763 2623 2206 2687; x_wconf 88' lang='lat' dir='ltr'><strong>auctoritatem</strong></span> <span class='ocrx_word' id='word_1_196' title='bbox 2225 2672 2244 2705; x_wconf 90' lang='lat'>‚</span> <span class='ocrx_word' id='word_1_197' title='bbox 2279 2649 2314 2686; x_wconf 85' lang='lat' dir='ltr'><strong>a</strong></span> 
     </span>
     <span class='ocr_line' id='line_1_24' title="bbox 189 2727 2312 2821; baseline -0.001 -25"><span class='ocrx_word' id='word_1_198' title='bbox 189 2732 431 2821; x_wconf 86' lang='lat' dir='ltr'><strong>quibus</strong></span> <span class='ocrx_word' id='word_1_199' title='bbox 482 2730 710 2817; x_wconf 88' lang='lat' dir='ltr'><strong>aliquis</strong></span> <span class='ocrx_word' id='word_1_200' title='bbox 750 2728 1001 2793; x_wconf 88' lang='lat' dir='ltr'><strong>illarum</strong></span> <span class='ocrx_word' id='word_1_201' title='bbox 1052 2728 1426 2792; x_wconf 87' lang='lat' dir='ltr'><strong>orationum</strong></span> <span class='ocrx_word' id='word_1_202' title='bbox 1473 2727 1656 2793; x_wconf 89' lang='lat' dir='ltr'><strong>locus</strong></span> <span class='ocrx_word' id='word_1_203' title='bbox 1709 2750 1828 2816; x_wconf 94' lang='lat' dir='ltr'><strong>pro</strong></span> <span class='ocrx_word' id='word_1_204' title='bbox 1888 2729 2312 2795; x_wconf 88' lang='lat' dir='ltr'><strong>Ciceroniano</strong></span> 
     </span>
     <span class='ocr_line' id='line_1_25' title="bbox 190 2833 2312 2922; baseline -0.002 -20"><span class='ocrx_word' id='word_1_205' title='bbox 190 2836 489 2902; x_wconf 88' lang='lat' dir='ltr'><strong>laudatus</strong></span> <span class='ocrx_word' id='word_1_206' title='bbox 518 2850 703 2901; x_wconf 87' lang='lat' dir='ltr'><strong>esset.</strong></span> <span class='ocrx_word' id='word_1_207' title='bbox 738 2833 1053 2899; x_wconf 89' lang='lat' dir='ltr'><strong>Videlicet</strong></span> <span class='ocrx_word' id='word_1_208' title='bbox 1083 2834 1263 2897; x_wconf 87' lang='lat' dir='ltr'><strong>nulla</strong></span> <span class='ocrx_word' id='word_1_209' title='bbox 1288 2850 1386 2899; x_wconf 92' lang='lat' dir='ltr'><strong>est</strong></span> <span class='ocrx_word' id='word_1_210' title='bbox 1415 2851 1598 2915; x_wconf 80' lang='lat' dir='ltr'><strong>aetas,</strong></span> <span class='ocrx_word' id='word_1_211' title='bbox 1629 2834 1698 2897; x_wconf 91' lang='lat' dir='ltr'><strong>in</strong></span> <span class='ocrx_word' id='word_1_212' title='bbox 1727 2856 1852 2922; x_wconf 88' lang='lat' dir='ltr'><strong>qua</strong></span> <span class='ocrx_word' id='word_1_213' title='bbox 1885 2856 2018 2898; x_wconf 89' lang='lat' dir='ltr'><strong>non</strong></span> <span class='ocrx_word' id='word_1_214' title='bbox 2051 2834 2312 2900; x_wconf 86' lang='lat' dir='ltr'><strong>obnoxii</strong></span> 
     </span>
     <span class='ocr_line' id='line_1_26' title="bbox 190 2940 2314 3040; baseline -0.001 -32"><span class='ocrx_word' id='word_1_215' title='bbox 190 2942 523 3008; x_wconf 90' lang='lat' dir='ltr'><strong>erroribus</strong></span> <span class='ocrx_word' id='word_1_216' title='bbox 558 2942 761 3005; x_wconf 85' lang='lat' dir='ltr'><strong>simus</strong></span> <span class='ocrx_word' id='word_1_217' title='bbox 782 2987 801 3022; x_wconf 90' lang='lat'>‚</span> <span class='ocrx_word' id='word_1_218' title='bbox 846 2940 959 3029; x_wconf 88' lang='lat' dir='ltr'><strong>qui</strong></span> <span class='ocrx_word' id='word_1_219' title='bbox 994 2940 1295 3040; x_wconf 74' lang='lat' dir='ltr'><strong>homines</strong></span> <span class='ocrx_word' id='word_1_220' title='bbox 1341 2962 1586 3004; x_wconf 86' lang='lat' dir='ltr'><strong>sumus.</strong></span> <span class='ocrx_word' id='word_1_221' title='bbox 1638 2940 1774 3003; x_wconf 90' lang='lat' dir='ltr'><strong>Nec</strong></span> <span class='ocrx_word' id='word_1_222' title='bbox 1805 2962 1960 3003; x_wconf 87' lang='lat' dir='ltr'><strong>vero</strong></span> <span class='ocrx_word' id='word_1_223' title='bbox 1993 2940 2120 3003; x_wconf 85' lang='lat' dir='ltr'><strong>ulla</strong></span> <span class='ocrx_word' id='word_1_224' title='bbox 2153 2942 2314 3006; x_wconf 83' lang='lat' dir='ltr'><strong>mala</strong></span> 
     </span>
     <span class='ocr_line' id='line_1_27' title="bbox 190 3044 2316 3136; baseline -0.001 -24"><span class='ocrx_word' id='word_1_225' title='bbox 190 3066 257 3113; x_wconf 87' lang='lat' dir='ltr'><strong>et</strong></span> <span class='ocrx_word' id='word_1_226' title='bbox 280 3046 543 3111; x_wconf 86' lang='lat' dir='ltr'><strong>inficeta</strong></span> <span class='ocrx_word' id='word_1_227' title='bbox 575 3046 887 3136; x_wconf 86' lang='lat' dir='ltr'><strong>scriptura</strong></span> <span class='ocrx_word' id='word_1_228' title='bbox 914 3044 1063 3109; x_wconf 92' lang='lat' dir='ltr'><strong>ideo</strong></span> <span class='ocrx_word' id='word_1_229' title='bbox 1097 3044 1314 3109; x_wconf 87' lang='lat' dir='ltr'><strong>minus</strong></span> <span class='ocrx_word' id='word_1_230' title='bbox 1347 3044 1512 3109; x_wconf 86' lang='lat' dir='ltr'><strong>mala</strong></span> <span class='ocrx_word' id='word_1_231' title='bbox 1543 3044 1960 3108; x_wconf 84' lang='lat' dir='ltr'><strong>existimanda</strong></span> <span class='ocrx_word' id='word_1_232' title='bbox 1985 3060 2110 3125; x_wconf 89' lang='lat' dir='ltr'><strong>est,</strong></span> <span class='ocrx_word' id='word_1_233' title='bbox 2137 3044 2316 3133; x_wconf 88' lang='lat' dir='ltr'><strong>quod</strong></span> 
     </span>
     <span class='ocr_line' id='line_1_28' title="bbox 192 3148 2320 3238; baseline -0.002 -19"><span class='ocrx_word' id='word_1_234' title='bbox 192 3156 261 3219; x_wconf 89' lang='lat' dir='ltr'><strong>in</strong></span> <span class='ocrx_word' id='word_1_235' title='bbox 300 3151 637 3219; x_wconf 86' lang='lat' dir='ltr'><strong>codicibus</strong></span> <span class='ocrx_word' id='word_1_236' title='bbox 680 3153 940 3217; x_wconf 83' lang='lat' dir='ltr'><strong>inventa</strong></span> <span class='ocrx_word' id='word_1_237' title='bbox 976 3168 1075 3217; x_wconf 89' lang='lat' dir='ltr'><strong>est</strong></span> <span class='ocrx_word' id='word_1_238' title='bbox 1110 3168 1261 3215; x_wconf 87' lang='lat' dir='ltr'><strong>ante</strong></span> <span class='ocrx_word' id='word_1_239' title='bbox 1307 3166 1550 3238; x_wconf 87' lang='lat' dir='ltr'><strong>septem</strong></span> <span class='ocrx_word' id='word_1_240' title='bbox 1599 3149 1698 3213; x_wconf 85' lang='lat' dir='ltr'><strong>vel</strong></span> <span class='ocrx_word' id='word_1_241' title='bbox 1734 3164 1884 3213; x_wconf 91' lang='lat' dir='ltr'><strong>octo</strong></span> <span class='ocrx_word' id='word_1_242' title='bbox 1917 3148 2144 3215; x_wconf 79' lang='lat' dir='ltr'><strong>saec&#39;ula</strong></span> <span class='ocrx_word' id='word_1_243' title='bbox 2177 3172 2320 3215; x_wconf 82' lang='lat' dir='ltr'><strong>exa-</strong></span> 
     </span>
     <span class='ocr_line' id='line_1_29' title="bbox 190 3254 2320 3347; baseline -0.003 -22"><span class='ocrx_word' id='word_1_244' title='bbox 190 3262 377 3343; x_wconf 81' lang='lat' dir='ltr'><strong>ratis,</strong></span> <span class='ocrx_word' id='word_1_245' title='bbox 408 3258 783 3347; x_wconf 84' lang='lat' dir='ltr'><strong>praescripto</strong></span> <span class='ocrx_word' id='word_1_246' title='bbox 817 3258 1081 3321; x_wconf 90' lang='lat' dir='ltr'><strong>nomine</strong></span> <span class='ocrx_word' id='word_1_247' title='bbox 1110 3255 1473 3338; x_wconf 81' lang='lat' dir='ltr'><strong>Ciceronis3</strong></span> <span class='ocrx_word' id='word_1_248' title='bbox 1499 3278 1712 3341; x_wconf 90' lang='lat' dir='ltr'><strong>neque</strong></span> <span class='ocrx_word' id='word_1_249' title='bbox 1737 3254 1928 3319; x_wconf 88' lang='lat' dir='ltr'><strong>ullius</strong></span> <span class='ocrx_word' id='word_1_250' title='bbox 1953 3254 2180 3319; x_wconf 81' lang='lat' dir='ltr'><strong>literati</strong></span> <span class='ocrx_word' id='word_1_251' title='bbox 2207 3272 2320 3320; x_wconf 91' lang='lat' dir='ltr'><strong>aut</strong></span> 
     </span>
     <span class='ocr_line' id='line_1_30' title="bbox 190 3360 2317 3452; baseline -0.003 -21"><span class='ocrx_word' id='word_1_252' title='bbox 190 3364 469 3431; x_wconf 78' lang='lat' dir='ltr'><strong>sodalitii</strong></span> <span class='ocrx_word' id='word_1_253' title='bbox 490 3364 891 3427; x_wconf 85' lang='lat' dir='ltr'><strong>literatorum</strong></span> <span class='ocrx_word' id='word_1_254' title='bbox 909 3412 928 3446; x_wconf 87' lang='lat'><strong>,</strong></span> <span class='ocrx_word' id='word_1_255' title='bbox 952 3364 1083 3427; x_wconf 84' lang='lat' dir='ltr'><strong>sive</strong></span> <span class='ocrx_word' id='word_1_256' title='bbox 1104 3363 1394 3452; x_wconf 87' lang='lat' dir='ltr'><strong>antiqui,</strong></span> <span class='ocrx_word' id='word_1_257' title='bbox 1429 3362 1560 3427; x_wconf 86' lang='lat' dir='ltr'><strong>sive</strong></span> <span class='ocrx_word' id='word_1_258' title='bbox 1593 3360 1966 3427; x_wconf 88' lang='lat' dir='ltr'><strong>recentioris</strong></span> <span class='ocrx_word' id='word_1_259' title='bbox 1987 3408 2004 3442; x_wconf 91' lang='lat'>‚</span> <span class='ocrx_word' id='word_1_260' title='bbox 2037 3372 2317 3427; x_wconf 86' lang='lat' dir='ltr'><strong>consen··</strong></span> 
     </span>
     <span class='ocr_line' id='line_1_31' title="bbox 192 3468 2316 3560; baseline -0.001 -25"><span class='ocrx_word' id='word_1_261' title='bbox 192 3473 357 3537; x_wconf 89' lang='lat' dir='ltr'><strong>tiens</strong></span> <span class='ocrx_word' id='word_1_262' title='bbox 392 3494 523 3535; x_wconf 81' lang='lat' dir='ltr'><strong>vox</strong></span> <span class='ocrx_word' id='word_1_263' title='bbox 554 3470 745 3537; x_wconf 85' lang='lat' dir='ltr'><strong>nobis</strong></span> <span class='ocrx_word' id='word_1_264' title='bbox 775 3468 1159 3559; x_wconf 85' lang='lat' dir='ltr'><strong>persuadere</strong></span> <span class='ocrx_word' id='word_1_265' title='bbox 1188 3486 1438 3560; x_wconf 86' lang='lat' dir='ltr'><strong>potest,</strong></span> <span class='ocrx_word' id='word_1_266' title='bbox 1465 3486 1578 3535; x_wconf 88' lang='lat' dir='ltr'><strong>aut</strong></span> <span class='ocrx_word' id='word_1_267' title='bbox 1609 3469 1986 3533; x_wconf 87' lang='lat' dir='ltr'><strong>Ciceronem</strong></span> <span class='ocrx_word' id='word_1_268' title='bbox 2017 3491 2154 3532; x_wconf 90' lang='lat' dir='ltr'><strong>esse</strong></span> <span class='ocrx_word' id='word_1_269' title='bbox 2181 3470 2316 3533; x_wconf 86' lang='lat' dir='ltr'><strong>ine·-</strong></span> 
     </span>
     <span class='ocr_line' id='line_1_32' title="bbox 191 3572 2316 3667; baseline -0.001 -27"><span class='ocrx_word' id='word_1_270' title='bbox 191 3577 509 3667; x_wconf 81' lang='lat' dir='ltr'><strong>legantem</strong></span> <span class='ocrx_word' id='word_1_271' title='bbox 554 3592 619 3641; x_wconf 89' lang='lat' dir='ltr'><strong>et</strong></span> <span class='ocrx_word' id='word_1_272' title='bbox 666 3576 961 3664; x_wconf 88' lang='lat' dir='ltr'><strong>ineptum</strong></span> <span class='ocrx_word' id='word_1_273' title='bbox 1004 3576 1382 3663; x_wconf 86' lang='lat' dir='ltr'><strong>scriptorem</strong></span> <span class='ocrx_word' id='word_1_274' title='bbox 1406 3622 1425 3656; x_wconf 88' lang='lat'><strong>,</strong></span> <span class='ocrx_word' id='word_1_275' title='bbox 1469 3573 1726 3639; x_wconf 88' lang='lat' dir='ltr'><strong>tardum</strong></span> <span class='ocrx_word' id='word_1_276' title='bbox 1777 3573 1844 3637; x_wconf 91' lang='lat' dir='ltr'><strong>in</strong></span> <span class='ocrx_word' id='word_1_277' title='bbox 1887 3572 2278 3637; x_wconf 79' lang='lat' dir='ltr'><strong>inveniendo</strong></span> <span class='ocrx_word' id='word_1_278' title='bbox 2297 3623 2316 3649; x_wconf 85' lang='lat'>‚</span> 
     </span>
     <span class='ocr_line' id='line_1_33' title="bbox 192 3676 2318 3769; baseline -0.002 -24"><span class='ocrx_word' id='word_1_279' title='bbox 192 3682 569 3745; x_wconf 84' lang='lat' dir='ltr'><strong>affectatum</strong></span> <span class='ocrx_word' id='word_1_280' title='bbox 604 3680 673 3743; x_wconf 87' lang='lat' dir='ltr'><strong>in</strong></span> <span class='ocrx_word' id='word_1_281' title='bbox 716 3678 1118 3769; x_wconf 86' lang='lat' dir='ltr'><strong>eloquendo,</strong></span> <span class='ocrx_word' id='word_1_282' title='bbox 1152 3696 1263 3745; x_wconf 88' lang='lat' dir='ltr'><strong>aut</strong></span> <span class='ocrx_word' id='word_1_283' title='bbox 1303 3680 1482 3744; x_wconf 87' lang='lat' dir='ltr'><strong>hunc</strong></span> <span class='ocrx_word' id='word_1_284' title='bbox 1503 3726 1522 3760; x_wconf 99' lang='lat'><strong>,</strong></span> <span class='ocrx_word' id='word_1_285' title='bbox 1567 3701 1702 3768; x_wconf 88' lang='lat' dir='ltr'><strong>quo</strong></span> <span class='ocrx_word' id='word_1_286' title='bbox 1743 3676 1824 3741; x_wconf 90' lang='lat' dir='ltr'><strong>de</strong></span> <span class='ocrx_word' id='word_1_287' title='bbox 1868 3676 2156 3765; x_wconf 81' lang='lat' dir='ltr'><strong>agimus,</strong></span> <span class='ocrx_word' id='word_1_288' title='bbox 2197 3700 2318 3741; x_wconf 86' lang='lat' dir='ltr'><strong>au·</strong></span> 
     </span>
     <span class='ocr_line' id='line_1_34' title="bbox 194 3783 2320 3874; baseline -0.002 -23"><span class='ocrx_word' id='word_1_289' title='bbox 194 3804 441 3851; x_wconf 89' lang='lat' dir='ltr'><strong>ctorem</strong></span> <span class='ocrx_word' id='word_1_290' title='bbox 464 3802 749 3874; x_wconf 86' lang='lat' dir='ltr'><strong>quatuor</strong></span> <span class='ocrx_word' id='word_1_291' title='bbox 770 3788 1142 3853; x_wconf 88' lang='lat' dir='ltr'><strong>orationum</strong></span> <span class='ocrx_word' id='word_1_292' title='bbox 1166 3787 1233 3851; x_wconf 93' lang='lat' dir='ltr'><strong>in</strong></span> <span class='ocrx_word' id='word_1_293' title='bbox 1260 3809 1332 3849; x_wconf 90' lang='lat' dir='ltr'><strong>ea</strong></span> <span class='ocrx_word' id='word_1_294' title='bbox 1357 3786 1554 3849; x_wconf 85' lang='lat' dir='ltr'><strong>classe</strong></span> <span class='ocrx_word' id='word_1_295' title='bbox 1575 3783 1972 3850; x_wconf 87' lang='lat' dir='ltr'><strong>censendum</strong></span> <span class='ocrx_word' id='word_1_296' title='bbox 1997 3804 2132 3847; x_wconf 88' lang='lat' dir='ltr'><strong>non</strong></span> <span class='ocrx_word' id='word_1_297' title='bbox 2163 3806 2320 3852; x_wconf 83' lang='lat' dir='ltr'><strong>esse.</strong></span> 
     </span>
     <span class='ocr_line' id='line_1_35' title="bbox 198 3888 2323 3980; baseline -0.002 -25"><span class='ocrx_word' id='word_1_298' title='bbox 198 3892 361 3963; x_wconf 70' lang='lat' dir='ltr'><strong>Mihi</strong></span> <span class='ocrx_word' id='word_1_299' title='bbox 392 3906 565 3955; x_wconf 87' lang='lat' dir='ltr'><strong>certe</strong></span> <span class='ocrx_word' id='word_1_300' title='bbox 602 3892 781 3955; x_wconf 86' lang='lat' dir='ltr'><strong>nullo</strong></span> <span class='ocrx_word' id='word_1_301' title='bbox 810 3909 1001 3980; x_wconf 86' lang='lat' dir='ltr'><strong>pacto</strong></span> <span class='ocrx_word' id='word_1_302' title='bbox 1034 3889 1336 3955; x_wconf 86' lang='lat' dir='ltr'><strong>credibile</strong></span> <span class='ocrx_word' id='word_1_303' title='bbox 1368 3888 1646 3969; x_wconf 81' lang='lat' dir='ltr'><strong>videtur,</strong></span> <span class='ocrx_word' id='word_1_304' title='bbox 1687 3888 1899 3969; x_wconf 88' lang='lat' dir='ltr'><strong>hunc,</strong></span> <span class='ocrx_word' id='word_1_305' title='bbox 1937 3888 2048 3976; x_wconf 88' lang='lat' dir='ltr'><strong>qui</strong></span> <span class='ocrx_word' id='word_1_306' title='bbox 2083 3889 2323 3953; x_wconf 83' lang='lat' dir='ltr'><strong>oratio·</strong></span> 
     </span>
     <span class='ocr_line' id='line_1_36' title="bbox 204 3995 2322 4086; baseline -0.001 -26"><span class='ocrx_word' id='word_1_307' title='bbox 204 4020 311 4061; x_wconf 88' lang='lat' dir='ltr'><strong>nes</strong></span> <span class='ocrx_word' id='word_1_308' title='bbox 344 3997 601 4086; x_wconf 87' lang='lat' dir='ltr'><strong>scripsit</strong></span> <span class='ocrx_word' id='word_1_309' title='bbox 628 4020 749 4085; x_wconf 88' lang='lat' dir='ltr'><strong>pro</strong></span> <span class='ocrx_word' id='word_1_310' title='bbox 776 3998 1021 4063; x_wconf 88' lang='lat' dir='ltr'><strong>Milone</strong></span> <span class='ocrx_word' id='word_1_311' title='bbox 1040 4044 1059 4079; x_wconf 90' lang='lat'><strong>,</strong></span> <span class='ocrx_word' id='word_1_312' title='bbox 1089 4018 1207 4085; x_wconf 85' lang='lat' dir='ltr'><strong>pro</strong></span> <span class='ocrx_word' id='word_1_313' title='bbox 1238 3995 1476 4079; x_wconf 87' lang='lat' dir='ltr'><strong>Coelio,</strong></span> <span class='ocrx_word' id='word_1_314' title='bbox 1505 4018 1626 4086; x_wconf 88' lang='lat' dir='ltr'><strong>pro</strong></span> <span class='ocrx_word' id='word_1_315' title='bbox 1651 3996 1924 4061; x_wconf 85' lang='lat' dir='ltr'><strong>Murena</strong></span> <span class='ocrx_word' id='word_1_316' title='bbox 1942 4042 1961 4079; x_wconf 89' lang='lat'><strong>,</strong></span> <span class='ocrx_word' id='word_1_317' title='bbox 1985 4016 2106 4082; x_wconf 90' lang='lat' dir='ltr'><strong>pro</strong></span> <span class='ocrx_word' id='word_1_318' title='bbox 2131 3995 2322 4059; x_wconf 88' lang='lat' dir='ltr'><strong>Plan-</strong></span> 
     </span>
    </p>
   </div>
  </div>
 </body>
</html>
