2594 4537
615 300 992 372 ORATIO
1042 303 1254 370 PRO
1306 302 1601 372 DOMO
1648 302 1867 370 SUA.
2160 302 2291 398 llll!

161 447 382 524 ceps,
435 445 676 520 neque
725 423 1085 494 institutas
1141 421 1586 494 caerimonias
1632 422 2013 519 persequi,
2064 445 2305 520 neque

163 535 487 608 verbum
517 533 750 605 ullum
787 532 1108 604 solemne
1136 534 1377 628 potuit
1400 530 1643 604 effari?

274 649 462 717 LVI.
494 647 675 734 Quae
712 667 940 740 quum
979 643 1078 712 ita
1117 643 1291 728 sint,
1325 641 1739 740 pontificeS,
1797 656 2129 714 revocate
2159 640 2309 736 jam

166 757 460 826 animos
493 767 769 825 vestros
807 751 900 824 ab
949 752 1084 822 hac
1131 751 1375 823 subtili
1414 767 1661 824 nostra
1702 751 2187 851 disputatione
2218 750 2311 832 ad

167 865 587 936 universam
617 860 1182 960 rempublicam,
1221 885 1439 958 quam
1468 877 1677 934 antea
1712 887 1879 934 cum
1914 864 2085 934 viris
2110 859 2311 932 forti-

169 973 322 1046 bus
355 974 633 1062 multis,
669 973 745 1042 in
779 972 918 1044 hac
958 995 1132 1042 vero
1168 996 1379 1044 causa
1421 972 1592 1044 solis
1626 975 1881 1046 vestris
1914 970 2317 1050 cervicibus

169 1085 570 1158 sustinetis.
624 1081 850 1154 Vobis
895 1083 1214 1154 universi
1265 1097 1555 1154 senatus
1602 1097 1951 1180 perpetua
2000 1082 2316 1152 auctori—

171 1211 326 1284 tas,
369 1196 492 1266 cui
527 1209 807 1266 vosmet
847 1193 986 1292 ipsi
1037 1194 1633 1291 praestantissimi¹
1692 1217 1979 1291 semper
2027 1193 2102 1262 in
2156 1215 2321 1262 mea

169 1327 400 1378 causa
438 1301 858 1402 praefuistis3
907 1300 1114 1374 vobis
1165 1302 1385 1374 Italiae
1419 1299 2165 1400 magnificentissimus
2201 1297 2320 1369 ille

173 1427 429 1486 motus
448 1413 1194 1510 ‚municipiorumque
1219 1435 1617 1484 concursus
1636 1421 1666 1453 ²
1685 1439 1705 1499 3
1724 1409 1932 1482 vobis
1946 1432 2240 1507 campus
2263 1405 2321 1491 ³,

175 1524 822 1621 centuriarumque
848 1545 994 1593 una
1031 1546 1172 1593 vox
1203 1523 1567 1610 omnium,
1606 1545 1914 1619 quarum
1950 1545 2083 1592 vos
2116 1521 2324 1616 prin·-

177 1637 388 1732 cipes
419 1646 640 1730 atque
684 1646 1016 1704 auctores
1051 1629 1329 1719 fuistis3
1370 1630 1579 1704 vobis
1620 1655 1873 1704 omnes
1912 1627 2327 1713 societateS,

177 1769 445 1816 omnes
478 1743 808 1830 ordines,
847 1765 1140 1830 omnes,
1201 1744 1333 1839 qui
1364 1757 1491 1814 aut
1522 1767 1643 1831 re,
1679 1755 1805 1813 aut
1844 1764 1973 1838 spe
2004 1737 2323 1834 denique

179 1869 362 1926 sunt
389 1852 658 1942 bonu,
701 1878 918 1924 omne
959 1850 1166 1924 vobis
1209 1876 1381 1950 erga
1416 1877 1649 1924 meam
1703 1851 2129 1948 dignitatem
2168 1861 2320 1918 stu-

181 1961 473 2053 dium⁵,
518 1979 592 2036 et
628 1962 986 2059 judicium
1026 1987 1178 2034 non
1231 1961 1456 2035 modo
1512 1962 2015 2044 commissum,
2070 1981 2323 2030 verum

181 2077 404 2148 etiam
436 2074 1020 2147 commendatum
1057 2098 1214 2145 esse
1252 2072 1697 2145 arbitrantur
1711 2069 1766 2141 ⁶.
1814 2071 2151 2167 Denique
2186 2068 2323 2166 ipsi

181 2186 292 2256 dii
326 2185 766 2265 immortales
785 2239 806 2271 ,
844 2184 974 2283 qui
1010 2183 1196 2255 hanc
1222 2182 1479 2254 urbem
1510 2196 1731 2279 atque
1764 2180 1907 2251 hoc
1936 2181 2323 2278 imperium

185 2310 488 2367 tuentur
507 2348 528 2383 ‚
571 2308 654 2367 ut
710 2308 899 2367 esset
964 2292 1308 2365 omnibus
1374 2290 1713 2392 gentibus
1778 2290 2330 2390 posteritatique

187 2407 657 2503 perspicuum
676 2456 698 2491 ,
731 2404 978 2479 divino
1012 2428 1131 2476 me
1171 2404 1479 2475 numine
1517 2426 1671 2475 esse
1709 2399 2126 2500 reipublicae
2164 2398 2321 2471 red-

184 2515 456 2603 ditum,
495 2514 764 2586 idcirco
801 2513 982 2585 mihi
1032 2512 1373 2587 videntur
1412 2512 1733 2585 fructum
1770 2514 2017 2611 ipsum
2046 2510 2327 2585 reditus

185 2639 264 2696 et
298 2622 798 2722 gratulationis
823 2648 1000 2695 meae
1019 2678 1040 2710 ‚
1072 2622 1162 2695 ad
1189 2648 1491 2697 suorum
1518 2621 1973 2697 sacerdotum
2008 2636 2322 2721 potesta-

186 2751 341 2807 tem
388 2734 888 2832 judiciumque
933 2760 1327 2811 revocasse.
1396 2736 1532 2805 Hic
1593 2748 1703 2805 est
1750 2736 1945 2805 enim
1994 2732 2271 2805 reditus
2302 2787 2323 2818 ,

187 2844 570 2944 pontifices
591 2901 610 2935 ,
663 2845 820 2917 haec
852 2848 1212 2917 resti—tutio
1235 2856 1286 2933 ⁷,
1320 2846 1397 2915 in
1436 2843 1657 2917 domo
1684 2898 1703 2930 ‚
1754 2848 1830 2915 in
1868 2842 2161 2917 sedibus
2188 2896 2209 2929 ,
2249 2844 2330 2915 iu

191 2958 374 3043 aris,
404 2959 482 3027 in
525 2954 741 3042 focis,
787 2956 866 3026 in
899 2954 1036 3026 diis
1080 2953 1465 3052 penatibus
1523 2950 2033 3051 recuperandis
2079 2978 2095 3021 ε
2136 2974 2323 3046 quo-

191 3090 360 3157 rum
392 3068 454 3137 si
481 3069 616 3140 iste
647 3066 794 3139 suis
819 3065 1377 3139 sceleratissimis
1400 3062 1737 3137 manibus
1761 3076 1953 3135 tecta
1974 3058 2329 3157 sedesque
2419 3072 2425 3078 ’

194 3176 578 3266 convellit,
633 3175 1090 3275 ducibusque
1171 3173 1639 3262 consulibus,
1702 3188 2071 3270 tamquam
2142 3168 2329 3241 urbe

266 3394 394 3459 ΓΠ.
426 3427 472 3459 1.
489 3415 652 3472 Forte,
669 3422 730 3461 ut
761 3410 1070 3472 conjiciunt,
1087 3426 1212 3476 pne·
1304 3422 1475 3475 topere
1511 3378 1817 3468 laborarent,
1852 3418 1907 3457 ut
1946 3407 2239 3465 restituerer,
2274 3418 2327 3455 et

195 3489 506 3541 stanti-ssime.
1297 3488 1541 3552 judicium
1557 3524 1576 3551 ‚
1601 3488 1723 3553 quid
1758 3488 1822 3537 do
1844 3504 1923 3537 me
1962 3488 2293 3535 existimarent
2310 3520 2325 3542 ‚

269 3585 321 3617 α.
351 3571 634 3619 Concursus.
651 3569 736 3619 Ad
750 3586 828 3619 me
855 3568 1216 3619 defendendum
1304 3584 1416 3618 eum
1458 3579 1589 3618 tanta
1640 3566 1969 3617 benivolentia
2004 3582 2055 3616 et
2090 3565 2329 3629 applausu

198 3660 248 3698 et
269 3649 642 3699 restituendum.
1306 3650 1588 3699 restitutum
1610 3646 1921 3711 exciperent,
1963 3645 2025 3694 de
2063 3643 2243 3708 quibus
2278 3643 2330 3701 in

272 3729 319 3778 3.
345 3729 576 3793 Canrpm,
617 3729 672 3776 in
699 3744 800 3794 quo
829 3728 892 3776 de
919 3744 1030 3776 meo
1056 3727 1216 3777 reditu
1308 3728 1467 3777 verbis
1491 3725 1899 3793 precedentibus.

200 3808 299 3856 iata
319 3806 402 3855 lex
426 3818 515 3855 eet.
1377 3810 1429 3856 6.
1452 3808 1533 3856 Al.
1552 3806 1936 3855 arbitrabamur.

273 3898 326 3946 Ι..
353 3891 436 3939 ΔΙ.
463 3892 720 3939 mendant
744 3890 897 3939 bona.
1382 3904 1429 3948 7.
1464 3889 1584 3935 Hoec
1624 3884 1879 3933 restitucio.
1908 3887 2035 3933 Tum
2052 3898 2163 3931 vere
2186 3881 2324 3931 resti·

277 3970 329 4019 5.
347 3970 584 4019 studim.
597 3969 818 4021 Studium
828 3984 984 4029 suum,
997 3969 1134 4033 quod
1149 3969 1218 4018 illi
1310 3976 1445 4015 tutus
1467 3965 1698 4024 videbor,
1720 3980 1873 4028 quum
1912 3963 2115 4013 domum
2145 3976 2305 4017 meam
2321 3994 2336 4018 ,

204 4065 316 4113 erga
343 4066 419 4098 me
443 4060 668 4099 testatam
695 4051 936 4108 fecerunt,
949 4064 1100 4113 quum
1121 4060 1222 4097 tan·
1312 4046 1452 4097 sedeo
1466 4060 1835 4111 recuperavero.
