2594 4537
415 270 560 339 AD
608 269 894 358 QUIR.
943 268 1200 339 POST
1247 268 1595 339 REDIT.
1648 272 2055 342 ORATIO.
2167 270 2311 371 319

172 414 332 465 mus
369 378 656 463 'consul
675 445 696 480 ,
750 414 1152 488 numquam
1217 388 1311 461 de
1363 394 1454 483 Q.
1514 393 1813 465 Metello
1874 420 2031 465 nou
2084 396 2312 468 modo

169 508 246 575 C.
283 504 602 591 Marius,
635 502 766 600 qui
795 515 954 573 erat
985 500 1323 575 inimicus
1337 511 1395 589 ²,
1440 500 1569 575 sed
1601 527 1693 575 ne
1724 504 1787 574 is
1822 504 2151 602 quidem,
2184 508 2315 605 qui

168 628 524 711 sequutus
559 628 712 701 est,
745 615 846 683 M.
891 614 1252 685 Antonius
1268 609 1327 700 3,
1368 612 1593 685 homo
1631 613 2309 712 eloquentissimus,

166 748 336 795 cum
371 728 456 794 A.
489 722 758 795 Albino
799 720 1076 821 collega
1115 738 1449 794 senatum
1486 738 1612 795 aut
1641 723 2003 822 populum
2045 740 2156 799 est
2186 750 2315 799 co·
2427 814 2436 827 .

165 834 524 909 hortatus.
567 838 662 906 At
695 858 834 932 pro
861 856 982 905 me
1015 836 1431 931 superiores
1461 832 1799 905 consules
1816 836 1849 885 ‘0
1884 858 2195 933 semper,
2231 850 2317 907 ut

161 942 548 1035 referrent,
580 942 948 1041 efflagitati
969 940 1000 986 ⁵
1040 958 1246 1033 sunt;
1285 942 1413 1015 sed
1452 944 1669 1015 veriti
1708 956 1911 1033 sunt,
1948 968 2045 1017 ne
2074 947 2315 1043 gratiae

159 1078 380 1127 causa
409 1056 646 1127 facere
669 1054 1112 1141 viderentur,
1146 1052 1353 1152 quod
1385 1054 1568 1125 alter
1596 1054 1777 1124 mihi
1814 1051 2095 1126 affinis⁶
2130 1072 2315 1143 erat,

161 1164 462 1239 alterius
517 1188 808 1238 causam
857 1166 1110 1263 capitis
1157 1188 1579 1263 receperam
1608 1176 1635 1223 ⁷
1668 1191 1687 1234 τ
1734 1166 1865 1262 qui
1902 1166 2313 1265 provincia-

155 1301 330 1347 rum
365 1272 644 1349 foedere
677 1276 968 1363 irretiti,
1005 1290 1242 1347 totum
1275 1276 1483 1348 illum
1520 1297 1797 1347 annum
1835 1279 2163 1374 querelas
2200 1303 2311 1351 se-

157 1400 378 1458 natus
399 1442 422 1477 ‚
453 1387 734 1459 luctum
765 1384 1169 1477 bonorum,
1207 1387 1427 1459 Italiae
1452 1392 1803 1486 gemitum
1835 1387 2313 1486 pertulerunt.

155 1497 510 1570 Kalendis
545 1522 720 1569 vero
761 1498 1102 1592 januariis
1123 1550 1144 1589 ‚
1179 1512 1655 1598 posteaquam
1692 1498 1875 1571 orba
1904 1498 2315 1599 respublica

155 1610 482 1682 consulis
516 1608 742 1683 fidem
759 1664 780 1697 ‚
813 1625 1186 1708 tamquam
1211 1608 1513 1710 legitimi
1542 1612 1839 1701 tutori&
1864 1608 2312 1709 imploravit,

227 1880 284 1914 a.
320 1864 454 1912 Bne
475 1860 710 1912 inimicus.
750 1862 958 1913 cauum
981 1860 1190 1911 inimici-

153 1946 336 1993 tiarum
359 1944 468 2009 ipae
487 1944 664 1993 OEoero
684 1942 944 2009 exponit,
977 1941 1066 1991 lib.
1093 1944 1194 2003 111,

151 2025 218 2075 de
237 2024 345 2075 Off.
365 2040 476 2088 cap.
498 2038 589 2073 ao.

229 2106 282 2153 3.
306 2106 381 2153 M.
403 2102 665 2152 Antonius.
682 2104 878 2164 Orator,
898 2102 985 2167 qui
1005 2102 1063 2152 C.
1081 2102 1191 2150 Ma-

159 2184 242 2232 rio
258 2193 456 2232 sextum
471 2182 664 2231 consuli
677 2198 778 2232 una
795 2196 906 2231 cum
924 2182 988 2231 A.
1006 2181 1191 2230 Albino

157 2262 418 2314 succeseit.

229 2354 282 2402 4.
311 2341 598 2406 Superiores
619 2339 854 2390 eonsules.
881 2339 996 2388 Piso
1019 2352 1069 2388 et
1087 2341 1190 2390 Ga-

149 2421 345 2472 binius.
369 2447 444 2460 -—
473 2421 572 2468 Sed
596 2417 747 2470 ‘veriet’
768 2429 910 2482 sune,
939 2430 1036 2469 etc.
1068 2419 1188 2467 Haec

149 2517 246 2566 per
275 2499 490 2548 ironiam
525 2498 773 2547 dicuntur.
814 2495 930 2546 Non
967 2497 1098 2545 enim
1133 2495 1188 2544 id

151 2579 299 2628 veriti
316 2589 458 2640 aunt,
471 2577 558 2626 aed
576 2577 806 2642 pactione
821 2576 1187 2641 provinciarum

151 2659 332 2709 irretiti
345 2693 359 2716 ‚
377 2673 644 2722 numquam
660 2657 839 2704 referre
857 2653 1136 2705 voluerunt.

225 2737 278 2788 5.
306 2735 598 2806 EJJIagitati
611 2747 742 2784 sunt.
764 2733 1184 2804 Al.codicee,flu-

143 2816 314 2882 giuti.
341 2819 400 2866 J.
421 2815 487 2863 V.
511 2817 571 2866 L.

224 2899 278 2946 6.
317 2895 514 2965 Affinis.
549 2895 691 2946 Alter
725 2895 899 2945 consul
935 2892 1050 2945 Piao
1083 2907 1186 2946 erat

151 2979 212 3030 C.
237 2978 436 3028 Pisonis
453 3014 471 3040 ,
497 2977 750 3029 Ciceronis
776 2977 970 3040 generi,
999 2991 1184 3042 cogua-

150 3071 252 3108 ιω.
283 3083 356 3094 —-
385 3055 758 3105 Provincazrum
771 3053 988 3120 foedere.
1035 3055 1186 3120 Quod

149 3137 289 3202 pacti
324 3147 464 3185 erant
501 3153 613 3184 cum
654 3135 858 3184 inimico
902 3135 1184 3198 Ciceronis,

149 3215 354 3266 Clodio.
384 3213 482 3264 nic
500 3216 629 3262 euim
647 3215 874 3274 tribunus
893 3214 963 3279 pl.
980 3214 1188 3279 provin-

149 3298 280 3344 ciam
320 3295 514 3359 Syriam
553 3293 768 3344 Gabinio
785 3328 803 3354 ,
841 3291 1184 3343 Macedoniam

148 3373 321 3425 Pisoni
341 3373 676 3440 spoponderat
693 3409 711 3436 ‚
737 3391 793 3423 ea
821 3373 953 3439 lege,
977 3374 1018 3420 ei
1045 3373 1187 3423 Cice-

151 3471 324 3504 ronem
341 3470 445 3502 nou
464 3453 845 3516 adjuviaaent—
862 3443 1184 3502 Per-uelitum.

148 3537 316 3600 Quia,
351 3550 504 3598 quum
550 3534 690 3598 queri
725 3543 977 3594 eeuattun,
1021 3531 1188 3598 lugere

151 3615 342 3673 bonos,
380 3611 570 3662 Italiam
609 3628 798 3678 gemere
832 3612 1058 3662 viderent
1071 3647 1088 3674 ‚
1125 3611 1186 3660 de

149 3710 226 3742 me
253 3704 414 3742 tamen
439 3691 616 3741 referre
637 3689 922 3742 noluerunt.

222 3789 272 3834 7.
294 3771 506 3821 Causam
521 3769 698 3836 capitis
718 3787 1006 3840 receperam.
1025 3772 1188 3836 App·-

149 3863 224 3900 ret
239 3850 506 3900 Gabinium
523 3885 538 3908 ‚
563 3849 702 3898 illum
730 3847 955 3900 eumdem
973 3851 1060 3914 qui
1081 3849 1188 3914 glo-

147 3931 268 3978 riam
301 3929 525 3996 Pompeii
555 3939 656 3978 tam
689 3930 828 3978 enixe
858 3930 908 3978 in
935 3929 1188 3978 tribunatu

146 4011 373 4072 asseruit,
401 4021 522 4060 tunc
552 4007 787 4073 temporis
825 4005 884 4058 de
911 4009 962 4058 vi
989 4007 1190 4074 collegia

1283 1862 1387 1910 auia
1410 1862 1536 1911 facta
1562 1862 1893 1929 postulatum,
1926 1872 1977 1911 et
2005 1862 2255 1912 defensum
2282 1880 2311 1913 a

1277 1942 1543 2001 Cicerone,
1584 1942 1674 2006 qui
1716 1941 2005 1991 candidatus
2048 1954 2271 2007 pratum
2290 1979 2308 2006 ‚

1275 2021 1501 2085 Pompeii
1528 2021 1727 2085 gratiam
1748 2036 1850 2068 non
1871 2021 2033 2067 minue
2054 2020 2151 2069 hoc
2176 2022 2309 2072 sacto

1277 2100 1513 2163 captarit,
1544 2114 1691 2164 quam
1718 2114 1849 2147 anuo
1876 2098 2103 2163 proximo
2130 2110 2315 2164 pretor

1275 2178 1331 2225 in
1353 2177 1657 2227 defendenda
1674 2178 1780 2242 lege
1796 2177 2019 2236 Manilia,
2038 2177 2125 2225 ubi
2142 2178 2307 2227 hono-

1274 2255 1412 2307 rifice
1455 2256 1721 2308 admodum
1776 2256 1839 2306 de
1879 2255 2093 2305 Gabinio
2133 2257 2309 2306 eodem

1275 2337 1517 2402 loquitur.
1544 2341 1671 2388 Sunt
1695 2347 1743 2386 et
1766 2335 2193 2386 animadvertenda
2222 2338 2308 2388 Ci-

1276 2417 1467 2467 ceronis
1503 2417 1565 2465 de
1600 2415 1814 2466 Gabinio
1840 2415 2020 2465 verba:
2045 2437 2070 2458 ιι
2092 2417 2174 2466 An
2204 2416 2315 2482 ipae

1275 2513 1450 2562 expers
1476 2513 1579 2546 ease
1605 2495 1751 2546 debet
1775 2495 1944 2560 gloria·
1968 2495 2073 2556 eiua
2097 2496 2313 2561 impera-

1275 2577 1414 2638 toria,
1429 2586 1577 2642 atque
1594 2575 1700 2638 eiua
1718 2575 1978 2640 exercitus,
1992 2577 2079 2640 qui
2097 2575 2308 2624 comino

1274 2655 1430 2721 ipsiua
1456 2666 1604 2720 atque
1614 2654 1835 2720 periculo
1862 2665 1936 2703 eet
1957 2655 2315 2704 constitutus--

1274 2738 1392 2800 Quo
1412 2735 1563 2784 verbo
1581 2736 1696 2783 satia
1713 2735 1766 2782 in
1783 2750 2027 2782 summum
2045 2735 2308 2784 discrimen

1273 2815 1517 2865 adductus
1542 2814 1780 2862 Gabinius
1803 2813 2089 2864 declaratur.
2113 2815 2307 2882 Negant

1271 2907 1439 2944 tamen
1461 2889 1783 2942 Marum-lus
1810 2902 1860 2940 et
1882 2889 2097 2940 Wolfiue
2123 2894 2200 2942 bia
2220 2909 2307 2940 ac·-

1273 2985 1495 3022 cusatum
1515 2970 1779 3019 Gabinium
1792 3004 1807 3029 ,
1824 2969 1910 3018 aed
1934 2969 2080 3019 semel
2101 2981 2309 3030 tantum,

1271 3064 1387 3120 poet
1413 3047 1667 3101 Ciceronis
1694 3049 1902 3098 reditum
1922 3083 1936 3107 ,
1964 3065 2117 3113 quum
2142 3049 2309 3097 homi-

1273 3150 1387 3182 uem
1402 3131 1499 3180 eibi
1516 3129 1883 3178 infestissimum
1909 3127 2083 3176 Cicero
2096 3164 2113 3190 ,
2134 3144 2308 3180 recou-

1272 3213 1470 3261 eiliaute
1492 3209 1732 3274 Pompeio
1746 3241 1762 3264 ‚
1793 3209 1847 3255 in
1867 3207 2071 3272 gratiam
2098 3207 2311 3272 recepia-

1273 3302 1363 3341 eet.
1382 3291 1561 3354 Neque
1578 3287 1669 3337 alia
1688 3297 1762 3336 eat
1779 3301 1923 3335 cauea
1938 3321 1954 3346 ,
1985 3302 2073 3335 cur
2098 3297 2311 3351 negent,

1273 3386 1423 3436 quam
1448 3367 1586 3433 qnod
1619 3365 1717 3415 alio
1747 3365 1862 3414 loco
1890 3365 1963 3413 rei
1987 3365 2093 3427 ejua
2118 3365 2309 3415 mentio

1271 3466 1379 3499 nou
1401 3447 1617 3498 occurrit
1628 3462 1643 3505 3
1656 3443 1893 3493 audacior
1904 3445 2135 3504 wolfius,
2152 3459 2307 3510 quum

1273 3531 1321 3578 ei
1366 3525 1560 3594 opponi
1604 3525 1845 3573 Sextianer.
1888 3523 2124 3572 orationis
2170 3523 2314 3570 locun

1274 3609 1433 3674 possit
1449 3643 1465 3669 ‚
1514 3605 1747 3653 lectorem
1794 3613 1962 3651 mouet
1976 3637 1993 3664 ‚
2045 3610 2311 3666 corruptos

1276 3687 1475 3738 codices
1492 3701 1593 3734 ease
1606 3718 1621 3746 ,
1646 3695 1696 3732 et
1712 3699 1806 3748 pro
1822 3681 2030 3730 »nutavit
2045 3679 2309 3744 legendum

1275 3765 1498 3816 mutabit.
1517 3767 1593 3814 Ita
1610 3775 1666 3812 ut
1682 3763 1983 3828 preteritum
2008 3759 2190 3809 sacuam
2210 3759 2309 3809 levi

1275 3846 1367 3896 hac
1410 3845 1731 3895 conversione
1770 3841 1824 3891 in
1863 3843 2081 3892 futurum
2120 3853 2313 3906 tempus
2410 3899 2421 3904 -

1277 3925 1529 3986 amandet,
1560 3924 1831 3974 felicissima
1864 3923 2061 3988 quidem
2094 3919 2314 3972 historie

1278 4006 1579 4073 corrigendae
1607 4003 1858 4054 facilitate!
