2594 4537
838 316 1490 395 ARGUMENTU
1507 317 1604 384 M.
2147 316 2290 388 263

232 433 465 494 favente
500 445 561 494 et
583 453 691 512 per
718 433 935 514 legatos
970 437 1253 516 plurimos
1289 436 1728 519 congratulante
1767 437 1926 496 omni
1963 402 2297 511 ltaliaJoh-

228 530 505 610 viamque
532 531 717 592 effusa
748 531 893 592 urbe
934 534 1011 594 ad
1050 548 1516 598 conservatorem
1562 553 1732 596 suum
1771 534 2293 614 complectendum.

228 631 353 688 Pro
379 631 539 692 Sext.
570 648 621 687 c.
652 629 768 703 633
797 629 859 694 in
885 630 999 690 Pis.
1026 653 1079 690 c.
1109 650 1203 694 υ.

322 726 519 788 Prima
533 727 587 788 ei
611 726 810 792 reduci
829 749 975 791 cura
1000 730 1135 804 fuit,
1160 742 1227 792 ut
1251 729 1473 794 reditus
1498 729 1722 794 auctori
1749 729 1972 790 senatui
1989 749 2057 792 ac
2085 729 2297 791 deinde

228 824 459 904 populo
506 825 718 904 gratias
769 833 983 906 ageret.
1032 831 1400 906 Quamquam
1449 839 1644 890 tamen
1689 827 1953 890 ordinem
1995 826 2152 888 hunc
2203 827 2292 886 di-

230 919 406 978 cendi
442 934 501 979 et
536 922 799 982 nonnulli
826 922 1087 997 codices,
1128 938 1188 983 et
1214 926 1328 985 Dio
1355 924 1578 996 Hister.
1601 927 1894 1000 xxm,
1926 943 2000 1002 9,
2039 934 2098 982 et
2127 924 2290 1004 quod

230 1035 414 1094 grave
446 1017 725 1077 indicium
752 1032 865 1092 est,
910 1021 1037 1099 ipse
1076 1022 1283 1081 Cicero
1321 1020 1393 1080 ad
1427 1025 1546 1080 Att.
1575 1025 1688 1093 lv,
1727 1042 1750 1078 ι
1771 1063 1788 1093 ,
1835 1021 2290 1090 confirmaverit,

234 1113 505 1193 plerique
548 1119 740 1174 tamen
776 1116 1027 1177 editores
1056 1119 1608 1184 interturbaverunt.
1661 1117 1914 1195 Liquido
1953 1130 2142 1180 tamen
2179 1117 2298 1177 hoc

234 1231 311 1269 ex
343 1211 641 1271 Ciceronis
670 1213 915 1292 epistola
944 1213 1019 1273 ad
1046 1217 1332 1289 Atticum,
1375 1217 1480 1284 lv,
1515 1236 1538 1272 r
1557 1257 1576 1287 ,
1604 1226 1857 1282 constat,
1896 1214 1957 1272 in
1987 1233 2103 1292 qua
2133 1226 2300 1293 post-

236 1325 420 1385 quam
452 1306 563 1368 iter
594 1329 700 1388 per
731 1310 959 1368 Italiam
983 1309 1321 1392 descripsit,
1351 1337 1376 1364 «
1399 1309 1494 1371 Ad
1521 1309 1761 1382 urbem,
1783 1309 2003 1388 inquit,
2027 1308 2108 1368 ita
2133 1310 2300 1368 veni·

232 1418 301 1463 nt
322 1423 496 1463 nemo
514 1405 687 1464 ullius
712 1406 933 1466 ordinis
952 1407 1131 1467 homo
1154 1408 1572 1468 nomenclatori
1601 1420 1777 1466 notus
1797 1407 2006 1475 fuerit,
2034 1407 2139 1483 qui
2155 1407 2300 1466 mihi

232 1497 471 1559 obviam
496 1519 615 1559 non
644 1503 905 1577 venerit,
934 1518 1147 1582 praeter
1170 1525 1273 1570 eos
1301 1505 1592 1578 inimicos,
1618 1501 1834 1583 quibus
1857 1502 1920 1562 id
1951 1503 2145 1582 ipsum
2175 1521 2298 1561 non

236 1597 474 1669 liceret,
501 1611 604 1656 aut
628 1598 1014 1673 dissimulare,
1038 1615 1139 1661 aut
1167 1621 1400 1680 negare.
1428 1606 1626 1675 Quum
1650 1601 1936 1660 venissem
1967 1597 2039 1658 ad
2069 1613 2302 1678 portam

234 1697 567 1772 Capenam,
614 1692 825 1772 gradus
856 1697 1205 1776 templorum
1235 1697 1311 1758 ab
1357 1699 1556 1756 infima
1585 1695 1757 1776 plebe
1795 1696 2068 1777 completi
2100 1708 2298 1768 erant;

232 1809 269 1848 a
309 1808 463 1866 qua,
500 1789 709 1866 plausu
735 1793 1019 1864 maximo,
1040 1813 1221 1871 quum
1256 1805 1406 1853 esset
1432 1793 1575 1857 mihi
1601 1793 1908 1871 gratulatio
1942 1791 2256 1872 significata
2277 1839 2295 1868 ‚

232 1885 439 1946 similis
465 1898 526 1945 et
555 1887 880 1965 frequentia
924 1901 983 1948 et
1018 1891 1255 1970 plausus
1284 1910 1378 1952 me
1407 1911 1590 1970 usque
1629 1889 1704 1949 ad
1742 1890 2094 1970 Capitolium
2137 1891 2295 1950 cele-

231 1981 455 2055 bravit‚
499 1982 559 2040 in
592 1983 839 2062 foroque
864 1997 924 2044 et
955 1985 1017 2044 in
1047 1987 1178 2065 ipso
1205 1987 1494 2066 Capitolio
1521 1985 1784 2060 miranda
1809 1985 2118 2046 multitudo
2159 1986 2290 2045 fuit.

228 2079 525 2140 Postridie
553 2079 615 2138 in
642 2095 877 2151 senatu,
920 2083 1025 2160 qui
1056 2083 1165 2142 fuit
1198 2082 1322 2142 dies
1352 2102 1489 2141 non.
1519 2081 1798 2164 septemb.
1825 2084 2049 2140 senatui
2082 2083 2298 2160 gratias

232 2177 479 2256 egimus.
508 2181 595 2236 Eo
611 2176 796 2236 biduo
818 2199 998 2257 quum
1020 2192 1169 2240 esset
1194 2199 1438 2242 annonae
1467 2197 1690 2238 summa
1717 2177 1924 2238 caritas
1949 2191 2010 2237 et
2025 2177 2295 2238 homines

233 2274 311 2333 ad
342 2275 631 2335 theatrum
656 2276 847 2354 primo
862 2320 879 2350 ,
912 2276 1123 2337 deinde
1156 2276 1231 2337 ad
1263 2288 1528 2337 senatum
1551 2277 1980 2337 concurrissent
1997 2320 2015 2349 ,
2042 2277 2301 2355 impulsu

234 2371 458 2444 Clodii3
486 2391 613 2432 mea
636 2393 817 2452 opera
843 2374 1117 2435 frumenti
1142 2376 1400 2454 inopiam
1425 2394 1549 2435 esse
1575 2376 1921 2447 clamarent3
1973 2392 2156 2451 quum
2195 2394 2301 2452 per

236 2488 339 2529 eos
360 2469 487 2528 dies
508 2482 741 2529 senatus
768 2470 844 2530 de
868 2490 1101 2531 annona
1128 2470 1466 2540 haberetur,
1492 2483 1552 2531 et
1571 2471 1647 2531 ad
1673 2472 1798 2550 ejus
1827 2471 2300 2550 procurationem

235 2584 499 2625 sermone
529 2585 649 2625 non
680 2568 867 2627 solum
892 2567 1079 2647 plebis
1099 2611 1117 2642 ,
1156 2588 1364 2629 verum
1402 2569 1577 2628 etiam
1619 2568 1946 2641 bonorum,
1989 2568 2302 2646 Pompeius

234 2674 565 2734 vocaretur,
591 2662 767 2741 idque
808 2664 931 2743 ipse
958 2675 1234 2744 cuperet,
1266 2663 1696 2743 multitudoque
1726 2684 1762 2723 a
1802 2684 1896 2723 me
1930 2664 2265 2723 nominatim
2289 2707 2305 2733 ,

238 2772 303 2817 ut
326 2757 388 2816 id
420 2757 821 2833 decernerem,
848 2762 1207 2839 postularet:
1233 2761 1374 2834 feci,
1401 2773 1461 2820 et
1487 2772 1752 2820 accurate
1779 2762 2123 2821 sententiam
2146 2760 2304 2834 dixi,

237 2874 419 2933 quum
444 2853 709 2915 abessent
729 2858 1089 2928 consulares,
1121 2858 1284 2936 quod
1316 2871 1441 2917 tuto
1475 2878 1536 2917 se
1567 2870 1848 2936 negarent
1872 2878 2042 2937 posse
2067 2870 2302 2916 senten-

238 2954 378 3012 tiam
409 2940 635 3029 dicere,
659 2968 874 3034 praeter
900 2957 1225 3017 Messallam
1255 2970 1317 3016 et
1346 2956 1674 3017 Afranium.
1711 2960 1948 3015 Factum
1973 2968 2062 3025 est
2091 2958 2302 3017 SCtum

238 3050 301 3109 in
347 3068 533 3109 meam
563 3052 903 3111 sententiam
926 3094 945 3127 ,
976 3066 1044 3112 ut
1073 3074 1205 3113 cum
1243 3054 1528 3134 Pompeio
1571 3066 1870 3131 ageretur,
1907 3064 1974 3110 ut
2020 3070 2148 3110 eam
2179 3070 2302 3111 rem

241 3148 560 3226 susciperet
579 3192 597 3221 ,
639 3149 848 3227 lexque
890 3150 1173 3223 ffirretur3
1229 3170 1348 3228 quo
1389 3150 1449 3208 in
1478 3149 1760 3208 concione
1803 3147 2077 3219 recitato,
2121 3166 2304 3225 quum

248 3245 507 3324 populus
523 3288 543 3319 ,
586 3264 751 3303 more
778 3244 891 3305 hoc
918 3246 1137 3305 insulso
1167 3260 1227 3305 et
1255 3264 1445 3320 novo,
1472 3246 1758 3324 plausum,
1785 3263 1918 3303 meo
1943 3242 2178 3302 nomine
2203 3262 2303 3301 re·-

246 3340 499 3414 citando,
530 3341 781 3401 dedisset
804 3365 821 3416 3
850 3340 1033 3419 habui
1060 3343 1640 3401 concionemzomnes
1667 3341 2029 3419 magistratus
2051 3359 2305 3419 praesen-

244 3450 353 3511 tes,
382 3451 597 3517 prater
626 3457 805 3497 unum
830 3452 1140 3519 praetorem
1171 3451 1231 3498 et
1262 3438 1412 3498 duos
1435 3438 1702 3498 tribunos
1726 3436 1916 3517 plebis
1942 3435 2234 3496 dederunt
2247 3462 2298 3493 ι.

318 3539 453 3593 Non
476 3533 665 3593 minus
689 3534 845 3593 clare
871 3535 1053 3613 liquet
1072 3534 1394 3593 orationem
1415 3534 1564 3592 banc
1594 3531 1668 3591 ad
1692 3544 1956 3591 senatum
1989 3530 2064 3590 de
2085 3532 2305 3610 scripto

242 3628 453 3690 dixisse
480 3631 821 3691 Ciceronem
842 3674 860 3704 ,
915 3653 1099 3710 quum
1129 3652 1256 3691 eam
1292 3651 1402 3711 pro
1443 3632 1713 3704 Plancio,
1755 3650 1884 3710 cap.
1915 3632 2024 3698 30,
2069 3628 2305 3689 recitari

238 3724 442 3804 jubeat
473 3727 567 3785 his
587 3725 783 3787 verbis
807 3750 821 3785 ε
848 3754 873 3781 ι
890 3728 1049 3788 Nihil
1074 3748 1165 3787 me
1192 3728 1370 3801 novi,
1387 3726 1534 3785 nihil
1561 3728 1838 3806 temporis
1869 3744 2042 3783 causa
2073 3723 2300 3798 dicere,

246 3841 437 3881 nonne
464 3814 642 3881 etiam
669 3823 767 3883 illa
794 3826 950 3884 testis
976 3837 1065 3884 est
1094 3825 1318 3898 oratio,
1347 3844 1478 3902 quae
1504 3837 1592 3883 est
1617 3844 1652 3882 a
1679 3844 1772 3882 me
1800 3822 1986 3902 prima
2013 3820 2211 3881 habita
2243 3822 2307 3879 in

246 3932 463 3978 senatu.
491 3924 563 3979 In
585 3938 703 3997 qua
729 3940 909 3997 quum
935 3924 1243 3999 perpaucis
1264 3920 1603 3980 nominatim
1625 3922 1864 3998 egissem
1893 3918 2122 3997 gratias,
2145 3917 2303 3995 quod

248 4034 441 4076 cinnes
469 4018 795 4076 enumerari
825 4019 987 4077 nullo
1012 4018 1189 4078 modo
1215 4029 1484 4099 possent,
1506 4018 1691 4078 scelus
1719 4030 1908 4076 autem
1933 4027 2080 4073 esset
2105 4032 2304 4093 quem·
