2594 4537
451 262 708 331 PosT
755 258 1097 327 REmT.
1143 258 1252 329 IN
1302 208 1520 329 SEN.
1574 258 1983 328 ORATlo.
2146 258 2289 333 303

117 386 636 484 deposceret3
695 396 938 453 tamen
993 402 1399 475 numquam
1422 376 1453 424 ⁸
1524 402 1661 451 nec
1716 380 2291 477 magnitudinem

115 496 416 593 negotii
440 547 461 580 ‚
509 516 646 565 nec
676 490 1144 562 solitudinem
1171 512 1377 560 suam
1396 501 1453 577 9,
1486 513 1622 560 nec
1652 490 1795 559 vim
1824 491 2285 585 inimicorum

119 630 222 677 ac
291 603 434 675 tela
493 602 888 700 pertimuit.
949 598 1150 671 Alter
1212 596 1352 669 fuit
1410 613 1912 697 propugnator
1962 626 2289 690 mearum

119 712 640 797 fortunarum,
686 723 762 781 et
803 706 1144 782 defensor
1185 706 1546 794 assiduu5‚
1590 730 1875 781 summa
1914 712 2177 785 virtute
2217 726 2291 786 et

121 827 452 921 pietate,
489 827 569 894 C.
611 824 774 893 Piso
796 873 817 906 ‚
853 842 1118 917 gener:
1157 824 1287 917 qui
1330 820 1558 890 minas
1594 822 2053 895 inimicorum
2086 848 2287 899 meo·-

119 956 307 1003 rum
327 984 350 1019 ‚
393 935 522 1029 qui
571 931 986 1003 inimicitias
1030 927 1266 1004 affinis
1306 929 1487 1017 mei,
1527 932 1918 1030 propinqui
1946 935 2089 1024 sui,
2122 960 2291 1007 con-

124 1041 324 1113 sulis
352 1050 444 1129 ¹⁰,
483 1042 610 1139 qui
658 1042 976 1111 Pontum
1017 1053 1092 1111 et
1138 1037 1546 1136 Bithyniam
1587 1056 1905 1137 quaestor
1950 1068 2087 1143 pro
2128 1072 2291 1118 mea

123 1152 377 1224 salute
423 1150 854 1249 neglexitu.
899 1149 1094 1221 Nihil
1136 1172 1487 1249 umquam
1532 1166 1823 1225 senatus
1874 1151 1965 1225 de
2015 1159 2088 1227 P.
2146 1160 2285 1228 Po·-

127 1262 352 1361 pillio
387 1260 747 1350 decrevit3
803 1283 1212 1356 numquam
1255 1262 1334 1330 in
1385 1259 1527 1331 hoc
1576 1257 1835 1332 ordine
1881 1265 1970 1353 Q.
2013 1266 2287 1337 Metelli

123 1373 424 1444 mentio
483 1370 672 1442 facta
726 1384 856 1443 est.
917 1369 1339 1441 Tribunitiis
1386 1384 1557 1442 sunt
1597 1370 1701 1442 illi
1750 1372 2249 1469 rogationibus
2267 1428 2289 1464 ,

125 1481 541 1555 interfectis
595 1482 1014 1570 inimicis¹²,
1074 1481 1392 1578 denique
1449 1481 1650 1553 nulla
1710 1484 2135 1555 auctoritate
2183 1510 2289 1557 se-

129 1608 400 1681 natuS,
456 1590 816 1681 restituti;
867 1615 1100 1689 quum
1149 1591 1335 1663 alter
1386 1616 1640 1665 eorum
1690 1595 1969 1668 senatui
2008 1598 2289 1693 paruis-

97 1692 252 1773 'set
272 1700 365 1791 ¹³,
397 1701 580 1775 alter
602 1703 747 1772 vim
779 1700 1196 1798 caedemque
1225 1692 1525 1798 fugisset
1546 1704 1629 1772 ¹⁴.
1664 1706 1843 1775 Nam
1872 1708 1953 1775 C.
1988 1703 2286 1803 quidem

127 1814 458 1898 Maxim,
513 1814 644 1909 qui
701 1810 842 1884 hac
888 1810 1275 1886 hominum
1333 1814 1680 1886 memoria
1730 1814 1983 1887 tertius
2008 1810 2075 1857 ¹⁵
2116 1830 2285 1889 ante

131 1948 260 2000 me
309 1922 716 1996 consularis
739 1976 760 2010 ‚
812 1936 1234 2021 tempestate
1287 1922 1477 1995 civili
1533 1923 1881 2020 expulsus
1928 1942 2039 1998 est
2059 1980 2079 2014 ,
2130 1952 2285 1999 non

135 2032 370 2107 modo
405 2058 450 2103 a
485 2047 738 2105 senatu
774 2057 926 2103 non
963 2048 1071 2104 est
1103 2034 1524 2115 restitutuS‚
1562 2033 1690 2103 sed
1723 2032 1962 2104 reditu
2005 2060 2139 2106 suo
2182 2060 2288 2107 se-

61 2164 70 2171 ·
135 2160 402 2215 natum
449 2156 796 2214 cunctum
831 2166 1038 2241 paene
1072 2140 1360 2213 delevit.
1388 2140 1599 2211 Nulla
1628 2139 1719 2212 de
1752 2142 1890 2213 illis
1918 2146 2287 2240 magistra-

137 2268 358 2328 tuum
385 2250 770 2326 con'sensio
790 2308 810 2344 ‚
839 2252 1039 2325 nulla
1071 2251 1164 2324 ad
1197 2249 1725 2350 rempublicam
1758 2250 2287 2327 defendendam

139 2364 408 2464 populi
467 2365 752 2436 romani
819 2363 1246 2435 convocatio
1275 2414 1296 2451 ,
1367 2360 1615 2433 nullus
1667 2361 1885 2436 Italiae
1910 2360 1991 2446 ¹⁶,
2020 2377 2287 2453 motus„

213 2591 270 2641 8.
303 2590 488 2636 Tamen
502 2587 1166 2656 numquam-Multiexpnn·
1257 2586 1494 2650 quicum
1527 2587 1608 2636 Τί.
1645 2587 1875 2637 Graccho
1914 2603 2283 2655 consenserant,

139 2679 265 2735 gunt
291 2679 482 2716 tamen.

211 2767 265 2811 9.
293 2747 405 2795 Nec
421 2743 736 2793 solitudinem
752 2760 910 2793 suam.
935 2745 1047 2794 Hoc
1072 2757 1171 2806 cat,

141 2827 258 2891 qnia
275 2826 408 2874 solus
425 2841 578 2872 meam
597 2823 770 2888 agebat
789 2839 985 2872 canaam
1007 2835 1056 2872 et
1070 2839 1169 2890 pro

139 2923 220 2958 me
239 2903 610 2970 deprecabatur.

221 2999 306 3032 xo.
344 2980 580 3030 Consulis.
611 2981 729 3030 Em.
757 2978 1052 3035 consularis,
1082 2981 1171 3044 qui

143 3078 284 3112 error
303 3077 334 3109 e
353 3060 490 3125 typis
511 3069 654 3108 natm
681 3057 890 3107 videtur.
917 3060 952 3107 J
955 3095 968 3108 .
983 3059 1051 3108 V.
1076 3060 1132 3108 L.

221 3157 242 3188 1
256 3157 304 3189 ι.
357 3139 480 3186 Μαι
517 3137 678 3186 saluca
717 3135 954 3202 neglexit.
1005 3139 1171 3201 Qnmn

143 3231 364 3285 qnaeator
389 3217 702 3282 proconsuli,
726 3227 784 3265 nt
809 3217 864 3265 in
889 3218 1100 3265 Pontum
1122 3227 1174 3266 ct

143 3297 430 3364 Bithyniam
459 3297 580 3356 iret,
609 3292 901 3345 obveniant.
939 3295 1022 3344 Ad
1055 3296 1170 3344 niv.

143 3379 233 3428 lib.
253 3381 403 3438 ΧΠ,
422 3393 501 3441 ep.
533 3392 555 3424 1
585 3389 600 3425 ε
625 3397 650 3418 ιι
664 3375 856 3424 Pisonis
871 3375 1172 3440 humanitas,

145 3459 302 3506 vii-tna
321 3493 336 3516 ‚
357 3471 496 3504 amor
516 3455 568 3503 in
589 3471 759 3504 omnen
777 3471 870 3503 noa
895 3465 1058 3504 tantm
1075 3466 1175 3515 cat,

143 3550 200 3587 nt
225 3536 356 3585 nihil
381 3551 528 3602 supra
555 3551 658 3583 cane
683 3533 856 3599 pouit.
891 3535 1091 3582 Utinam
1117 3547 1174 3583 οι

145 3637 224 3666 rea
258 3619 306 3665 ei
348 3615 594 3680 voluptati
628 3615 694 3665 ait
722 3631 737 3663 =
776 3615 946 3680 gloriae
975 3611 1174 3679 quidem

145 3699 294 3746 video
319 3697 424 3744 fore
440 3717 486 3745 ¹·-
525 3753 530 3764 ⁵

225 3791 312 3826 ιο.
344 3777 439 3823 lat.
465 3772 689 3822 inimicis.
729 3772 938 3822 Inimico
981 3769 1178 3837 Popillii

147 3856 208 3905 C.
231 3853 488 3910 Graccho,
509 3850 700 3901 Metelli
717 3853 774 3899 L.
799 3852 1080 3900 Saturnino.

229 3951 248 3982 ι
263 3936 310 3982 3.
363 3930 571 3980 δεκαετεῖ
617 3930 867 3994 panai-«see.
924 3929 1179 3993 Popillius.

155 4011 358 4076 Contuli
387 4023 582 4060 aenatna
607 4009 958 4066 mandarat‚nt
991 4011 1040 4055 in
1067 4023 1182 4066 eoa,

1258 2683 1394 2715 more
1420 2667 1660 2728 majorum
1686 2667 2109 2720 animadverteret.
2136 2671 2281 2720 Vale·

1260 2747 1381 2806 rina,
1397 2744 1489 2794 lib.
1510 2747 1602 2807 IV,
1621 2761 1729 2810 cap.
1750 2764 1796 2807 7.
1822 2748 1979 2810 Quum
2004 2765 2098 2813 pro
2128 2767 2278 2814 quum

1255 2835 1421 2874 tamen
1444 2858 1462 2883 ,
1509 2824 1613 2873 etsi.
1657 2828 1733 2873 Ita
1766 2825 1875 2874 aliia
1921 2843 2117 2892 qnoque
2156 2830 2281 2881 loeis

1257 2904 1512 2954 Ciceronis
1537 2904 1767 2952 occurrit.
1800 2904 1947 2956 Catil.
1976 2909 2025 2954 11
2041 2942 2057 2966 ,
2086 2925 2197 2976 cap.
2232 2929 2279 2974 7.

1255 2984 1353 3031 Pro
1374 2981 1591 3040 Milone,
1620 2997 1728 3046 cap.
1753 2983 1841 3032 23.

1335 3068 1414 3116 14.
1438 3059 1956 3126 Coedcmquefiegissct.
1975 3065 2039 3127 Q.
2054 3067 2285 3119 Metellus

1257 3138 1549 3189 Numidicus
1566 3139 1695 3203 sugit
1710 3139 1812 3186 vim
1829 3141 2075 3190 Saturnini
2095 3147 2281 3198 tribuni

1255 3218 1418 3283 plebia
1450 3227 1597 3282 atque
1633 3216 1756 3265 adeo
1794 3219 1855 3268 C.
1892 3220 2037 3269 Marii
2050 3257 2065 3281 ,
2103 3227 2282 3290 septica

1257 3295 1475 3345 consuli»
1490 3329 1505 3354 ,
1547 3295 1636 3360 qui
1677 3305 1796 3342 tnnc
1838 3295 2085 3348 Saturnini
2122 3316 2285 3365 partes

1258 3375 1547 3437 adiuvabat,
1595 3383 1875 3438 vetet-caque
1924 3394 2035 3427 cnm
2077 3383 2283 3434 Metello

1259 3453 1539 3502 inimicitias
1561 3453 1827 3504 exercebat.

1339 3533 1418 3580 15.
1441 3532 1684 3580 Memoria
1700 3533 1885 3583 tertius.
1907 3536 2093 3586 Pristim
2112 3541 2281 3605 Popil-

1257 3612 1387 3672 liua,
1411 3611 1531 3660 alter
1556 3610 1814 3672 Metellus,
1846 3613 1926 3662 illc
1953 3616 2011 3665 C.
2036 3617 2245 3667 Gracchi
2266 3654 2282 3680 ‚

1261 3691 1345 3739 hic
1377 3693 1431 3741 1..
1465 3691 1715 3740 Saturnini
1748 3691 1987 3742 seditione
2016 3697 2281 3759 expulsus:

1269 3770 1441 3818 tertius
1452 3772 1556 3836 ipae
1578 3769 1785 3830 Mariua,
1804 3786 1955 3833 quum
1968 3773 2117 3822 suuae
2129 3777 2286 3826 victo-

1270 3851 1338 3898 ria
1355 3866 1483 3898 arma
1506 3851 1644 3914 sugit.
1668 3850 1752 3899 Ad
1770 3850 2015 3916 Quirites,
2040 3871 2149 3919 cap.
2177 3859 2226 3906 3.

1348 3929 1427 3977 16.
1454 3929 1626 3977 Nullus
1644 3929 1806 3976 Italia·
1826 3943 1993 3980 motus.
2017 3934 2098 3981 Ad
2121 3937 2293 3999 Quiri·

1270 4018 1368 4066 tea,
1398 4024 1504 4073 cap.
1528 4017 1577 4065 '⁴-
