2594 4537
312 279 441 352 192
940 247 1034 322 Μ.
1088 254 1167 321 Τ.
1222 253 1799 323 CICERONIS

301 375 684 462 henderat,
719 387 793 446 et
828 388 1033 446 acute
1076 387 1293 446 testes
1325 373 1846 472 interrogabat,
1891 387 2018 447 aut
2039 375 2446 449 circumve-

300 485 596 574 niebat;
656 482 955 556 fortasse
1009 481 1315 556 fecistis‘7
1355 499 1428 555 et
1475 499 1556 555 tu
1580 539 1599 573 ,
1637 498 1708 555 et
1741 485 2000 583 populi
2039 510 2314 576 sermo,
2350 511 2449 558 ne

303 599 692 694 exciperes.
727 591 1005 665 Idcirco
1043 587 1492 665 Decianum8
1531 619 1764 692 usque
1799 593 1891 665 ad
1925 619 2270 666 coronam
2309 622 2448 694 ap-

302 705 681 804 plicuisti9.
724 701 865 775 Sed
890 757 909 792 ,
949 717 1029 773 ut
1063 701 1205 775 hoc
1233 703 1616 774 verisimile
1659 717 1798 792 est,
1836 705 1935 775 ita
1962 704 2156 776 haud
2192 707 2445 778 verisi-

301 815 505 904 mile,
550 817 948 885 Decianum
980 838 1021 884 a
1059 813 1312 886 Flacco
1340 839 1493 886 esse
1523 829 1974 912 corruptum.
2005 819 2112 885 Ita
2139 816 2400 886 scitote
2425 869 2448 904 ,

296 923 613 1020 judices,
660 947 813 995 esse
844 937 1117 995 cetera:
1161 924 1274 994 vel
1303 925 1504 1021 quod
1531 927 1628 995 ait
1650 924 2003 996 Lucceius
2023 935 2122 1013 ¹⁰,
2149 928 2230 996 L.
2252 925 2453 998 Flac-

304 1057 471 1104 cum
500 1031 638 1103 sibi
683 1031 853 1102 dare
896 1033 1208 1130 cupisse,
1248 1048 1331 1103 ut
1361 1059 1402 1105 a
1441 1031 1584 1105 fide
1627 1057 1704 1105 se
1741 1032 2162 1124 abduceret,
2193 1051 2453 1108 sester-

303 1143 482 1214 tium
520 1142 755 1214 vicies.
798 1147 889 1212 Et
926 1167 1092 1212 eum
1130 1157 1210 1215 tu
1244 1167 1532 1215 accusas
1579 1144 1888 1215 avaritiae
1918 1197 1938 1232 ‚
1999 1169 2218 1243 quem
2263 1143 2451 1218 dicis

308 1253 717 1326 sestertium
774 1253 987 1324 vicies
1034 1251 1344 1326 voluisse
1404 1252 1760 1352 perdere?
1811 1257 1994 1325 Nam
2037 1253 2217 1352 quid
2253 1279 2454 1326 eme-

304 1364 463 1452 bat,
500 1387 730 1460 quum
765 1377 836 1434 te
884 1362 1211 1434 emebat?
1246 1377 1329 1436 ut
1365 1363 1458 1436 ad
1491 1388 1566 1436 se
1604 1365 1943 1436 transires
1973 1363 2002 1434 ?
2037 1389 2256 1462 quam
2286 1390 2456 1462 par·

308 1489 453 1545 tem
493 1482 793 1545 causae111
839 1471 971 1544 tibi
1007 1473 1389 1546 daremus?
1418 1478 1531 1545 An
1573 1490 1656 1545 ut
1693 1475 2108 1546 enuntiares
2151 1474 2454 1546 consilia

308 1583 504 1653 Laelii
532 1583 562 1653 ἱ)
594 1583 721 1680 qui
763 1597 977 1654 testes
1014 1581 1106 1654 ab
1138 1609 1227 1655 eo
1279 1582 1729 1681 prodirent¹²
1761 1586 1791 1656 ἱ)
1850 1583 2081 1674 Quid,
2121 1609 2258 1656 nos
2293 1611 2458 1658 non

202 1709 209 1715 ’
308 1691 733 1764 videbamus
760 1690 1087 1764 habitare
1115 1692 1563 1792 una¹³?quis
1596 1695 1734 1767 boc
1766 1696 2038 1767 nescit?
2074 1695 2352 1768 tabulas
2368 1699 2458 1768 in

305 1801 500 1873 Laelii
534 1816 889 1900 potestate
925 1800 1173 1888 fuisse,
1211 1827 1391 1874 num
1419 1803 1727 1876 dubium
1759 1805 1904 1876 est?
1928 1810 2076 1893 An,
2106 1829 2201 1877 ne
2226 1805 2462 1878 vehe-

310 1927 621 1999 menter,
664 1937 755 1983 ne
812 1918 1101 2012 copiose
1152 1915 1572 1986 accusares?
1627 1920 1839 1987 Nunc
1884 1913 2058 1987 facis
2105 1916 2462 2013 suspicio-

305 2025 586 2092 nem14.
629 2025 735 2092 Ita
768 2025 963 2094 enim
1002 2021 1283 2114 dixisti,
1314 2038 1399 2096 ut
1440 2026 1688 2096 nescio
1723 2023 1903 2123 quid
1944 2024 2072 2096 abs
2111 2040 2182 2097 te
2224 2026 2462 2124 impe·-

307 2147 578 2203 tratum
606 2157 759 2205 esse
798 2132 1145 2206 videatur.

398 2246 720 2316 XXXIV.
772 2253 865 2315 At
910 2247 1101 2317 enim
1157 2244 1484 2318 Androni
1537 2247 1834 2319 Sextilio
1893 2247 2125 2347 gravis
2177 2246 2458 2343 injuria

307 2352 494 2425 facta
537 2368 680 2440 est,
722 2368 797 2425 et
836 2378 989 2425 non
1035 2353 1334 2427 ferenda
1378 2384 1394 2427 ε
1458 2357 1696 2456 quod,
1735 2384 1964 2456 quum
2023 2373 2206 2431 esset
2260 2384 2464 2431 uxor

309 2465 465 2559 ejus
482 2461 765 2534 Valeria
778 2466 1121 2535 intestato
1144 2482 1434 2538 mortua
1451 2523 1470 2557 ,
1489 2470 1589 2540 sic
1614 2473 1756 2568 egit
1773 2494 1930 2541 eam
1946 2494 2099 2542 rem
2125 2474 2178 2539 F
2181 2469 2464 2557 laccuS,

310 2576 518 2672 quasi
552 2572 641 2644 ad
674 2574 913 2671 ipsum
943 2574 1302 2649 hereditas
1331 2580 1749 2676 pertineret.
1787 2585 1873 2651 In
1904 2588 2094 2676 quo1
2127 2576 2304 2677 quid
2333 2604 2464 2651 re·

393 2822 419 2867 7
432 2838 444 2851 .
468 2802 901 2871 Fortassejbczktis.
923 2809 1143 2855 Fortasse
1157 2807 1338 2855 accidit

324 2900 387 2934 ex
414 2896 503 2933 tuo
524 2896 659 2933 metu
678 2900 735 2934 se
752 2885 927 2950 populi
946 2885 1139 2947 judicio
1152 2921 1169 2948 ,
1194 2903 1257 2935 ne
1280 2898 1340 2935 tu

314 2965 389 3013 im
413 2964 671 3012 succedere
705 2964 875 3012 velles.
914 2966 994 3013 Sic
1018 2964 1181 3013 locum
1204 2965 1340 3015 hunc

321 3040 667 3092 difficillimum
693 3044 1040 3107 interpretatur
1072 3044 1341 3109 praeclaris-

317 3124 468 3172 simus
490 3124 569 3171 vir
591 3124 643 3171 J.
668 3123 736 3171 V.
765 3120 961 3169 Leclerc
979 3141 999 3179 ,-
1046 3124 1195 3171 ceteri
1236 3140 1342 3171 om-

315 3218 419 3260 ncs,
435 3216 547 3248 cum
566 3200 815 3261 Munatio,
837 3197 1083 3265 restingunt
1098 3223 1125 3243 α
1138 3201 1341 3251 fortasse

318 3281 511 3329 fecisset
529 3315 544 3340 ,
593 3290 649 3327 nt
675 3290 733 3327 tn
757 3278 933 3344 populi
956 3295 1179 3329 sermone
1210 3282 1342 3329 exci-

318 3360 457 3409 deres
475 3381 519 3407 a.

389 3438 442 3491 8.
474 3435 759 3485 Decianum.
800 3434 920 3485 Ideo
946 3436 1214 3485 Decianum
1252 3436 1340 3485 nd-

318 3518 503 3567 duxisti
522 3528 707 3567 tantum
730 3516 783 3563 in
805 3516 975 3581 populi
1002 3528 1340 3581 conspectum,

317 3600 385 3647 its
414 3610 471 3646 nt
508 3597 667 3646 nullas
699 3596 743 3644 ei
770 3606 929 3659 partes
958 3593 1151 3644 dicendi
1190 3596 1340 3644 relin-

320 3694 509 3743 queres.
542 3680 652 3741 Qus
674 3676 863 3725 ratione
887 3675 1051 3723 locum
1078 3674 1210 3723 hunc
1236 3691 1345 3723 cor-

318 3757 501 3805 rexerit
512 3752 711 3805 sehiitz.
727 3756 783 3801 iu
799 3755 1021 3817 sequenti
1045 3763 1161 3801 nota
1176 3754 1344 3803 videre

320 3835 453 3884 licet.

393 3930 442 3977 9.
480 3910 679 3961 Schiitz.
708 3912 775 3959 ait
808 3910 1009 3960 fortasse
1047 3909 1306 3976 legendum
1326 3946 1342 3969 ,

320 4014 344 4037 ι
366 3992 559 4041 Idcirco
586 3990 857 4039 Decianum
893 3988 1113 4055 perfidia
1146 4006 1342 4041 accuss-

1425 2802 1522 2865 sti,
1559 2814 1706 2867 teque
1739 2803 1802 2851 sd
1837 2818 2068 2852 coronam
2099 2801 2384 2869 applicuisti
2405 2826 2464 2853 ι.

1425 2880 1570 2930 Unde
1596 2882 1702 2930 haec
1719 2884 1743 2931 ἓ
1769 2898 1953 2947 quaeso.
1986 2885 2038 2932 J.
2049 2884 2114 2932 V.
2131 2884 2187 2931 1..

1503 2978 1586 3011 10.
1623 2962 1726 3011 Alii
1742 2963 1842 3010 fere
1863 2977 2032 3010 omnes
2047 2995 2063 3022 ,
2083 2960 2304 3010 Leecee'us.

1506 3057 1584 3092 η.
1633 3044 1796 3107 Quam
1810 3053 2006 3107 partem
2027 3058 2208 3091 causa.
2255 3042 2369 3103 Qms
2397 3042 2468 3091 in

1431 3137 1482 3169 re
1505 3137 1652 3187 opera
1673 3134 1755 3171 tus
1775 3122 1851 3170 uti
1875 3137 2130 3187 possemus
2143 3126 2167 3172 Ρ

1506 3214 1585 3249 12.
1621 3200 1701 3249 Ab
1727 3216 1784 3247 eo
1813 3201 2088 3265 prodit-ent.
2117 3202 2200 3249 An
2239 3210 2294 3248 ut
2321 3198 2472 3248 indi-

1427 3296 1561 3328 cares
1583 3316 1600 3343 ,
1637 3278 1726 3344 qui
1753 3290 1898 3329 testes
1934 3296 1998 3328 ex
2034 3281 2140 3343 ejus
2176 3278 2328 3328 domo
2355 3278 2472 3328 cxi-

1426 3368 1555 3408 rent.

1505 3440 1586 3487 13.
1618 3436 1856 3485 Habitare
1875 3453 1994 3487 una.
2013 3438 2153 3501 Quos
2178 3452 2324 3502 supra
2349 3436 2474 3485 Lu·

1425 3516 1482 3564 lii
1503 3515 1874 3564 contubernales
1893 3516 2181 3581 appellavit.

1507 3597 1589 3656 14.
1606 3594 1748 3642 Facis
1773 3594 2111 3659 suspicionem.
2127 3596 2199 3645 Tc
2223 3612 2252 3644 a
2279 3594 2476 3645 Flacco

1431 3684 1940 3742 corruptum,·qunm
1984 3686 2080 3723 tam
2121 3672 2325 3739 frigide,
2357 3685 2476 3724 tam

1424 3754 1590 3816 jejune
1612 3770 1722 3802 eum
1741 3755 2062 3804 accusaveris.

1503 3836 1748 3883 XXXIV.
1776 3850 1820 3883 ι.
1843 3836 1898 3881 In
1917 3851 2035 3899 quo.
2062 3833 2142 3882 Ad
2163 3834 2258 3883 hoc
2279 3834 2476 3885 cicero

1429 3912 1502 3959 sic
1547 3912 1812 3978 respondet
1831 3946 1846 3971 ,
1895 3922 1952 3960 ut
1988 3912 2216 3963 ostendat
2267 3912 2468 3964 nullam

1431 3991 1638 4041 Sextilio
1685 3991 1912 4053 injuriam
1954 3990 2126 4041 factam
2147 4025 2164 4051 ,
2212 3992 2472 4043 Valeriam
