2594 4537
343 280 486 372 444
616 235 715 347 Μ.
763 277 842 344 Τ.
895 276 1074 344 cle.
1126 271 1393 350 ORAT.
1448 270 1635 342 PRO
1684 268 1959 338 DOMO
2016 267 2214 338 sm.

339 397 816 499 expetendam
835 405 858 440 ¹
915 396 1196 494 putavi,
1233 417 1455 491 quam
1505 406 1581 462 et
1626 393 1707 466 in
1760 390 2037 462 utendo
2070 395 2439 464 rationem
2466 449 2485 471 ,

337 525 412 583 et
457 513 535 580 in
580 505 894 581 carendo
935 503 1379 604 patientiam.
1432 501 1717 572 Etenim
1765 497 1855 570 ad
1890 514 2225 572 nostrum
2258 525 2483 573 usum

337 616 868 718 propemodum
922 616 1072 712 jam
1133 629 1244 686 est
1303 611 1603 685 definita
1656 609 2057 682 moderatio
2106 613 2213 682 rei
2266 608 2481 681 fami-

339 730 614 814 liaris²;
659 725 902 796 liberis
941 739 1184 796 autem
1229 725 1499 794 nostris
1546 723 1715 794 satis
1756 719 2079 818 amplum
2117 721 2477 819 patrimo-

337 839 538 908 nium
572 837 854 935 paterni
879 834 1235 921 nominis,
1266 831 1645 904 ac'nostrae
1668 833 2073 919 memoriae,
2106 831 2475 928 relinque·

335 969 498 1018 mus
531 973 548 1016 ε
587 944 808 1016 domo
837 969 969 1043 per
1003 943 1234 1016 scelus
1269 957 1517 1042 erepta
1537 998 1558 1028 ‚
1599 965 1735 1040 per
1768 940 2225 1012 latrocinium
2260 965 2475 1012 oecu-

333 1069 500 1154 pata
519 1111 539 1144 ‚
591 1079 724 1154 per
771 1054 1136 1152 religionis
1185 1055 1333 1124 vim
1382 1053 1789 1126 sceleratius
1834 1051 2049 1122 etiam
2084 1048 2435 1122 aedificata
2452 1107 2472 1136 ‚

333 1191 556 1264 quam
603 1189 886 1254 eversa,
939 1188 1182 1236 carere
1229 1165 1387 1236 sine
1430 1165 1739 1237 maxima
1786 1161 2183 1258 ignominia
2216 1164 2469 1258 reipu-

303 1275 539 1348 'blicae
559 1329 580 1364 ‚
641 1300 808 1347 meo
871 1273 1228 1346 dedecore
1283 1299 1369 1346 ac
1414 1272 1669 1348 dolore
1714 1295 1867 1343 non
1901 1295 2219 1368 possum.
2270 1275 2467 1362 Qua-

335 1401 658 1485 propter,
705 1387 768 1457 si
811 1384 948 1457 diis
993 1382 1523 1458 immortalibus
1541 1439 1561 1472 ,
1608 1384 1671 1454 si
1714 1383 2034 1469 senatui,
2080 1381 2137 1452 si
2187 1381 2468 1478 populo

331 1523 639 1578 romano
656 1551 678 1584 ,
713 1498 774 1569 si
805 1509 1084 1568 cunctae
1117 1493 1335 1566 Italiae
1353 1549 1374 1581 ‚
1406 1498 1467 1567 si
1502 1493 1893 1593 provinciis
1911 1547 1931 1578 ‚
1964 1492 2023 1562 si
2052 1491 2321 1562 exteris
2354 1515 2469 1562 na-

297 1597 693 1692 ‘tionibus‚
736 1608 798 1677 si
837 1604 1199 1677 vobismet
1240 1605 1413 1702 ipsis
1434 1659 1455 1693 ‚
1497 1605 1625 1702 qui
1663 1605 1739 1674 in
1782 1627 1945 1674 mea
1987 1600 2217 1683 salute
2262 1605 2466 1698 prin-

327 1721 564 1816 cipem
607 1740 896 1814 semper
935 1711 1178 1787 locum
1217 1717 1865 1811 auctoritatemque
1906 1713 2240 1786 tenuistis
2260 1765 2282 1800 ‚
2314 1736 2466 1808 gra·

329 1842 486 1899 tum
545 1841 620 1899 et
669 1825 1080 1922 jucundum
1131 1851 1381 1926 meum
1430 1825 1748 1896 reditum
1808 1821 2205 1918 intelligitis
2266 1845 2464 1894 esse:

323 1961 568 2033 quaeso
621 1935 1098 2035 obtestorque
1155 1961 1288 2008 vos
1310 1989 1334 2022 ‚
1394 1934 1777 2033 pontifices
1798 1989 1817 2023 ‚
1882 1947 1966 2010 ut
2022 1956 2141 2012 me
2164 1987 2186 2021 ,
2245 1955 2457 2030 quem

323 2049 750 2118 auctoritate
775 2101 796 2133 ‚
847 2046 1090 2118 studio
1111 2044 1168 2136 3,
1227 2047 1603 2118 sententiis
1622 2050 1652 2098 4
1708 2043 2116 2123 restituistis
2139 2097 2162 2129 ‚
2222 2065 2421 2122 nunc
2440 2097 2459 2126 ,

321 2160 666 2255 quoniam
705 2172 998 2240 senatus
1034 2159 1135 2228 ita
1169 2157 1327 2228 vult
1344 2151 1399 2245 ⁵,
1436 2150 1821 2228 manibus⁶
1866 2175 2165 2251 quoque
2208 2156 2457 2224 vestris

323 2270 398 2338 in
435 2266 732 2340 sedibus
769 2272 950 2339 meis
985 2266 1375 2339 collocetis.

386 2435 564 2483 Lvm.
589 2451 636 2482 ι.
657 2434 1018 2497 Expetendum.
1038 2434 1156 2483 Non
1173 2433 1346 2481 imme·

321 2514 419 2561 rito
445 2513 624 2561 Olivet.
658 2511 860 2561 Lnllem.
899 2522 952 2560 et
974 2514 1164 2560 Ernest-
1193 2527 1346 2576 expe-

317 2590 516 2651 tendam
543 2590 894 2639 restituerunt:
931 2590 1068 2654 qnod
1093 2607 1122 2638 a
1140 2592 1265 2639 MSS
1293 2601 1344 2639 et

319 2668 436 2725 edd.
477 2668 825 2717 venustioribus
863 2668 1112 2731 aliquibus
1149 2668 1231 2735 (in
1280 2669 1342 2719 iio

304 2746 582 2812 ,Angelium
627 2755 677 2795 et
715 2744 900 2795 Aldum
937 2746 1160 2795 nominat
1193 2748 1344 2795 Erue·

317 2828 462 2891 ιω)
486 2828 729 2892 nonenim
765 2824 1063 2891 Naugerium
1085 2826 1341 2891 existimo,

320 2906 708 2973 Lambinumque
737 2922 840 2971 non
876 2903 980 2953 aine
1021 2906 1343 2969 Memmiana-

320 3002 430 3035 rum
454 2986 690 3050 suffragio
712 2985 942 3033 codicum
960 2985 1235 3048 adoptatae.

384 3084 434 3116 2.
451 3066 542 3118 1201·
535 3064 828 3133 fammaris.
847 3066 970 3113 Hac
986 3064 1150 3123 verba,
1161 3064 1341 3129 quibua

315 3146 537 3196 codicem
587 3150 758 3195 Frane.
807 3155 856 3193 et
905 3144 1025 3193 edit.
1073 3152 1207 3205 147²
1255 3160 1339 3191 ea·

315 3240 421 3273 rere
457 3225 713 3275 adnotavit
739 3224 794 3273 in
817 3240 916 3272 var.
938 3224 1057 3273 leet·
1079 3223 1334 3281 Gravius,

313 3305 494 3353 denunt
520 3306 668 3358 etiam
693 3306 746 3352 in
771 3304 886 3353 eod.
908 3304 1056 3353 Barb.
1083 3313 1136 3353 et
1173 3303 1337 3367 priore

314 3386 518 3433 Veneta.

383 3461 770 3527 &Auctor-itate,
787 3462 968 3513 studio.
991 3462 1174 3512 Simili·
1196 3461 1338 3511 loeta

311 3557 477 3606 supra,
507 3558 572 3591 ex
597 3556 700 3605 quo
719 3542 1010 3606 intelligitur
1031 3578 1046 3605 ,
1067 3542 1330 3605 pontifice·

307 3632 448 3670 extra
470 3620 748 3685 collegium,
771 3636 926 3685 quum
947 3621 1002 3667 in
1029 3629 1198 3671 senatu
1217 3638 1329 3669 een·

1435 2433 1601 2482 suinae.
1621 2429 1702 2481 Ad
1728 2430 1882 2480 Attie.
1906 2446 1989 2494 ep.
2016 2444 2073 2477 ιι
2093 2462 2110 2487 ,
2147 2446 2305 2493 quum
2328 2446 2451 2493 pon-

1432 2511 1591 2561 tifices
1612 2511 1889 2561 deereaaeut
1906 2510 1974 2558 ita
1999 2512 2023 2559 ε’
2046 2532 2073 2551 ι
2091 2500 2145 2557 s'i
2168 2526 2331 2575 neque
2354 2528 2445 2575 po-

1431 2591 1540 2665 puli
1572 2593 1739 2655 inm,
1771 2607 1933 2655 neque
1970 2589 2230 2656 plebiscito
2272 2592 2359 2655 qui
2398 2607 2447 2637 ae

1430 2670 1679 2723 dedicasse
1715 2669 1899 2717 diceret
1919 2705 1936 2732 ,
1975 2669 2262 2717 nominatim
2302 2670 2345 2717 α’
2386 2670 2449 2716 nei

1429 2750 1693 2815 prefectus
1717 2760 1846 2797 esset
1860 2783 1875 2805 ,
1898 2744 2054 2795 videri
2080 2762 2227 2811 posse
2248 2749 2353 2797 eine
2376 2764 2447 2795 re-

1430 2828 1613 2893 ligione
1642 2844 1749 2877 eam
1788 2838 1973 2892 partem
2002 2840 2127 2876 areae
2162 2826 2285 2881 mihi
2316 2828 2444 2875 reati-

1428 2910 1502 2957 tui
1522 2930 1564 2957 n.
1606 2908 1727 2957 Poat
1782 2909 1965 2957 fact-un
2017 2916 2089 2955 eat
2138 2908 2229 2955 SC.
2277 2905 2441 2953 videti

1428 2987 1677 3037 Ciceronis
1702 2987 1904 3036 domum
1936 2983 2128 3047 iudicio
2155 2982 2441 3051 pontificum

1428 3066 1661 3130 religione
1676 3064 1927 3113 liberaum
1942 3099 1957 3123 ,
1978 3075 2028 3115 et
2050 3076 2107 3113 ut
2144 3064 2445 3128 magistratus

1426 3156 1677 3203 curarent,
1700 3155 1757 3194 ut
1784 3144 1829 3192 ei
1860 3145 1965 3193 eine
1992 3144 2043 3190 vi
2064 3142 2305 3192 adino-re
2328 3141 2440 3190 lices

1425 3236 1502 3273 ret
1520 3239 1537 3274 τ
1568 3226 1621 3272 in
1642 3240 1697 3271 ea
1724 3222 1787 3272 de
1810 3225 1928 3273 Har.
1946 3226 2099 3287 Καρ.

1497 3307 1547 3364 4.
1578 3302 1851 3353 Sententiis.
1874 3305 1933 3351 In
1955 3312 2126 3351 aen-tu
2148 3300 2307 3349 dietis.

1500 3382 1548 3430 5.
1568 3382 1813 3447 Quoniam
1836 3394 2033 3431 &naeus
2058 3380 2131 3429 ita
2164 3381 2293 3430 vele.
2325 3380 2437 3429 Nam

1424 3460 1549 3525 quid
1574 3462 1695 3510 velit
1726 3462 1833 3527 ipae
1868 3459 2159 3521 declaravit,
2186 3474 2337 3523 quum
2368 3475 2438 3506 me

1426 3540 1635 3589 decretis
1662 3540 1887 3589 restituit.

1488 3622 1541 3667 6.
1574 3620 1824 3669 mnibus.
1860 3617 2011 3681 Quod
2050 3618 2153 3679 iam
2192 3616 2438 3667 sententiis

307 3701 482 3749 tentiae
497 3698 760 3761 dicebant,
783 3700 1011 3751 Ciceroni
1037 3701 1329 3766 mffragatos
1418 3699 1709 3764 perfecistis.

853 3924 1899 3957 ——-—-—-—-———-·———---
