2594 4537
154 2455 160 2468 .
270 2417 381 2465 latae
411 2415 559 2462 fuisse
591 2420 763 2460 contra
800 2409 1045 2474 auspicia,
1070 2418 1300 2474 poterant

302 275 446 371 370
943 244 1041 337 Μ.
1092 264 1170 337 Τ.
1222 265 1800 339 CICERONIS

297 399 531 495 legem
566 388 917 464 Caeciliam
954 402 1027 458 et
1056 384 1345 457 Didiam
1377 386 1533 457 latae
1567 402 1808 459 essent
1827 440 1850 477 ,
1883 388 2238 487 populum
2275 416 2444 465 non

294 506 567 591 teneri,
613 495 807 598 jam⁶
851 496 1221 594 intelligis,
1270 499 1472 567 omni
1516 502 1778 593 genere
1830 498 2052 593 juriS‚
2103 500 2304 597 quod
2353 506 2436 573 in

292 620 505 689 sacris
526 668 545 699 ‚
581 609 783 710 quod
827 610 903 680 in
952 608 1318 706 auspiciis,
1352 606 1554 704 quod
1583 610 1660 678 in
1705 606 1986 705 legibus
2021 612 2152 699 sit,
2185 626 2258 683 te
2291 616 2430 683 tri-

294 728 577 798 bunum
615 718 857 821 plebis·
884 743 1037 790 non
1068 715 1288 789 fuisse
1304 728 1352 787 ⁷.
1373 721 1625 815 *Atque
1659 740 1802 815 ego
1835 716 1978 791 hoc
2006 732 2242 791 totum
2271 746 2432 793 non

290 838 447 908 sine
498 856 709 906 causa
760 828 1122 927 relinquo.
1181 826 1420 899 Video
1475 827 1672 899 enim
1723 827 2078 924 quosdam
2123 828 2432 903 clarissi-

290 962 449 1021 'mos
478 950 709 1032 viros»,
751 945 1113 1041 principes
1148 941 1487 1028 civitatis,
1523 941 1806 1038 aliquot
1829 940 2006 1013 locis
2029 941 2425 1037 judicasse,

288 1076 361 1132 te
398 1082 565 1131 cum
608 1055 823 1156 plebe
857 1054 1021 1151 jure
1071 1072 1285 1150 agere
1331 1052 1694 1149 potuisse:
1737 1054 1868 1150 qui
1905 1053 2122 1124 etiam
2167 1052 2257 1125 de
2303 1080 2430 1127 me

284 1174 484 1269 ipso,
528 1178 757 1267 quutn'
810 1170 935 1236 tua
986 1164 1364 1262 rogatione
1405 1160 1664 1235 funere
1713 1163 1975 1235 elatam
2023 1163 2426 1262 rempubli-

284 1276 490 1351 cam⁸
532 1300 687 1349 esse
730 1274 1062 1349 dicerent
1084 1328 1104 1363 ,
1162 1288 1402 1346 tamen
1459 1272 1537 1343 id
1589 1272 1854 1362 funus,
1897 1276 2030 1347 etsi
2075 1278 2428 1348 miserum

281 1405 501 1487 atque
546 1387 888 1460 acerbum
934 1382 1220 1472 fuisset,
1254 1383 1420 1478 jure
1453 1381 1802 1455 indictum
1849 1408 2004 1456 esse
2051 1382 2428 1473 dicebant;

280 1500 485 1598 quod
536 1498 629 1571 de
682 1522 798 1569 me
840 1492 1018 1577 civi,
1064 1517 1147 1565 ac
1198 1492 1289 1565 de
1332 1492 1706 1591 republica
1759 1492 1948 1565 bene
1997 1497 2260 1567 merito
2295 1510 2428 1567 tu·

280 1610 519 1698 lisseS,
555 1606 921 1679 funestum
968 1601 1189 1674 funus
1229 1616 1302 1673 te
1345 1601 1692 1675 indixisse
1731 1602 2184 1701 reipublicae3
2216 1606 2426 1703 quod

278 1720 487 1791 salvis
543 1718 875 1815 auspiciis
926 1714 1246 1799 tulisses,
1288 1714 1452 1808 jure
1501 1714 1726 1811 egisse
1773 1713 2130 1789 dicebant.
2177 1718 2426 1806 Quare

276 1829 556 1918 licebit,
592 1842 677 1926 ut
705 1827 1010 1924 opinor,
1038 1824 1285 1913 nobis,
1315 1848 1436 1895 eas
1466 1829 1786 1896 actiones
1818 1850 1974 1897 non
2007 1824 2378 1898 infirmare
2400 1882 2423 1916 ,

276 1939 550 2039 quibus
588 1928 692 2009 illi
742 1934 1150 2009 actionibus
1192 1938 1672 2007 constitutum
1713 1935 2164 2008 tribunatum
2205 1948 2420 2009 tuum

274 2048 959 2149 comprobaverunt.

370 2162 617 2233 Fueris
686 2172 859 2231 'sane
924 2153 1265 2228 'tribunus
1315 2154 1546 2253 plebis
1589 2150 1746 2227 tam
1797 2156 1964 2251 jure
2026 2167 2156 2229 ποθ
2211 2158 2374 2255 lege
2397 2214 2420 2247 ,

1387 2407 1450 2458 de
1480 2410 1618 2457 Orat.
1656 2411 1729 2466 11,
1759 2409 1858 2458 56:
1894 2425 2088 2474 «quum
2122 2425 2236 2460 caan
2245 2445 2410 2462 .....

1387 2488 1556 2536 funem
1609 2487 1865 2538 efferretur
1903 2503 2024 2538 anua
2059 2485 2094 2538 J
2096 2490 2209 2538 unia
2225 2505 2284 2554 ις
2327 2492 2418 2540 ubi

1387 2567 1516 2616 MSS
1537 2567 1702 2632 plures
1733 2567 2012 2618 facultatem
2039 2569 2146 2632 ejus
2162 2569 2420 2630 ejicienda.-

271 2506 434 2544 tamen
474 2494 618 2540 etiam
650 2489 763 2538 lato
806 2493 909 2536 ease
943 2498 1116 2536 contra
1142 2487 1299 2551 legem

270 2571 515 2622 Caeciliam
534 2607 551 2632 ‚
593 2579 645 2618 et
685 2567 909 2626 Didiam,
954 2581 1061 2616 non
1106 2575 1300 2615 servato

274 2649 585 2700 trinnndino.
620 2673 692 2685 -
728 2649 799 2696 Μ.
828 2644 976 2696 Drusi
1002 2643 1197 2712 legibus.
1225 2646 1300 2698 M.

268 2730 437 2780 Livius
484 2729 671 2776 Drusua
719 2725 945 2774 tribunus
991 2724 1061 2789 pl.
1118 2713 1297 2774 mul'taa

269 2810 401 2873 loges
444 2808 637 2857 tulerat.
682 2805 941 2870 Philippus
972 2797 1081 2852 coa.
1114 2804 1203 2868 qui
1249 2804 1297 2852 ei

268 2889 499 2938 inimicus
524 2897 660 2947 erat,
701 2884 917 2934 obtinuit
944 2899 973 2932 a
1002 2893 1211 2942 senam,
1238 2893 1295 2932 ut

266 2968 399 3033 leges
424 2969 531 3029 eiua
546 2982 717 3016 omnes
733 2979 837 3014 uno
855 2963 953 3013 SC.
974 2961 1293 3012 tollerentur:

268 3049 517 3098 decretum
561 3056 636 3096 eat
678 3043 809 3096 enim
864 3052 1033 3090 contra
1076 3041 1296 3106 auspicia

264 3144 367 3176 eoae
394 3127 539 3185 latas,
564 3140 729 3188 neque
758 3123 818 3170 iia
844 3121 998 3172 teneri
1030 3119 1293 3186 populum.

214 3259 221 3267 ,
268 3207 388 3254 Haec
432 3203 685 3253 Pedianus
728 3202 785 3249 in
834 3200 1031 3250 Cornel.
1072 3199 1180 3248 cio.
1232 3200 1295 3248 de

268 3284 477 3348 Legibus
496 3317 513 3344 ‚
536 3285 621 3331 11:
660 3303 685 3324 α
709 3280 857 3344 Quid'
879 3280 1009 3344 legea
1046 3295 1147 3328 nou
1182 3281 1295 3342 jum

268 3373 461 3427 rogatas
506 3356 721 3410 tollere?
758 3370 815 3408 ut
858 3360 1050 3408 'setiam
1093 3360 1295 3409 decreto

268 3441 489 3506 collegii,
525 3450 581 3488 ut
620 3439 780 3488 Livias
826 3438 1036 3488 conailio
1077 3439 1295 3504 Philippi

268 3521 483 3570 consulis
499 3530 551 3568 et
574 3518 807 3583 auguria?
824 3541 849 3561 .-

337 3605 388 3652 δ.
406 3599 509 3650 Alii
524 3634 540 3661 ‚
565 3619 587 3644 ι
610 3597 783 3648 teneri.
799 3599 937 3659 Jam,
965 3608 1063 3648 etc.
1081 3617 1103 3640 ι·

340 3699 386 3744 7.
416 3676 757 3745 Alii,suissee’

338 3763 392 3808 8.
418 3762 607 3808 Funere
626 3758 809 3806 elatam
828 3773 979 3821 remp.
998 3759 1185 3805 Vocem
1188 3753 1287 3821 fu-

263 3855 378 3888 nere
394 3839 687 3908 adjectitium
706 3847 851 3902 putat
872 3837 1105 3885 Ementua
1120 3853 1286 3900 ,quam

261 3931 409 3966 nemo
450 3919 685 3966 hacteuus
730 3916 794 3963 ab
850 3914 955 3962 ullo
994 3915 1125 3964 libro
1160 3915 1288 3963 vidit

258 3997 429 4046 abeno
450 4013 463 4044 ι
484 4011 635 4060 quum
670 4005 831 4043 tamen
864 3993 1080 4042 eamdem
1118 3993 1287 4043 tulerit

1391 2645 1602 2706 dabant,
1630 2645 1686 2694 iu
1721 2647 1786 2697 iia
1828 2647 2046 2711 optimus
2086 2647 2416 2713 Erlaugenais.

1389 2723 1618 2774 Pearciua
1649 2723 1751 2772 hoc
1789 2726 1998 2774 maxime
2021 2725 2135 2776 loco
2159 2727 2296 2776 illum
2325 2729 2416 2778 de·

1387 2801 1562 2866 rendit,
1581 2801 1884 2853 adsentiente
1913 2819 2072 2868 nuper
2103 2807 2210 2854 viro
2239 2805 2418 2856 doctis-

1383 2882 1508 2930 simo
1545 2881 1782 2932 Hanleaio
1801 2919 1818 2946 ,
1837 2886 2063 2948 ,quamvis
2095 2887 2415 2936 necessariam

1383 2960 1455 3009 ibi
1493 2978 1600 3012 eam
1639 2977 1743 3012 non
1774 2979 1876 3010 eaae
1915 2979 2120 3026 vocem,
2164 2967 2414 3016 verissime

1383 3040 1517 3092 dicat
1539 3057 1554 3092 ε
1583 3043 1720 3106 quod
1747 3041 1880 3091 idem
1903 3041 1989 3092 bic
2009 3044 2158 3094 valet.
2179 3045 2278 3094 Sed
2307 3063 2414 3096 nou

1381 3119 1460 3170 hia
1477 3121 1706 3172 cancellia
1723 3121 2096 3174 concludendua
2117 3137 2192 3173 eat
2200 3126 2412 3176 Tullius.

1384 3200 1604 3250 Verbum
1627 3199 1810 3269 afferre
1827 3213 1998 3252 natura
2021 3219 2106 3252 aua
2128 3205 2337 3269 patitur,
2359 3217 2414 3254 ut

1383 3281 1606 3332 absolute
1623 3281 1810 3343 sunere
1848 3281 2076 3332 addatur.
2111 3283 2210 3332 liic
2247 3297 2412 3335 auten

1385 3359 1674 3427 voxfunere
1693 3378 1797 3412 non
1816 3373 1890 3412 eat
1907 3397 1924 3423 ,
1959 3379 2070 3412 meo
2101 3361 2296 3424 judicio
2309 3398 2326 3424 ,
2347 3363 2410 3412 ad

1382 3443 1775 3507 perspicuitatem
1797 3457 1998 3508 protana
2021 3441 2234 3492 inutilia.

1457 3535 1512 3583 9.
1549 3524 1625 3571 Ac
1665 3522 1792 3588 Iege.
1839 3521 2045 3572 Clodiua
2086 3537 2190 3570 non
2231 3522 2408 3572 dicitnr

1378 3601 1490 3662 jure
1525 3617 1582 3650 ac
1615 3601 1723 3665 lege
1753 3601 2046 3668 adoptatus,
2077 3601 2166 3649 aed
2187 3601 2410 3650 tribunus

1373 3679 1532 3745 plebis
1547 3697 1566 3729 .·
1591 3690 1646 3729 ut
1668 3683 1750 3742 jua
1788 3680 1916 3729 illud
1939 3681 2192 3746 legemque
2223 3681 2406 3730 intelli·

1381 3773 1548 3822 gamua
1567 3793 1582 3816 ‚
1620 3775 1716 3823 qua
1754 3759 2004 3808 tribunum
2047 3760 2207 3826 plebis
2261 3757 2407 3826 pau-i-

1377 3838 1507 3886 cium
1527 3836 1632 3886 fieri
1653 3853 1759 3886 non
1779 3837 1956 3886 licebat
1969 3839 2196 3904 ,qualem
2215 3854 2404 3887 mman-

1376 3917 1495 3965 aiue
1525 3916 1664 3978 illuni
1687 3927 1802 3982 post
1821 3917 2015 3966 inanem
2044 3921 2400 3983 arrogationem

1375 3995 1549 4044 Cicero
1579 3995 1948 4046 demonstravit.
1989 4001 2100 4046 Hoc
2127 3998 2280 4046 menti
2309 4007 2402 4044 ata·
