2594 4537
367 291 502 371 114
981 286 1078 355 M.
1127 284 1205 352 Τ.
1257 282 1821 353 CICERONIS
2538 272 2540 333 ¹

357 432 524 483 rum
543 460 566 497 ‚
596 408 674 479 in
703 406 1060 477 concione
1093 400 1407 479 militum
1434 405 1717 475 civitate
1755 401 2098 476 donavit?
2132 406 2223 477 Et
2246 412 2465 479 nosti-i

357 521 458 593 illi
493 516 717 589 fortes
755 517 888 587 viri
909 569 930 604 ‚
976 514 1102 586 sed
1141 515 1389 586 rustici
1423 538 1507 585 ac
1541 513 1839 603 milites,
1880 514 2261 587 dulcedine
2292 540 2469 613 qua-

361 628 526 701 dam
555 626 795 727 gloriae
819 626 1204 713 commoti,
1235 625 1441 721 quasi
1468 628 1851 724 participes
1876 628 1938 725 ej
1946 625 2199 700 usdem
2226 626 2466 713 laudis,

356 764 622 838 magno
657 736 837 809 illud
878 736 1188 809 clamore
1223 734 1859 833 approbaverunt?

451 856 740 947 Itaque,
803 845 1020 918 credo
1039 900 1060 935 ‚
1121 848 1184 919 si
1235 846 1407 917 civis
1464 868 1811 917 romanus
1862 844 2160 917 Archias
2205 843 2467 943 legibus

357 986 508 1033 non
546 972 732 1033 esset
752 1011 773 1048 ,
813 970 900 1027 ut
937 954 1030 1029 ab
1066 955 1315 1053 aliquo
1352 950 1827 1054 imperatore8
1874 954 2161 1029 civitate
2189 952 2467 1025 donare-

353 1088 499 1159 tur,
531 1066 882 1168 perficere
916 1090 1068 1139 non
1109 1064 1394 1163 potuit?
1428 1065 1654 1153 Sulla,
1700 1089 1929 1162 quum
1967 1066 2367 1164 Hispanos⁹
2402 1080 2467 1135 et

353 1181 598 1255 Gallos
647 1178 954 1251 donaret
971 1230 993 1265 ‚
1035 1174 1258 1249 credo
1279 1228 1303 1264 ,
1344 1174 1545 1247 hunc
1590 1164 1959 1274 petentem
1994 1173 2466 1274 repudiasset?

353 1294 591 1381 Quem
643 1312 780 1359 nos
833 1287 910 1357 in
962 1287 1315 1359 concione
1362 1281 1708 1372 vidimus,
1753 1310 1981 1383 quum
2032 1286 2103 1357 ei
2155 1283 2465 1357 libellum

350 1400 580 1472 malus
614 1412 829 1497 poeta
862 1396 954 1469 de
991 1394 1268 1494 populo
1306 1389 1762 1489 subjecisset,
1804 1393 2006 1493 quod
2045 1395 2466 1493 epigramma

349 1512 424 1582 in
457 1532 626 1582 eum
649 1517 714 1552 ¹⁰
749 1504 1058 1593 fecisset,
1095 1504 1607 1577 tantummodo
1636 1506 1931 1579 alternis
1958 1506 2287 1579 versibus
2320 1506 2468 1577 lon-

350 1620 728 1720 giusculis‚
765 1620 1002 1689 statim
1039 1640 1129 1689 ex
1162 1617 1251 1688 iis
1283 1614 1545 1704 rehm,
1590 1641 1773 1715 quas
1798 1633 1975 1689 tunc
2007 1615 2366 1689 vendebat
2386 1625 2466 1698 ¹⁸,

345 1728 604 1827 jubere
629 1728 698 1801 ei
725 1727 1100 1824 praemium
1129 1724 1355 1796 tribui
1380 1724 1517 1797 sub
1544 1748 1627 1797 ea
1650 1726 2104 1818 conditione,
2134 1756 2165 1791 α
2180 1750 2275 1797 ne
2300 1667 2469 1823 quid

349 1855 600 1938 postea
627 1834 1038 1909 scriberet».
1067 1836 1218 1927 Qui
1241 1836 1697 1909 sedulitatem
1724 1837 1895 1908 mali
1931 1852 2162 1936 poetae
2192 1836 2468 1907 duxerit

351 1950 598 2045 aliquo
655 1960 899 2017 tamen
953 1944 1250 2042 proemio
1316 1943 1605 2042 dignam
1625 1998 1646 2033 ‚
1712 1943 1932 2039 hujus
1984 1944 2353 2041 ingenium
2402 1954 2467 2013 et

255 2090 262 2095 ·
351 2064 692 2129 virtutem
753 2056 830 2125 in
883 2052 1267 2128 scribendo
1291 2108 1313 2145 ‚
1374 2068 1449 2125 et
1494 2055 1775 2151 copiam
1816 2077 1985 2153 onon
2040 2050 2469 2151 expetisset?

349 2166 590 2259 Quid?
629 2192 672 2239 a
703 2169 790 2258 Q.
831 2164 1124 2237 Metello
1153 2164 1317 2250 Pio,
1354 2160 1903 2245 familiarissimo
1936 2186 2107 2250 su0‚
2144 2164 2277 2259 qui
2307 2162 2466 2234 civi·

350 2292 495 2350 tate
539 2275 808 2349 multos
855 2274 1192 2361 donavit,
1245 2297 1489 2372 neque
1532 2297 1664 2372 per
1708 2297 1821 2361 se,
1868 2273 2116 2370 neque
2158 2297 2293 2371 per
2330 2277 2467 2344 Lu-

353 2387 583 2458 cullos
623 2383 1199 2484 impetravisset?
1233 2386 1365 2479 qui
1402 2385 1791 2482 praesertim
1823 2407 2053 2480 usque
2083 2409 2173 2456 eo
2209 2383 2301 2456 de
2328 2387 2467 2456 suis

349 2495 570 2568 rebus
593 2493 808 2566 scribi
828 2507 1164 2590 cuperet,
1194 2507 1280 2564 ut
1302 2493 1517 2565 etiam
1542 2493 1901 2566 Cordubae
1922 2505 1987 2541 1²
2012 2495 2196 2566 natis
2220 2497 2465 2592 poetis,

353 2610 622 2704 pingue
643 2599 990 2700 quiddam
1017 2600 1445 2673 sonantibus
1470 2615 1689 2699 atque
1706 2607 2207 2700 peregrinum,
2232 2617 2464 2675 tamen

350 2739 559 2786 aures
599 2735 764 2786 suas
801 2709 1122 2784 dederet.

443 2827 700 2921 Neque
732 2825 928 2894 enim
963 2835 1071 2892 est
1109 2819 1252 2891 hoc
1287 2819 1880 2893 dissimulandum
1903 2877 1923 2910 ‚
1968 2821 2167 2918 quod
2209 2821 2463 2894 obscu-

421 3064 471 3111 8.
507 3059 588 3110 Ab
623 3056 789 3121 aliquo
821 3056 1125 3120 ἕωμεν-αισα.
1152 3057 1367 3119 Impera-
1528 3071 1604 3104 ιο.
1630 3058 1693 3104 In
1716 3071 1841 3104 aisn.
1868 3057 1929 3106 In
1950 3056 2055 3118 eius
2072 3056 2268 3112 landem
2290 3070 2465 3122 panco-

348 3139 537 3189 torihus
561 3137 692 3186 enim
707 3152 734 3186 s
754 3133 941 3201 populo
965 3149 1194 3184 concessa
1213 3134 1364 3182 bens·
1448 3151 1559 3184 rum
1588 3151 1811 3184 versuum
1835 3151 2029 3184 carmen
2058 3138 2377 3202 porrexisset.
2399 3160 2464 3174 --

351 3217 574 3266 liciorum
597 3225 841 3280 potestns3
870 3225 920 3263 et
939 3224 1188 3262 strenuuin
1206 3228 1367 3278 quesn-
1458 3213 1825 3264 Tantummodo.
1860 3207 1959 3266 Cui'
1975 3215 2177 3263 camini
2206 3215 2331 3266 illud
2358 3227 2461 3264 tsn-

351 3312 448 3359 qne
460 3294 661 3345 militem
677 3291 870 3342 civitate
887 3292 1068 3342 donare
1084 3292 1153 3340 cis
1169 3289 1365 3343 licebat.
1450 3302 1555 3342 tum
1590 3303 1722 3352 ent,
1757 3303 1813 3342 ut
1849 3293 2069 3344 versibus
2098 3293 2324 3359 elegiacis
2352 3309 2465 3346 con-

347 3377 424 3426 Ita
451 3373 579 3422 hanc
607 3370 807 3438 phrasin
833 3369 1082 3436 legendnm
1108 3370 1367 3426 ,contendit
1450 3381 1615 3422 staret.

351 3451 668 3504 Hiilsemsnn.
697 3472 721 3492 ιι
738 3458 793 3504 ut
811 3447 872 3497 sb
891 3449 1055 3513 aliquo
1077 3448 1363 3514 imperatore
1527 3466 1610 3499 ιι.
1660 3449 1927 3500 Vendebat.
1968 3451 2046 3500 Ex
2084 3451 2461 3517 prosa-iptorum

348 3533 542 3580 civitate
559 3531 862 3578 donst-sturm
875 3527 960 3577 Al.
980 3546 1002 3569 ι
1017 3523 1364 3580 Perfieerenon
1448 3526 1633 3592 spoliis,
1652 3545 1761 3593 qnae
1775 3539 1879 3578 tum
1894 3528 1949 3576 in
1960 3529 2071 3578 foro
2088 3546 2178 3595 per
2186 3545 2461 3596 praeuncta

346 3611 514 3677 potuit
536 3609 686 3660 Sulis.
710 3609 902 3672 Quum,
921 3615 1016 3658 etc.
1035 3627 1062 3650 ι
1085 3609 1295 3656 Frustra.
1449 3605 1703 3660 vendebat.

416 3689 741 3752 9.Hispanos.
755 3687 978 3750 Quorum
995 3699 1142 3750 opera
1155 3685 1206 3732 in
1221 3683 1361 3737 bellis
1524 3699 1604 3734 ια.
1650 3683 1903 3736 corduba.
1949 3687 2010 3734 In
2056 3685 2295 3751 Hispanis
2338 3687 2461 3736 enim

341 3783 458 3818 usus
483 3777 604 3816 stat.
631 3764 900 3816 Gaditanos
925 3761 1046 3812 dicit
1070 3762 1240 3813 Cicero
1262 3777 1358 3827 pro
1446 3773 1653 3828 gesserat
1670 3763 1852 3814 bellum
1871 3779 1984 3814 cuni
2000 3764 2239 3817 sertorio.
2260 3793 2332 3804 —
2351 3765 2461 3814 Pin-

341 3847 520 3905 lebo,
542 3854 636 3904 4ο,
655 3843 717 3892 sb
737 3859 797 3892 eo
823 3843 1017 3894 civitate
1035 3841 1275 3901 donatum
1307 3853 1359 3892 ct
1438 3857 1551 3908 gne.
1575 3844 1742 3891 Minm
1757 3859 1905 3892 suavo
1928 3852 1976 3891 et
1994 3842 2204 3908 elegans.
2230 3871 2301 3884 --·-
2326 3847 2465 3896 Pm-

338 3926 454 3974 loco
477 3937 623 3987 supra
643 3921 838 3970 laudato
861 3919 1185 3973 Massilienses
1209 3920 1355 3970 etiam
1436 3919 1652 3984 grinnos-
1691 3920 1913 3985 Qusdsm
1946 3922 2303 3986 peregrinitatis
2348 3933 2458 3972 nota

337 4005 428 4055 hsc
446 4002 680 4069 dignitate
697 4010 896 4052 emtus
912 4000 1042 4050 idem
1061 4001 1246 4049 recitat.
1440 4001 1667 4050 inustum.
