2594 4537
304 266 445 352 354
510 310 515 317 -
942 266 1041 333 Μ.
1090 264 1170 332 Τ.
1222 264 1804 335 CICERONIS

304 390 441 462 Sed
482 388 657 487 quid
706 386 799 459 ad
844 401 918 457 te
936 439 959 471 ‚
1006 385 1135 481 qui
1186 408 1406 483 negas
1455 409 1612 457 esse
1663 409 1918 457 verum
1937 438 1960 475 ‚
1999 410 2460 485 quemquam

308 500 437 571 ulli
468 496 886 597 reipublicae
920 510 1121 566 extra
1148 493 1478 567 ordinem
1510 495 1828 594 praefici?

403 615 523 681 IX.
574 619 811 705 Atque
862 610 939 677 in
998 606 1137 677 hoc
1188 606 1430 677 solum
1485 608 2038 679 inconstantiam
2089 606 2458 705 redarguo

305 737 545 808 tuam,
586 722 717 816 qui
756 719 833 789 in
870 720 1029 816 ipso
1071 721 1346 789 Catone
1369 773 1388 807 ,
1434 742 1656 815 quem
1710 732 1794 789 tu
1851 744 2004 789 non
2058 741 2194 817 pro
2253 718 2460 789 illius

302 833 649 931 dignitate
681 828 1159 930 produxeras¹
1192 883 1214 917 ‚
1266 828 1394 901 sed
1433 852 1570 927 pro
1605 844 1736 900 tuo
1771 829 2042 901 scelere
2079 828 2456 901 subduxe-

300 955 511 1032 ras²;
564 968 785 1041 quem
842 941 989 1013 tuis
1052 943 1347 1038 Sergiis„
1389 940 1682 1024 Lollius,
1739 942 1982 1028 Titiis,
2043 946 2458 1037 ceterisque

302 1056 515 1129 caedis
554 1070 627 1126 et
670 1051 1179 1125 incendiorum
1222 1051 1536 1123 ducibus
1567 1050 1974 1147 objeceras3
2024 1076 2249 1151 quem
2287 1076 2454 1123 car-

302 1165 593 1238 nificem
644 1166 907 1237 civium
928 1159 990 1251 ³,
1034 1186 1253 1260 quem
1301 1161 1888 1234 indemnatorum
1932 1165 2128 1233 necis
2173 1162 2454 1259 princi-

302 1304 509 1378 pem,
552 1302 775 1375 quem
818 1274 1263 1347 crudelitatis
1301 1288 1672 1345 auctorem
1706 1270 1924 1345 fuisse
1958 1272 2240 1345 dixeras
2289 1299 2308 1341 τ
2357 1270 2454 1343 ad

302 1389 539 1476 hunc,
588 1387 945 1459 honorem
995 1399 1071 1457 et
1125 1385 1516 1484 imperium
1557 1396 1760 1455 extra
1807 1382 2143 1455 ordinem
2203 1387 2452 1453 nomi·

302 1502 529 1573 natim
564 1500 943 1597 rogatione
972 1510 1099 1567 tua
1130 1495 1494 1583 detulisti3
1537 1508 1612 1565 et
1635 1508 1834 1564 tanta
1869 1490 2067 1567 fuisti
2089 1494 2450 1592 intempe-

300 1614 531 1684 rantia
550 1664 571 1696 ‚
610 1624 695 1680 ut
742 1609 933 1679 illius
992 1612 1099 1678 tui
1152 1606 1436 1680 sceleris
1485 1608 1840 1677 rationem
1883 1603 2250 1676 occultare
2295 1630 2450 1675 non

305 1746 574 1822 posses.

398 1834 677 1903 Literas
710 1830 785 1899 in
822 1830 1181 1901 concione
1216 1828 1565 1911 recitasti,
1599 1850 1782 1923 quas
1809 1824 1942 1896 tibi
1981 1850 2022 1897 a
2055 1828 2136 1895 C.
2173 1828 2454 1895 Caesare

306 1946 555 2013 missas
572 1938 848 2011 diceres
884 1943 1181 2011 xCAEssn
1212 1942 1598 2023 ΡσιοΗιιος
1629 1960 1862 2033 quum
1893 1937 2106 2007 etiam
2139 1960 2218 2007 es
2247 1960 2456 2033 argu·

304 2066 669 2125 mentatus
690 2106 709 2136 ‚
737 2052 1002 2122 amoris
1022 2074 1177 2121 esse
1200 2048 1346 2119 hoc
1371 2050 1694 2145 signum,
1722 2071 1949 2144 quum
1985 2046 2454 2117 nominibus‘*

306 2179 589 2235 tantum
624 2175 989 2246 uteretur,
1029 2184 1273 2257 neque
1313 2155 1790 2242 adscriberet,
1831 2181 2248 2228 Pnoconsut.
2269 2212 2291 2241 ,
2327 2172 2456 2229 aut

306 2299 619 2346 'mmmm
654 2297 892 2344 rums
944 2299 960 2343 τ
1019 2268 1281 2342 deinde
1319 2268 1656 2368 gratulari
1694 2266 1863 2356 tibi,
1902 2266 2102 2365 quod
2143 2266 2336 2340 idem
2376 2271 2451 2337 in

308 2379 727 2482 posterum⁵
758 2387 857 2451 M.
900 2385 1249 2450 Catonem
1294 2379 1674 2452 tribunatu
1708 2394 1834 2450 tuo
1867 2380 2338 2467 removisse5‚
2383 2394 2456 2450 et

306 2493 509 2592 quod
548 2485 787 2562 idem⁶
832 2493 909 2559 in
944 2504 1322 2587 posterum
1365 2489 1458 2561 de
1507 2489 2088 2561 extraordinariis
2143 2503 2457 2586 potesta-

304 2601 504 2676 tibus
544 2599 953 2672 libertatem
998 2597 1401 2672 ademisse&
1451 2603 1648 2692 Quas
1695 2615 1818 2672 aut
1865 2625 2271 2698 numquam
2318 2599 2454 2671 tibi

376 2819 467 2866 11.
490 2831 539 2866 ι.
568 2815 903 2863 proava-em.
936 2814 1057 2863 Non
1096 2815 1336 2864 Catonem

306 2907 510 2963 propter
534 2896 766 2944 virtutem
794 2909 1022 2942 evexeraa
1037 2929 1052 2951 ,
1084 2894 1169 2942 sed
1188 2911 1336 2958 quam

306 2978 533 3026 scelestus
560 2991 611 3023 es
628 3010 640 3032 ‚
662 2977 825 3022 Roma
846 2989 1113 3022 amovens.
1136 2975 1216 3022 Sic
1240 2989 1336 3038 pro

306 3057 443 3105 Sext.
480 3077 502 3098 ι
525 3057 639 3105 Non
669 3054 748 3102 illi
778 3051 1051 3101 ornandum
1086 3053 1159 3100 M.
1192 3053 1338 3102 Cato-

306 3153 419 3185 nem
440 3169 456 3194 ,
498 3135 585 3183 sed
606 3133 943 3198 relegandum3
969 3147 1060 3179 nec
1093 3131 1167 3180 illi
1195 3149 1337 3180 com-

306 3215 598 3264 mittendum
638 3213 765 3262 illud
802 3212 1057 3275 negotium
1074 3246 1091 3270 ‚
1126 3210 1213 3259 sed
1247 3213 1340 3260 im-

306 3295 591 3362 ponendum
617 3303 913 3359 putaverunt
932 3327 946 3354 ,
980 3302 1076 3340 eto.
1090 3311 1117 3334 ι.

380 3392 429 3423 2.
466 3377 659 3423 Ernest.
696 3373 843 3437 plene
880 3369 1183 3435 inter-pungit
1220 3379 1338 3434 post

308 3454 635 3503 subduxeras.

378 3535 429 3583 3.
497 3529 785 3597 Carnificem
842 3527 1033 3576 civium.
1084 3525 1338 3592 Significat

304 3615 408 3674 ejus
434 3611 721 3662 sententiam
742 3610 795 3656 in
821 3619 992 3656 senatu
1012 3607 1075 3656 de
1100 3606 1336 3655 necandis

308 3693 602 3746 Catilinariis
624 3691 822 3738 dictam.

372 3757 425 3829 ’4.
454 3769 758 3820 Nominibus.
787 3767 1004 3816 Abusive
1028 3781 1123 3830 pro
1150 3783 1333 3831 cogno-

308 3850 531 3898 minibus.
554 3877 627 3887 -—-
650 3851 867 3897 Omnino
904 3855 1035 3893 recte
1072 3847 1129 3894 P.
1154 3847 1334 3893 Victo·

306 3931 411 3979 rius
432 3929 528 3976 hoc
550 3929 665 3975 loco
682 3927 841 3975 utitur
862 3925 926 3973 ad
944 3924 1232 3973 firmandam
1250 3926 1332 3973 iu-

306 4009 623 4072 scriptionem
660 4006 879 4069 epistolae
910 4017 972 4066 ¹9
994 4037 1009 4062 ,
1054 4003 1143 4054 lib.
1172 4007 1237 4066 V,
1269 4004 1331 4052 ad

1423 2817 1538 2866 mv.
1593 2799 1739 2880 q'uam
1785 2814 1902 2875 libri
1947 2825 2136 2864 vetere·
2183 2815 2424 2864 amem
2441 2851 2458 2876 ‚

1427 2895 1591 2944 ἄση-υ
1617 2893 1759 2960 Rufo.
1779 2891 1890 2943 Ηοο
1911 2895 2043 2943 idem
2063 2896 2244 2944 amoris
2261 2898 2456 2960 signum

1423 2975 1474 3021 in
1504 2973 1722 3038 epistolis
1757 2973 1820 3022 ad
1847 2973 2068 3024 Atticum
2105 2974 2312 3023 obvium
2345 2986 2418 3023 est
2441 3009 2456 3030 ‚

1429 3053 1600 3103 Oicem
1634 3056 1813 3104 Attico.

1497 3135 1545 3182 5.
1575 3135 1727 3199 Quod
1745 3134 1873 3184 idean
1909 3135 1960 3184 εἰ·
1983 3147 2238 3201 posterum
2273 3140 2345 3185 Π.
2373 3138 2458 3186 Ca·

1421 3223 1600 3262 eonem.
1627 3214 1785 3274 mad,
1807 3215 1971 3264 «idem
1999 3216 2050 3263 in
2079 3229 2374 3281 posterum-
2395 3218 2458 3264 ir-

1425 3293 1678 3356 reptitium
1727 3295 1995 3344 arbitratur
2033 3297 2356 3356 Gulielmius,
2396 3312 2456 3345 ex

1425 3371 1645 3420 membro
1666 3375 1830 3422 statim
1853 3377 2100 3438 sequenti,
2117 3376 2206 3424 ubi
2227 3387 2454 3441 praeteoes

1427 3462 1624 3514 cuperet
1649 3452 1746 3517 legi
1761 3489 1778 3515 ,
1807 3476 1833 3496 a
1849 3464 1902 3502 et
1922 3453 2061 3518 quod
2088 3455 2250 3503 eidem
2285 3457 2338 3504 in
2361 3471 2458 3520 po·

1426 3539 1606 3577 Stemm
1629 3551 1674 3579 ι.

1495 3609 1544 3655 6.
1567 3609 1714 3671 Quod
1725 3609 1872 3658 idem.
1891 3611 2052 3659 Cesar
2077 3611 2264 3660 Clodio
2291 3623 2454 3676 gratn-

1421 3683 1628 3743 labatur,
1657 3687 1792 3752 quod
1816 3687 2042 3752 ablegato
2069 3689 2250 3738 Catoni
2267 3690 2458 3755 copiam

1421 3765 1676 3816 ademisset
1703 3768 1764 3816 de
1783 3769 2182 3818 extraordinariis
2201 3772 2456 3835 potestati·

1421 3845 1515 3894 bus
1541 3847 1802 3910 loquendi,
1827 3864 1980 3912 quum
1999 3861 2058 3898 et
2091 3849 2201 3914 ipse
2221 3867 2368 3898 unam
2395 3867 2458 3898 ex

1421 3926 1480 3973 iis
1508 3928 1788 3992 accepisset.
1817 3929 2107 3977 Gulielmius
2133 3945 2250 3978 cnm
2271 3931 2456 3980 Ursino

1421 4004 1588 4056 mallet
1613 4006 1768 4056 eidem
1783 4042 1798 4066 ,
1815 4009 1952 4072 quod
1970 4019 2192 4071 praestat.
