2594 4537
358 266 449 336 80
799 262 899 331 IN
948 259 1500 332 ORATIONEM
1551 261 1907 334 SULLAN
1908 263 2046 333 AM

356 394 423 448 L.
456 383 834 462 Calpur-inum
862 381 1105 440 Bestiam
1126 381 1239 459 (ι),
1276 383 1397 440 sive
1417 379 1589 460 (nam
1615 395 1676 440 et
1696 382 1810 440 hoc
1842 384 2126 461 suspicari
2155 383 2506 462 possumus*

361 489 435 558 Q.
454 481 752 542 Metellum
779 481 1064 556 Nepotem
1091 476 1199 554 (α).
1228 480 1365 535 Post
1385 476 1542 555 quod
1571 478 1900 556 exemplum
1923 480 1982 536 in
2007 480 2120 537 fine
2151 482 2506 540 sententiam

360 579 582 660 posuit,
607 575 763 654 quod
797 593 975 654 genus
994 574 1056 632 in
1078 573 1355 633 Tullianis
1379 573 1740 634 orationibus
1766 595 1964 634 rarum
1981 589 2086 635 est.
2109 577 2375 652 Difficile
2391 593 2510 649 est,

362 675 551 755 inquit
569 717 587 748 ,
602 687 789 732 tacere
806 693 987 749 quum
1010 675 1205 730 doleas
1223 691 1243 726 .·
1272 671 1444 730 dolor
1459 672 1614 730 enim
1633 671 1982 750 quibusdam
1999 675 2302 733 tormentis
2325 676 2510 734 animi

366 772 685 835 laborantis
710 771 928 830 effusus
952 771 1029 829 ad
1060 769 1480 849 impatientiam
1519 771 1677 829 vocis
1707 771 1975 849 erumpit.

464 967 581 1034 XI.
618 961 761 1051 Qui
796 958 1027 1029 filium
1064 982 1279 1030 suum
1307 962 1454 1029 vita
1489 960 1830 1055 privavit,
1877 962 2082 1034 utin
2119 969 2516 1049 ceteros&

366 1074 687 1145 firmaret
720 1071 1127 1168 imperium.

446 1235 536 1291 De
559 1228 775 1288 familia
797 1225 1081 1304 Torquati
1104 1236 1406 1284 mutuatur
1437 1226 1799 1304 exemplum,
1826 1245 1946 1305 quo
1975 1226 2224 1286 validius
2251 1225 2328 1285 ad
2363 1247 2510 1286 con-

371 1345 602 1388 sensum
637 1323 1000 1402 adigeretur,
1044 1319 1375 1399 puniendos
1423 1339 1458 1378 a
1494 1340 1622 1400 rep.
1665 1321 1838 1380 fuisse
1885 1322 2080 1380 hostes
2111 1322 2268 1382 intra
2297 1324 2514 1382 moenia

372 1421 789 1504 deprehensos,
825 1438 1003 1497 quum
1045 1437 1153 1497 per
1199 1430 1536 1477 contextum
1563 1418 1652 1477 sui
1684 1417 1908 1498 generis
1932 1418 2278 1478 recordetur
2293 1419 2384 1498 (4)
2407 1441 2516 1480 ex-

373 1521 582 1582 stitisse
612 1517 715 1595 qui
742 1516 924 1574 filium
954 1515 1143 1592 capite
1172 1515 1424 1592 puniret.
1444 1517 1516 1572 Et
1539 1515 1735 1574 hocin
1761 1516 1892 1574 loco
1915 1515 2198 1574 Manlium
2225 1517 2518 1595 significat

372 1618 477 1698 qui
506 1635 639 1674 cum
664 1619 731 1672 P.
757 1613 937 1674 Decio
966 1615 1197 1670 functus
1215 1626 1304 1670 est
1325 1613 1702 1672 consulatum.
1723 1616 1830 1671 Hic
1853 1633 1926 1672 ex
1947 1614 2158 1674 virtute
2185 1633 2516 1692 cognomen

372 1710 655 1791 Torquati
676 1707 911 1782 habuit,
938 1707 1098 1788 quod
1135 1728 1255 1767 uno
1284 1709 1359 1768 dc
1382 1709 1562 1770 Gallis
1593 1709 1858 1770 hostibus
1877 1710 2213 1780 interfecto,
2239 1723 2516 1788 torquem

373 1812 484 1876 sibi
510 1810 671 1868 velut
696 1806 945 1886 spolium
974 1807 1231 1885 superati
1272 1807 1458 1866 hostis
1508 1807 1795 1866 induerat.
1838 1807 1932 1868 Ab
1969 1808 2085 1867 hoc
2122 1809 2522 1887 comperimus

374 1909 557 1968 filium
585 1925 705 1964 non
742 1902 820 1962 ob
856 1902 1093 1981 aliquod
1126 1903 1532 1977 criminosum,
1573 1904 1672 1963 sed
1703 1905 2018 1981 gloriosum
2049 1918 2109 1964 et
2141 1906 2394 1964 militare
2430 1907 2520 1964 fa-

376 2007 542 2065 cinus
584 2004 995 2079 interemptum
1019 2043 1037 2072 ,
1082 2001 1244 2078 quod
1292 2014 1496 2060 contra
1543 2001 1727 2080 patris
1777 2001 2086 2086 imperium
2135 2023 2272 2061 cum
2315 2003 2518 2072 hoste,

372 2100 635 2183 quamvis
660 2098 925 2172 feliciter,
950 2096 1272 2158 dimicasset
1288 2097 1394 2176 (5).

469 2290 623 2359 XII.
662 2288 897 2379 Atque
937 2282 1149 2352 etiam
1185 2279 1370 2351 illud
1403 2280 1660 2351 addam
1679 2336 1698 2367 ‚
1738 2282 1961 2378 nequi
1991 2289 2080 2370 (6)
2115 2280 2305 2354 forte
2333 2286 2522 2355 inci-

376 2406 524 2500 piat
559 2394 937 2494 improbus
964 2392 1207 2464 subito
1242 2408 1316 2464 te
1351 2416 1628 2483 amare,
1661 2397 2046 2492 Torquate.

446 2650 525 2719 (ι)
544 2654 599 2700 L.
613 2646 907 2711 Calpurnius
926 2643 1084 2693 Bestia
1106 2656 1386 2692 recensetur
1410 2659 1437 2692 a
1457 2643 1686 2693 Sallustio
1701 2646 1832 2693 inter
1852 2646 2133 2707 conjuratae
2149 2662 2262 2695 cum
2285 2648 2521 2697 Catilina.

378 2738 510 2787 Huic
530 2733 705 2782 Bestiae
722 2729 921 2778 tribuno
938 2727 1095 2793 plebis
1119 2726 1404 2775 mandatum
1429 2738 1530 2775 erat
1551 2743 1579 2775 e
1593 2729 1803 2777 Lentulo
1819 2731 1940 2779 item
1965 2732 2246 2792 conjurato,
2265 2741 2324 2778 nt
2343 2732 2524 2783 Roma

380 2819 621 2871 concione
642 2815 805 2864 habita
820 2846 835 2873 ,
862 2821 1143 2877 quereretur
1168 2811 1229 2859 de
1252 2810 1532 2859 actionibus
1557 2812 1823 2862 Ciceronis.
1841 2814 1972 2863 vide
1999 2814 2200 2865 stne-t.
2227 2812 2352 2862 Bell.
2375 2815 2528 2865 Catil.

383 2920 494 2969 cap.
517 2917 577 2964 17
603 2910 655 2949 et
682 2908 768 2957 44.
795 2898 859 2947 A.
876 2898 951 2945 M.

448 2999 526 3066 (a)
562 3001 627 3062 Q.
647 2999 763 3045 item
787 2993 1039 3043 Metellum
1060 2988 1310 3057 Nepotem
1343 2992 1406 3040 dc
1431 2994 1813 3055 conjuratorum
1849 3010 2000 3059 poene
2021 3002 2352 3059 conquestum
2375 2994 2528 3042 refert

378 3084 507 3143 Dio,
524 3080 807 3137 xxxvn,
850 3086 935 3135 42.
972 3078 1131 3124 Immo
1166 3074 1300 3123 idem
1323 3076 1556 3127 Metellus
1591 3076 1814 3125 tribunae
1839 3077 2127 3127 Ciceronem
2147 3076 2410 3126 consulem
2441 3078 2532 3126 ab·

382 3176 577 3217 euntem
595 3162 883 3210 concionem
908 3158 1087 3207 habere
1106 3158 1368 3223 probibuit
1383 3192 1400 3219 ,
1423 3170 1569 3224 etque
1597 3160 1643 3209 ei
1677 3170 1864 3209 tentum
1889 3172 1946 3210 ut
1972 3163 2164 3223 juraret
2187 3171 2355 3211 vetere
2383 3176 2528 3211 more

381 3247 615 3317 permisit.
634 3244 761 3292 Vide
800 3242 1119 3295 Plutarchum
1155 3242 1209 3291 in
1244 3244 1509 3303 Cicerone,
1555 3253 1606 3291 et
1645 3244 1860 3292 Dionem
1886 3244 1974 3292 lib.
2016 3246 2104 3293 cit.
2137 3260 2250 3309 cap.
2284 3245 2352 3291 38
2371 3276 2390 3300 ‚
2419 3256 2530 3292 tum

383 3330 653 3383 Aeconium
680 3326 745 3377 ed
770 3338 893 3376 orat.
921 3327 977 3374 in
1000 3328 1172 3375 Pison.
1216 3328 1309 3375 111.
1339 3328 1522 3376 Contra
1552 3327 1742 3377 Metelli
1761 3329 2082 3387 concionem,
2117 3330 2207 3393 qui
2227 3327 2527 3377 Ciceronem

383 3414 517 3481 apud
547 3412 787 3478 populum
818 3408 1088 3459 maledictis
1115 3409 1448 3475 prosciderat,
1471 3420 1666 3461 exstem
1687 3410 1845 3477 ipniue
1861 3412 2014 3462 Tullii
2031 3412 2302 3477 fragment·
2335 3414 2526 3461 oratio·

384 3500 493 3561 nis,
520 3512 629 3563 quae
646 3494 759 3544 vide
778 3494 843 3542 sie
870 3492 924 3541 in
950 3494 1275 3545 orationibus.
1301 3497 1363 3544 A.
1383 3498 1458 3545 M.

456 3588 533 3659 (3)
560 3590 692 3640 Edd.
718 3590 767 3637 iu
786 3590 973 3641 ceteris.
992 3594 1055 3641 A.
1072 3592 1145 3640 M.

456 3685 536 3753 (4)
558 3686 683 3736 Cod.
707 3686 1005 3737 recordatur.
1028 3689 1089 3736 A.
1114 3688 1187 3737 M.

460 3778 539 3846 (5)
556 3783 703 3832 Conf.
718 3785 939 3845 Livium,
952 3785 1094 3843 vm,
1121 3800 1170 3846 7.
1191 3784 1255 3832 A.
1274 3786 1353 3833 M.

464 3879 539 3943 (6)
570 3879 735 3944 Nequi
748 3898 842 3947 pro
868 3882 1037 3945 nequis
1052 3881 1306 3931 evidenter
1323 3882 1470 3931 habet
1491 3894 1662 3935 noster
1679 3884 1859 3935 codex.
1879 3884 1960 3935 Sic
1991 3883 2160 3950 paullo
2183 3883 2307 3933 infra
2321 3916 2337 3943 ,
2366 3884 2532 3939 1111,

396 3969 425 4016 ι’.
441 3996 457 4021 ,
484 3959 645 4025 aliqui
675 3977 768 4026 pro
804 3964 982 4027 aliquis
1012 3964 1160 4017 semel
1188 3966 1364 4015 Cicero
1400 3977 1450 4015 et
1486 3969 1634 4019 eemel
1671 3968 1927 4035 interpres.
1956 3968 2131 4018 Itidem
2161 3967 2225 4017 ed
2253 3970 2532 4017 orationem
