2594 4537
295 276 422 349 132
971 272 1727 342 ARGUMENTUM.

359 418 482 459 esse
505 416 827 469 rumorem,
855 399 965 454 Cn.
983 393 1353 471 Pompeium,
1374 397 1441 451 L.
1460 394 1667 453 Flacco
1696 391 2027 468 inimicum,
2054 395 2401 456 contendisse

362 510 397 550 a
428 491 608 550 Laelio
638 503 704 548 ut
735 488 894 547 hunc
923 486 1038 543 hoc
1065 484 1292 563 judicio
1330 496 1677 561 arcesseret,
1714 486 1885 564 eique
1914 506 1977 545 se
2016 508 2160 567 opes
2186 506 2313 547 suas
2338 488 2399 547 ad

361 583 656 661 negotium
697 578 988 639 detulisse.
1023 574 1117 637 Sic
1144 590 1539 638 accusatorem
1578 578 1999 639 adolescentem
2039 581 2255 660 ingenii
2288 582 2400 661 ple-

361 696 502 736 num
533 680 770 734 Graecos
802 672 875 731 ad
901 671 1227 731 testimonia
1253 672 1317 729 in
1342 672 1613 730 Flaccum
1647 670 1895 731 dicenda
1922 675 2279 752 permovisse
2296 717 2315 747 ,
2354 686 2403 731 et

361 766 750 847 psephismata
785 762 1171 824 multitudinis
1204 764 1505 823 concitatae
1536 764 1901 843 expressisse.
1931 771 2002 825 In
2033 786 2155 844 quo
2182 768 2403 825 concio-

362 878 465 919 nes
480 865 818 918 Graecorum
835 856 1150 926 universas,
1165 855 1227 915 in
1245 855 1449 933 primis
1468 868 1659 917 autem
1680 858 2143 918 testimoniorum
2162 860 2224 917 in
2252 861 2404 918 Flac-

363 972 494 1011 cum
516 950 881 1030 prolatorum
913 949 1204 1007 levitatem
1225 948 1495 1026 exagitat,
1516 958 1681 1018 4-10.
1702 950 1853 1009 Petit
1878 950 2055 1029 igitur
2074 970 2111 1009 a
2124 950 2405 1028 judicibus

362 1056 429 1103 ut
451 1062 682 1103 causam
701 1041 890 1103 Flacci
917 1040 1197 1099 acerrime
1225 1042 1721 1118 contemplentur3
1748 1061 1848 1101 eos
1880 1043 2038 1102 enim
2069 1044 2131 1101 in
2156 1044 2408 1103 testimo·

365 1128 476 1195 niis
499 1136 690 1194 omnia
714 1146 992 1213 corrupta
1009 1132 1282 1205 libidine,
1312 1131 1611 1191 iracundia
1628 1175 1644 1203 ,
1668 1132 1865 1192 studio
1882 1178 1898 1205 ,
1925 1136 2141 1212 pretio,
2162 1134 2407 1213 perjurio

365 1243 699 1309 reperturos
713 1270 731 1299 ,
752 1249 776 1285 1
793 1248 814 1285 ι
827 1268 842 1285 .
869 1232 903 1287 J
905 1246 999 1286 am
1025 1222 1252 1284 accedit
1281 1223 1358 1283 ad
1384 1225 1635 1303 singulas
1658 1227 1930 1304 querelas
1968 1226 2410 1285 criminationes-

366 1341 482 1399 que
515 1326 870 1380 Graecorum.
923 1317 1182 1376 Primum
1209 1318 1419 1377 Flacco
1446 1316 1743 1395 objectum
1768 1332 1895 1377 crat
1920 1337 2055 1376 eum
2084 1318 2281 1377 classis
2312 1338 2411 1377 no-

364 1414 520 1473 mine
552 1412 858 1492 pecuniam
889 1408 1222 1471 civitatibus
1245 1409 1581 1487 imperasse.
1614 1410 1685 1469 Id
1713 1411 1927 1471 factum
1956 1410 2164 1470 Cicero
2190 1411 2411 1469 confite·

367 1520 483 1578 tur,
513 1504 686 1565 docet
714 1516 906 1563 autem
933 1502 996 1563 id
1029 1516 1090 1561 et
1117 1502 1347 1561 licuisse
1372 1502 1527 1575 fieri,
1556 1515 1615 1561 et
1647 1523 1796 1582 opus
1824 1503 2032 1574 fuisse,
2065 1523 2135 1561 ια
2161 1547 2179 1576 ,
2216 1505 2283 1561 13
2306 1547 2324 1576 ,
2362 1514 2413 1559 et

365 1598 604 1657 classem
632 1616 772 1655 vere
803 1594 1099 1673 navigasse
1117 1638 1135 1667 ,
1187 1604 1278 1664 14.
1328 1598 1667 1673 Sequuntur
1696 1596 2023 1655 testimonia
2062 1609 2122 1655 et
2152 1598 2413 1655 crimina-

364 1690 552 1751 tiones
577 1688 934 1767 singularum
963 1687 1295 1761 civitatum,
1317 1688 1769 1748 Acmonensium
1789 1734 1807 1761 ‚
1851 1689 1921 1748 15
1940 1733 1958 1762 ,
1992 1690 2104 1763 163
2132 1690 2417 1766 Dorylen-

363 1785 513 1843 sium
531 1826 550 1856 ‚
592 1802 689 1856 ¹73
711 1780 1112 1840 Temnitarum
1133 1822 1152 1854 ,
1177 1780 1237 1839 in
1270 1778 1473 1859 primis
1498 1780 1827 1840 Heraclidis
1856 1781 2173 1853 Temnitae‚
2205 1782 2415 1847 ¹8-213
2538 1846 2540 1861 Ι

365 1876 796 1935 Trallianorum
813 1916 832 1945 ‚
882 1871 1064 1931 22-25
1087 1914 1104 1942 ,
1150 1872 1366 1951 quibus
1410 1871 1680 1935 omnibus
1718 1874 1968 1951 opponit
1996 1872 2201 1932 laudes
2241 1872 2417 1932 Athe-

358 1966 665 2039 niensium,
689 1963 1296 2039 Lacedaemoniorum,
1319 1965 1683 2038 Achaeorum,
1711 1970 2073 2037 Boeotorum,
2104 1964 2419 2025 Massilien-

371 2058 522 2119 sium
552 2058 766 2117 Flacco
801 2056 1050 2117 tributas
1070 2100 1088 2130 ,
1119 2058 1195 2116 26
1217 2101 1234 2130 ‚
1263 2064 1361 2132 ²72

449 2150 713 2212 Secunda
736 2163 903 2229 parte
933 2161 1215 2209 tractatur
1241 2148 1464 2209 invidia
1490 2150 1621 2209 auri
1645 2150 1892 2210 Iudaici.
1918 2156 2117 2224 Quum
2144 2150 2297 2210 enim
2322 2154 2420 2209 Ju-

362 2242 624 2304 daeorum
658 2244 890 2303 nomine
919 2262 1132 2304 aurum
1163 2262 1238 2303 ex
1262 2243 1437 2304 Italia
1466 2243 1859 2323 omnibusque
1884 2245 2203 2325 provinciis
2239 2263 2423 2305 roma·
2542 2265 2544 2384 1

359 2337 449 2398 nis
460 2336 924 2412 Hierosolymam
951 2334 1252 2415 exportari
1278 2336 1519 2410 soleret,
1545 2338 1785 2397 Flaccus
1810 2352 2082 2398 sanxerat
2110 2338 2334 2411 edicto,
2356 2356 2422 2394 ne

359 2452 434 2490 ex
461 2430 602 2490 Asia
628 2429 928 2509 exportari
955 2429 1158 2488 liceret
1177 2473 1194 2504 ,
1225 2427 1479 2509 ideoque
1504 2431 1566 2490 in
1594 2431 1873 2491 invidiam
1901 2431 2244 2504 vocabatur,
2267 2428 2423 2510 quasi

363 2521 511 2583 illud
541 2541 748 2580 aurum
791 2521 1110 2580 avertisset.
1151 2523 1361 2582 Cicero
1404 2537 1597 2582 autem
1638 2523 1893 2585 ostendit
1926 2523 2281 2583 laudandum
2308 2541 2422 2582 esse

359 2617 660 2685 Flaccum,
690 2613 854 2692 quod
879 2633 1086 2674 aurum
1113 2617 1415 2694 exportari
1448 2635 1569 2674 non
1588 2617 1823 2689 siverit,
1850 2629 1909 2675 et
1934 2637 2117 2694 quum
2144 2616 2240 2690 id,
2274 2610 2425 2694 quod

363 2706 848 2786 comprehensum
874 2708 978 2778 sit,
1005 2705 1078 2766 ad
1098 2707 1371 2768 aerarium
1402 2709 1698 2778 retulerit,
1728 2708 1873 2768 nihil
1898 2729 2021 2768 esse
2043 2708 2205 2788 quod
2220 2727 2423 2788 repre·

365 2798 676 2872 hendatur,
715 2813 900 2860 totum
931 2799 1127 2879 potius
1155 2801 1375 2860 crimen
1404 2802 1465 2860 in
1494 2800 1727 2860 laudem
1754 2801 2017 2862 converti
2034 2843 2052 2870 ,
2080 2801 2181 2858 28.

451 2897 522 2951 Iu
565 2891 736 2952 tertia
767 2893 1048 2952 orationis
1079 2905 1246 2971 parte
1281 2893 1598 2973 respondet
1632 2895 1882 2972 querelis
1914 2895 2125 2953 civium
2172 2911 2429 2952 romano-

371 3004 520 3044 rum.
565 2984 823 3044 Primum
859 2986 1140 3059 Deciani,
1184 2986 1286 3064 qui
1314 3007 1375 3046 se
1402 2988 1465 3045 in
1496 2987 1901 3065 jurisdictione
1940 3007 1975 3046 a
2000 2987 2207 3046 Flacco
2244 2988 2429 3046 laesum

369 3096 493 3135 esse
523 3088 761 3154 questus
786 3089 944 3152 erat;
993 3077 1157 3156 cujus
1194 3075 1616 3160 turpitudinem
1642 3079 1704 3138 in
1734 3079 2088 3160 negotiando
2118 3093 2179 3139 et
2218 3078 2428 3138 crude-

369 3167 589 3226 litatem
627 3169 999 3247 perstringit,
1040 3171 1267 3246 29-33..
1297 3170 1527 3231 Deinde
1567 3171 1867 3231 Andronis
1897 3172 2124 3232 Sextilii
2138 3216 2159 3244 ,
2188 3171 2291 3250 qui
2320 3169 2427 3230 sibi

376 3260 574 3318 uxoris
595 3259 846 3320 Valeriae
863 3281 1023 3339 ,quae
1042 3263 1313 3322 intestata
1336 3277 1463 3322 erat
1486 3278 1715 3322 mortua
1732 3307 1749 3338 ,
1774 3263 2157 3324 hereditatem
2177 3277 2433 3343 ereptam

370 3371 494 3411 esse
537 3343 794 3424 dixerat,
839 3353 1059 3425 34-363
1101 3353 1355 3434 denique
1398 3355 1667 3430 Falcidii,
1706 3356 1803 3415 cui
1844 3359 2085 3418 Flaccus
2140 3379 2175 3416 1.
2224 3358 2436 3416 talenta

369 3443 663 3524 eripuisse
697 3442 1024 3520 ferebatur,
1053 3446 1151 3521 37.

453 3541 524 3596 In
553 3537 925 3614 peroratione
961 3533 1325 3600 demonstrat
1356 3554 1547 3600 certos
1573 3542 1839 3602 homines
1874 3539 1989 3601 hoc
2030 3563 2235 3622 agere,
2275 3557 2345 3602 ut
2367 3543 2437 3615 ii,

371 3629 553 3707 quiin
573 3627 831 3690 Catilinae
849 3629 1254 3708 conjuratione
1273 3633 1660 3712 opprimenda
1678 3635 2055 3704 elaborat-int,
2078 3645 2438 3704 evertantur-3

378 3723 573 3800 itaque
592 3721 820 3798 judices
849 3721 1138 3799 hortatur,
1167 3737 1234 3782 ut
1257 3724 1318 3784 in
1348 3728 1632 3787 sententia
1659 3727 1927 3798 ferenda,
1954 3727 2099 3806 quid
2122 3726 2440 3786 communis

379 3813 560 3880 salus,
590 3813 733 3891 quid
769 3813 1106 3894 reipublicae
1130 3830 1395 3896 tempora
1420 3832 1696 3897 poscant,
1726 3822 2017 3898 cogitent,
2062 3822 2442 3896 Flaccumque

378 3903 454 3964 ab
477 3905 808 3964 innocentia
830 3903 1123 3968 et'virtute
1145 3909 1445 3970 laudatum
1468 3931 1672 3972 eorum
1686 3912 1929 3990 justitiae
1948 3925 2009 3970 et
2034 3911 2445 3972 misericordiae

375 3994 747 4056 commendat
765 4041 782 4071 ,
825 3999 1030 4068 38-102.
