2594 4537
349 286 438 378 74
791 284 891 355 IN
941 285 1489 357 oRA‘noNEM
1536 288 2031 358 sULLANAM

343 407 837 477 lamitosorum
873 408 1414 505 animOS,quam
1450 409 1537 481 ad
1558 408 2035 481 consolandos
2069 430 2473 479 accommo-
2543 460 2563 507 Ι-

345 519 575 589 datuS.
995 546 1007 557 ·
2537 510 2547 576 ἓ

419 671 579 727 Dicit
617 669 1056 749 Neapolitanam
1100 674 1393 733 civitatem
1431 674 1637 753 procul
1678 674 1851 733 fuisse
1895 672 1970 732 ab
2012 673 2179 731 omni
2220 670 2473 746 contagio

343 767 496 825 illius
523 768 971 845 conjurationis,
997 790 1063 829 ac
1089 784 1399 850 propterea
1418 772 1699 832 delectam
1718 777 1779 833 P.
1796 770 2003 847 Sullae,
2026 783 2096 829 ut
2116 768 2205 829 ibi
2229 788 2357 827 non
2376 788 2473 827 soe·
2560 817 2563 857 3

339 862 552 923 letatus
579 865 812 938 lateret,
841 866 943 925 sed
971 867 1146 927 miser
1171 870 1621 948 conquiesceret.

438 1052 564 1121 V1.
605 1048 964 1122 Veniebat
995 1051 1086 1124 ad
1127 1076 1280 1139 me,
1322 1067 1395 1124 et
1430 1077 1615 1152 saepe
1650 1050 2022 1139 veniebat,
2058 1052 2469 1123 Autronius.

419 1215 749 1277 Salubriter
771 1218 978 1277 institit
1003 1219 1142 1278 huic
1173 1220 1345 1298 parti.
1388 1220 1590 1279 Multis
1622 1234 1681 1278 et
1706 1220 1983 1297 impensis
2010 1216 2300 1297 precibus
2327 1216 2477 1275 auxi-

337 1313 481 1371 lium
517 1312 902 1389 defensioniS,
943 1318 1409 1375 commemoratis
1436 1316 1699 1375 amicitiae
1734 1316 1946 1374 veteris
1984 1314 2230 1388 officiis,
2273 1318 2474 1373 Autro-

339 1410 498 1469 nium
525 1412 870 1489 postulasse,
913 1415 1242 1490 multosque
1270 1414 1412 1473 alios
1440 1413 1515 1472 ad
1540 1414 1654 1472 hoc
1683 1412 2115 1492 impetrandum
2144 1431 2263 1489 pro
2292 1430 2355 1469 se
2384 1409 2477 1467 de-

339 1522 669 1585 precatores
685 1509 1046 1582 adhibuisse,
1077 1530 1186 1569 nec
1215 1524 1403 1569 tamen
1427 1511 1729 1569 extorsisse
1748 1524 1812 1568 ut
1831 1523 2117 1588 patronus
2137 1521 2200 1567 et
2222 1508 2480 1567 defensor
2551 1500 2563 1565 ’.

339 1603 658 1663 adsisteret.
691 1610 812 1665 Nec
839 1606 955 1665 hoc
982 1605 1176 1665 dicere
1210 1606 1573 1665 adversarius
1601 1620 1797 1685 posset
1828 1603 1855 1662 ε’
1884 1606 2110 1665 idcirco
2134 1604 2481 1663 Autronium
2560 1662 2563 1688 ἶ

339 1724 458 1761 non
487 1703 825 1777 defendisti,
853 1704 1012 1782 quod
1052 1724 1167 1762 non
1202 1704 1337 1763 satis
1368 1706 1582 1781 egerit,
1628 1717 1691 1763 ut
1718 1724 1753 1762 a
1790 1716 1847 1762 te
1889 1704 2335 1762 defenderetur.
2383 1699 2483 1760 sed

337 1800 384 1857 si
411 1800 526 1858 hoc
549 1800 964 1878 impensissime
994 1800 1335 1878 deprecatus
1368 1814 1455 1859 est
1473 1846 1489 1874 ,
1509 1822 1615 1859 nec
1640 1801 2003 1877 impetravit,
2026 1800 2225 1859 videri
2246 1801 2371 1879 jam
2395 1816 2485 1875 po-

338 1880 452 1955 fest
491 1896 709 1955 idcirco
737 1896 808 1955 ad
845 1888 1272 1956 defendendum
1316 1898 1530 1957 Sullam
1566 1897 1790 1969 venire,
1824 1896 1983 1975 quod
2028 1896 2106 1961 de
2154 1896 2283 1974 ejus
2320 1897 2485 1955 iuno·
2557 1937 2559 1941 ,

343 1993 531 2051 centia
563 2007 756 2053 certus
781 1994 874 2053 sit.
2557 1984 2559 1987 ’

435 2178 591 2247 VII.
639 2199 699 2244 1.
742 2172 961 2262 Quod
1001 2170 1290 2243 tandem
1314 2225 1334 2258 ‚
1370 2176 1769 2267 Torquate,
1806 2171 2167 2267 regnum?
2215 2174 2491 2241 Consu·

337 2285 556 2368 latuS‚
589 2283 844 2371 credo,
882 2284 1063 2369 mei,
1099 2284 1176 2350 in
1216 2305 1365 2376 quo
1402 2305 1537 2378 ego
1574 2283 1924 2382 imperavi
1954 2280 2165 2352 nihil.

413 2449 824 2508 Cumulaturus
849 2445 1127 2504 invidiam
1149 2449 1479 2523 Torquatus
1504 2446 1565 2504 in
1593 2464 1899 2523 personam
1924 2451 2008 2504 Μ.
2030 2447 2249 2520 Tullii,
2296 2461 2359 2504 et
2396 2447 2494 2501 hoc

335 2545 600 2604 dixerat:
625 2544 876 2621 quodam
907 2542 1071 2600 illum
1093 2541 1299 2619 spiritu
1338 2543 1494 2601 velut
1528 2537 1699 2621 regiae'
1722 2544 2027 2621 potestatis
2056 2563 2421 2622 exposcere,
2440 2553 2497 2598 ut

333 2644 494 2705 Sulla
523 2643 800 2699 innocens
815 2639 1127 2717 judicetur.
1155 2643 1359 2716 Itaque
1380 2638 1581 2718 (1)
1614 2641 1895 2699 statim...
1914 2684 1928 2699 .
1956 2642 2151 2698 addit.
2170 2686 2184 2698 .
2202 2686 2216 2700 .
2234 2682 2249 2698 .
2286 2659 2496 2700 consu—

334 2744 518 2801 latum
544 2757 714 2798 suum
752 2737 888 2810 talia
931 2735 1178 2796 edidisse
1217 2735 1631 2795 moderationis
1664 2750 1724 2796 et
1764 2737 2141 2796 continentias
2176 2752 2241 2797 et
2274 2735 2497 2796 virtutis

336 2835 604 2913 exempla
621 2883 636 2910 ,
663 2846 727 2892 ut
751 2853 872 2891 non
897 2833 1024 2910 ipse
1053 2852 1186 2902 rex,
1213 2831 1318 2890 sed
1347 2831 1471 2890 aliis
1495 2851 1736 2909 regnum
1764 2832 2183 2892 affectantibus
2206 2847 2366 2894 esset
2392 2834 2498 2890 ini-

335 2934 538 2994 micus.
569 2936 701 3006 Qua
725 2928 1094 2988 exsecutione
1115 2926 1281 2986 simul
1308 2943 1369 2986 et
1393 2926 1611 2985 invidia
1634 2927 1843 2988 liberat
1868 2931 2287 2990 auctoritatem
2312 2949 2497 2998 suam,
2560 2991 2563 3002 ⁴

337 3045 397 3090 et
417 3026 841 3107 impetrabilius
869 3027 1004 3084 facit
1031 3025 1192 3102 quod
1220 3024 1292 3084 ad
1326 3025 1501 3084 Sullae
1526 3026 1827 3084 victoriam
1846 3026 1935 3106 (a)
1958 3028 2326 3106 loquuturus
2356 3040 2465 3087 est.

438 3250 506 3294 2.
543 3224 655 3291 An
683 3235 764 3290 tu
777 3226 863 3306 (3)
891 3220 969 3288 in
995 3232 1198 3289 tanto
1230 3219 1540 3313 imperio
1570 3233 1918 3316 tantaque
1946 3235 2321 3318 potestate
2353 3245 2501 3291 non
2560 3237 2563 3320 g

335 3336 528 3406 dices
567 3354 684 3401 me
721 3328 939 3400 fuisse
980 3352 1256 3425 regem3
1294 3350 1491 3396 nunc
1528 3330 1891 3423 privatum
1934 3357 2246 3428 regnare
2280 3330 2503 3402 dieis?

415 3507 472 3560 A
505 3498 726 3572 majore
758 3495 832 3554 ad
859 3495 1069 3554 minus,
1109 3496 1190 3552 Ut
1214 3488 1375 3568 quod
1407 3510 1561 3548 nunc
1588 3493 1852 3568 privatus
1882 3495 1945 3554 in
1981 3495 2371 3556 defendendo
2404 3515 2502 3554 reo

336 3594 807 3660 innocentissimo
838 3593 1036 3662 faciat,
1067 3609 1186 3648 non
1221 3588 1297 3645 sit
1320 3587 1490 3662 regiae
1519 3590 1839 3667 superbiae,
1870 3593 1976 3653 sed
2010 3596 2153 3655 fidei
2184 3587 2507 3674 religiosae,

409 3859 486 3920 (ι)
516 3858 576 3902 In
609 3854 687 3900 his
712 3851 880 3916 spatiis
903 3853 1204 3896 evanuerunt
1223 3857 1423 3905 prorsus
1439 3841 1606 3891 literae.
1644 3848 1699 3893 Α.
1726 3851 1802 3896 Μ.

413 3941 489 4006 (9.)
513 3936 688 3987 Codex
705 3924 806 3982 «ad
827 3932 1010 3980 Sullam
1037 3926 1257 3974 victor-la
1275 3946 1321 3972 ιν.
1345 3925 1409 3972 Α.
1434 3927 1507 3972 Μ.

415 4025 490 4086 (3)
518 4021 596 4067 sic
621 4017 732 4066 cod.
752 4027 820 4063 eu.
850 4017 916 4092 [ἓν.
943 4014 995 4058 in
1021 4007 1138 4057 edd.
1159 4019 1277 4054 eum.
1305 4005 1363 4053 Α.
1394 4007 1465 4054 Μ.
