2594 4537
327 279 462 352 232
723 278 1377 349 MARKLANDI
1424 280 1547 347 ET
1596 278 2047 351 GESNERI

325 426 486 467 num
539 402 879 467 maximam
927 419 1174 491 partem
1211 418 1469 491 sumpta
1514 424 1655 467 esse
1692 424 1772 466 ex
1816 402 2071 491 egregia
2114 400 2457 467 Sextiam
2476 450 2493 477 ‚

327 532 456 599 qua
503 510 730 575 Cicero
765 509 1082 573 rationem
1115 507 1334 573 reddit
1369 510 1701 575 actionum
1740 524 1809 573 et
1844 509 2265 573 consiliorum
2310 532 2495 573 suo-

321 638 472 680 rum
507 631 650 679 tum
681 615 750 677 in
783 636 971 679 causa
999 612 1305 679 Clodiana
1325 661 1344 698 ,
1378 630 1522 679 tum
1547 616 1614 678 in
1650 614 1939 679 discessu
1976 637 2099 679 suo
2127 616 2209 679 ab
2238 615 2489 697 Urbe3

325 720 488 786 adeo
515 720 694 785 nulla
717 720 854 785 fere
881 722 948 784 in
977 720 1116 785 istis
1151 737 1250 786 est
1271 721 1447 785 bona
1474 720 1813 801 sententia,
1840 736 1957 785 aut
1986 718 2222 806 dictio,
2254 744 2489 809 quam

325 848 460 891 non
503 826 570 889 in
615 825 722 890 illa
767 844 832 891 et
869 825 1173 891 adversus
1219 826 1525 890 Pisonem
1570 826 1857 889 invenias
1874 873 1892 907 ,
1938 841 2175 914 praeter
2212 848 2487 916 paucos

326 929 642 1019 quosdam
689 926 868 997 locos
886 981 904 1015 ,
957 934 1070 1021 qui
1109 956 1189 997 ex
1231 931 1443 997 tribus
1488 948 1851 1021 quatuorve
1890 931 2027 997 aliis
2062 932 2245 997 libris
2280 934 2487 996 Cice·

323 1038 504 1101 ronis
541 1036 904 1103 adumbrati
941 1054 1113 1104 sunt.
1149 1038 1270 1103 Hic
1303 1039 1371 1102 in
1392 1038 1615 1126 primis
1652 1060 1864 1127 operae
1890 1039 2173 1127 pretium
2206 1054 2308 1103 est
2342 1060 2482 1103 co-

325 1156 634 1233 gnoscere
693 1143 1132 1211 declamatoris
1179 1145 1726 1210 dementissimam
1778 1146 2231 1211 temeritatem.
2284 1146 2479 1211 Nam

321 1248 662 1339 finguntur
695 1267 826 1315 tres
861 1253 1108 1341 priores
1144 1249 1375 1315 harum
1418 1250 1787 1315 orationum
1814 1273 1853 1313 a
1876 1251 2189 1315 Cicerone
2218 1250 2477 1315 habitae

323 1354 490 1419 intra
521 1356 798 1445 spatium
833 1359 1030 1421 unius
1061 1355 1301 1419 mensis
1340 1354 1533 1443 primi
1569 1378 1607 1419 a
1636 1353 1851 1421 reditu
1866 1403 1885 1437 ,
1926 1355 2313 1443 septembris
2344 1378 2471 1419 an.

323 1458 403 1525 U.
441 1461 514 1527 C.
559 1462 711 1550 697.
757 1462 959 1549 Atqui
1005 1462 1367 1527 Sextianam
1416 1460 1589 1525 illam
1615 1508 1635 1543 ,
1680 1461 1751 1523 in
1804 1482 1931 1549 qua
1978 1461 2305 1549 pleraeque
2348 1483 2470 1525 res

323 1564 565 1631 eaedem
597 1567 972 1649 recitantur,
1003 1566 1300 1655 sequenti
1336 1565 1602 1631 demum
1636 1588 1810 1630 anno
1840 1566 2121 1630 habitam
2156 1589 2330 1651 esse,
2358 1568 2471 1630 in-

322 1685 424 1735 ter
451 1694 678 1736 omnes
711 1688 980 1737 constat.
1008 1672 1216 1762 Igitur
1251 1694 1455 1760 quum
1484 1672 1551 1735 in
1580 1671 1701 1735 hac
1722 1670 2051 1756 Sextiana,
2093 1694 2151 1737 c.
2186 1673 2301 1754 16,
2338 1672 2465 1736 Ci-

323 1798 474 1841 cero
497 1778 590 1841 sic
609 1778 972 1866 alloquatur
991 1776 1236 1861 judices
1255 1802 1272 1843 ε
1300 1808 1325 1834 α
1345 1780 1681 1866 Exponam
1705 1777 2027 1843 hodierno
2048 1778 2157 1844 die
2184 1800 2461 1843 omnem

321 1881 644 1947 rationem
665 1882 838 1946 'facti
893 1899 958 1948 et
1013 1884 1264 1947 consilii
1306 1883 1435 1949 mei
1458 1904 1532 1947 n:
1581 1884 1737 1948 nolo
1788 1904 2336 1963 commemorare,
2384 1882 2463 1947 id

319 1988 592 2075 perinde
637 1988 883 2055 dictum
935 1989 1138 2055 videri
1156 2038 1174 2072 ,
1219 1991 1406 2079 quasi
1446 2012 1583 2055 non
1629 1990 1809 2079 prius
1852 1989 1935 2054 de
1978 1988 2213 2055 eodem
2262 2012 2463 2080 arg-u-

323 2112 546 2161 mento
577 2097 836 2185 publice
863 2097 1059 2163 verba
1087 2098 1343 2162 fecisset
1359 2148 1377 2175 ‚
1412 2094 1525 2161 sed
1550 2096 1711 2161 illud
1744 2118 1963 2185 quaero
1987 2112 2053 2161 et
2076 2112 2457 2185 percontor,

323 2222 544 2266 annon
584 2202 666 2286 ii,
717 2204 830 2293 qui
879 2226 1001 2293 pro
1041 2203 1256 2270 Sextio
1300 2202 1540 2268 dicenti
1592 2201 1967 2286 adstabant,
2006 2218 2329 2270 oratorem
2364 2205 2457 2267 ita

323 2309 710 2397 compellare
761 2309 1116 2374 deberent:
1153 2339 1178 2366 α
1208 2308 1637 2398 Supersedere
1684 2326 1869 2397 potes
1886 2359 1903 2392 ,
1946 2311 2037 2376 M.
2080 2310 2291 2393 Tulli,
2330 2311 2455 2376 isto

321 2412 583 2495 labore3
618 2414 889 2502 pulchre
915 2415 1154 2478 scimus
1172 2461 1191 2490 ‚
1239 2437 1387 2502 quae
1426 2415 1616 2478 nobis
1657 2432 2031 2480 narraturus
2064 2437 2168 2498 es,
2190 2418 2327 2497 jam
2353 2416 2451 2480 bis

323 2535 500 2581 terve
533 2517 826 2584 eamdem
861 2541 940 2583 ex
971 2535 1036 2585 te
1077 2519 1355 2584 fabulam
1398 2516 1763 2584 audivimus
1798 2543 1971 2585 anno
2010 2524 2313 2609 proximo
2354 2543 2454 2586 su·

321 2622 577 2709 periore
596 2652 622 2678 υ
647 2645 662 2686 :
692 2639 864 2688 certe
893 2623 979 2688 ita
1019 2647 1238 2688 secum
1272 2625 1555 2714 cogitare
1590 2624 1867 2690 debebat
1892 2626 2171 2715 quisque
2196 2625 2455 2692 audito-

325 2747 474 2788 rum
491 2774 510 2806 ,
553 2728 606 2790 si
642 2727 778 2792 istoe
815 2729 1134 2794 orationes
1186 2730 1477 2812 ejusdem
1522 2748 1739 2796 essent
1774 2732 2075 2798 auctoris.
2121 2733 2301 2822 Ergo
2346 2755 2456 2797 ne-

322 2853 498 2896 cesse
535 2833 656 2898 erit
709 2833 984 2899 alterum
1026 2835 1110 2900 sit
1153 2835 1236 2900 de
1277 2835 1537 2901 duobus
1555 2885 1572 2918 ,
1616 2855 1693 2902 ut
1741 2853 1853 2901 aut
1892 2837 2120 2903 Cicero
2162 2839 2305 2926 ipse
2338 2839 2453 2904 has

322 2953 452 3000 tres
483 2940 845 3021 orationes,
887 2963 1062 3006 anno
1101 2942 1228 3030 697
1266 2943 1516 3006 habitas
1536 2990 1555 3024 ,
1588 2959 1923 3008 mutuatus
1962 2944 2047 3008 sit
2080 2967 2159 3008 ex
2189 2945 2453 3034 propria

321 3043 652 3130 Sextiana,
693 3069 889 3134 quam
937 3071 1038 3112 an.
1091 3047 1220 3134 698
1261 3047 1495 3112 dictam
1548 3071 1687 3113 esse
1736 3049 2003 3132 monui3
2040 3067 2155 3116 aut
2198 3050 2295 3138 (si
2326 3051 2455 3115 hoc

321 3149 461 3213 fieri
493 3173 628 3215 non
651 3151 868 3239 potuit
885 3151 931 3239 ),
951 3168 1028 3217 ut
1051 3153 1413 3218 Sextianam
1442 3155 1883 3242 composuerit
1910 3176 1988 3218 ex
2012 3153 2221 3218 tribus
2238 3203 2259 3232 ,
2294 3177 2453 3244 quas

319 3252 636 3317 habuerat
659 3277 836 3321 anno
863 3257 1078 3343 priore
1097 3303 1116 3338 ‚
1141 3272 1339 3345 atque
1366 3257 1556 3320 etiam
1584 3257 1655 3319 in
1678 3258 1909 3347 vulgus
1938 3255 2259 3324 ediderat:¹
2302 3283 2453 3324 nam

321 3355 483 3422 duas
519 3359 741 3424 saltem
769 3383 990 3425 earum
1020 3361 1238 3451 paullo
1265 3379 1417 3450 post
1449 3362 1802 3427 dictionem
1830 3363 2022 3452 etiam
2050 3361 2254 3428 editas
2280 3387 2449 3449 esse,

317 3463 736 3553 intelligimus
765 3489 844 3531 ex
871 3484 1029 3532 orat.
1059 3491 1180 3558 pro
1206 3467 1425 3532 Plane.
1452 3490 1509 3533 c.
1546 3467 1630 3533 30
1651 3517 1669 3552 ,
1703 3486 1770 3535 et
1790 3469 1957 3559 Epp.
1986 3468 2069 3534 ad
2096 3470 2230 3534 Att.
2254 3469 2374 3554 lv,
2392 3493 2449 3536 2.

318 3569 445 3635 Sed
471 3593 680 3658 quum
719 3589 1024 3637 neutrum
1061 3595 1323 3655 eorum,
1348 3597 1491 3662 quoe
1525 3576 1753 3663 posui,
1777 3575 2119 3640 verisimile
2150 3577 2271 3660 sit3
2308 3577 2451 3642 alte·

317 3698 467 3740 rum
509 3679 684 3742 enim
731 3679 868 3767 ipsa
905 3701 976 3742 re
1021 3679 1294 3762 tollitur,
1334 3701 1455 3744 nec
1486 3680 1754 3769 cogitari
1798 3681 1935 3745 ullo
1970 3680 2169 3746 modo
2198 3699 2449 3770 potoet3

320 3781 592 3848 alterum
641 3785 884 3874 ingenii
932 3785 1339 3850 Ciceroniani
1385 3788 1571 3875 copia
1607 3787 1999 3876 ubertasque
2032 3787 2297 3854 dicendi
2334 3812 2447 3854 nos

319 3886 580 3953 credere
612 3911 748 3952 non
777 3891 967 3954 sinit:
995 3892 1257 3956 tertium
1285 3892 1609 3981 reliquum
1634 3910 1732 3958 est
1749 3941 1768 3975 ,
1795 3910 1874 3958 ut
1894 3892 2291 3958 declamator
2316 3918 2445 3960 ma·
2496 3904 2509 3918 ⁰

316 3993 540 4088 teriam
557 4017 740 4061 suam
761 4043 778 4076 ,
801 3997 916 4060 uni
941 3997 1248 4086 singulari
1271 4021 1445 4064 anno
1468 4015 1935 4090 congruentem
1958 3999 2444 4088 ,imprudenter
