<?xml version="1.0" encoding="UTF-8"?>
<!DOCTYPE html PUBLIC "-//W3C//DTD XHTML 1.0 Transitional//EN"
    "http://www.w3.org/TR/xhtml1/DTD/xhtml1-transitional.dtd">
<html xmlns="http://www.w3.org/1999/xhtml" xml:lang="en" lang="en">
 <head>
  <title>
</title>
<meta http-equiv="Content-Type" content="text/html;charset=utf-8" />
  <meta name='ocr-system' content='tesseract 3.04.00' />
  <meta name='ocr-capabilities' content='ocr_page ocr_carea ocr_par ocr_line ocrx_word'/>
</head>
<body>
  <div class='ocr_page' id='page_1' title='image "./mtciceronisquae05lemagoog_0024.png"; bbox 0 0 2594 4537; ppageno 0'>
   <div class='ocr_carea' id='block_1_1' title="bbox 351 328 1839 398">
    <p class='ocr_par' dir='ltr' id='par_1_1' title="bbox 351 328 1839 398">
     <span class='ocr_line' id='line_1_1' title="bbox 351 328 1839 398; baseline -0.001 -1"><span class='ocrx_word' id='word_1_1' title='bbox 351 352 431 397; x_wconf 77' lang='lat'><strong>12</strong></span> <span class='ocrx_word' id='word_1_2' title='bbox 979 330 1074 396; x_wconf 90' lang='lat' dir='ltr'><strong>M.</strong></span> <span class='ocrx_word' id='word_1_3' title='bbox 1127 328 1204 395; x_wconf 89' lang='lat' dir='ltr'><strong>T.</strong></span> <span class='ocrx_word' id='word_1_4' title='bbox 1256 328 1839 398; x_wconf 87' lang='lat' dir='ltr'>CICERONIS</span> 
     </span>
    </p>
   </div>
   <div class='ocr_carea' id='block_1_2' title="bbox 333 448 2582 1982">
    <p class='ocr_par' dir='ltr' id='par_1_2' title="bbox 339 448 2485 875">
     <span class='ocr_line' id='line_1_2' title="bbox 339 448 2484 542; baseline 0.001 -23"><span class='ocrx_word' id='word_1_5' title='bbox 339 473 501 520; x_wconf 84' lang='lat' dir='ltr'><strong>rum</strong></span> <span class='ocrx_word' id='word_1_6' title='bbox 541 452 953 520; x_wconf 83' lang='lat' dir='ltr'><strong>societatem</strong></span> <span class='ocrx_word' id='word_1_7' title='bbox 993 448 1417 523; x_wconf 85' lang='lat' dir='ltr'><strong>diremisset.</strong></span> <span class='ocrx_word' id='word_1_8' title='bbox 1458 452 1642 542; x_wconf 89' lang='lat' dir='ltr'><strong>Quis</strong></span> <span class='ocrx_word' id='word_1_9' title='bbox 1686 460 2017 521; x_wconf 84' lang='lat' dir='ltr'><strong>nostrum</strong></span> <span class='ocrx_word' id='word_1_10' title='bbox 2070 451 2264 520; x_wconf 83' lang='lat' dir='ltr'><strong>Serv.</strong></span> <span class='ocrx_word' id='word_1_11' title='bbox 2318 450 2484 522; x_wconf 89' lang='lat' dir='ltr'><strong>Sul·-</strong></span> 
     </span>
     <span class='ocr_line' id='line_1_3' title="bbox 339 554 2482 657; baseline -0 -27"><span class='ocrx_word' id='word_1_12' title='bbox 339 554 578 630; x_wconf 66' lang='lat' dir='ltr'><strong>lamss?</strong></span> <span class='ocrx_word' id='word_1_13' title='bbox 618 560 780 657; x_wconf 89' lang='lat' dir='ltr'><strong>quis</strong></span> <span class='ocrx_word' id='word_1_14' title='bbox 833 558 950 629; x_wconf 71' lang='lat' dir='ltr'><strong>R?</strong></span> <span class='ocrx_word' id='word_1_15' title='bbox 1001 562 1166 655; x_wconf 86' lang='lat' dir='ltr'><strong>quis</strong></span> <span class='ocrx_word' id='word_1_16' title='bbox 1211 564 1310 631; x_wconf 89' lang='lat' dir='ltr'><strong>M.</strong></span> <span class='ocrx_word' id='word_1_17' title='bbox 1364 566 1639 632; x_wconf 83' lang='lat' dir='ltr'><strong>Laecam</strong></span> <span class='ocrx_word' id='word_1_18' title='bbox 1664 562 1741 631; x_wconf 82' lang='lat'><strong>9?</strong></span> <span class='ocrx_word' id='word_1_19' title='bbox 1777 562 2027 656; x_wconf 86' lang='lat' dir='ltr'><strong>quis¹⁰</strong></span> <span class='ocrx_word' id='word_1_20' title='bbox 2058 560 2482 634; x_wconf 88' lang='lat' dir='ltr'><strong>Cornelium</strong></span> 
     </span>
     <span class='ocr_line' id='line_1_4' title="bbox 341 668 2479 768; baseline 0.001 -28"><span class='ocrx_word' id='word_1_21' title='bbox 341 668 881 741; x_wconf 86' lang='lat' dir='ltr'><strong>defendendum</strong></span> <span class='ocrx_word' id='word_1_22' title='bbox 921 671 1244 768; x_wconf 83' lang='lat' dir='ltr'><strong>putavit?</strong></span> <span class='ocrx_word' id='word_1_23' title='bbox 1279 674 1445 768; x_wconf 88' lang='lat' dir='ltr'><strong>quis</strong></span> <span class='ocrx_word' id='word_1_24' title='bbox 1474 672 1589 744; x_wconf 87' lang='lat' dir='ltr'><strong>his</strong></span> <span class='ocrx_word' id='word_1_25' title='bbox 1620 672 1888 743; x_wconf 92' lang='lat' dir='ltr'><strong>horum</strong></span> <span class='ocrx_word' id='word_1_26' title='bbox 1916 668 2195 759; x_wconf 81' lang='lat' dir='ltr'><strong>adfuit?</strong></span> <span class='ocrx_word' id='word_1_27' title='bbox 2222 668 2479 744; x_wconf 86' lang='lat' dir='ltr'><strong>Nemo.</strong></span> 
     </span>
     <span class='ocr_line' id='line_1_5' title="bbox 340 777 2485 875; baseline 0.002 -28"><span class='ocrx_word' id='word_1_28' title='bbox 340 777 535 871; x_wconf 90' lang='lat' dir='ltr'><strong>Quid</strong></span> <span class='ocrx_word' id='word_1_29' title='bbox 572 780 716 848; x_wconf 80' lang='lat' dir='ltr'><strong>ita?</strong></span> <span class='ocrx_word' id='word_1_30' title='bbox 752 780 926 875; x_wconf 87' lang='lat' dir='ltr'><strong>quia</strong></span> <span class='ocrx_word' id='word_1_31' title='bbox 965 782 1218 851; x_wconf 85' lang='lat' dir='ltr'><strong>ceteris</strong></span> <span class='ocrx_word' id='word_1_32' title='bbox 1253 782 1332 851; x_wconf 88' lang='lat' dir='ltr'><strong>in</strong></span> <span class='ocrx_word' id='word_1_33' title='bbox 1370 784 1601 854; x_wconf 87' lang='lat' dir='ltr'><strong>causis</strong></span> <span class='ocrx_word' id='word_1_34' title='bbox 1622 837 1641 871; x_wconf 92' lang='lat'>‚</span> <span class='ocrx_word' id='word_1_35' title='bbox 1678 786 1893 853; x_wconf 87' lang='lat' dir='ltr'><strong>etiam</strong></span> <span class='ocrx_word' id='word_1_36' title='bbox 1928 796 2312 865; x_wconf 62' lang='lat' dir='ltr'><strong>nocentes}</strong></span> <span class='ocrx_word' id='word_1_37' title='bbox 2347 783 2485 852; x_wconf 85' lang='lat' dir='ltr'><strong>viri</strong></span> 
     </span>
    </p>

    <p class='ocr_par' dir='ltr' id='par_1_3' title="bbox 333 884 2582 1982">
     <span class='ocr_line' id='line_1_6' title="bbox 336 884 2582 989; baseline 0.003 -32"><span class='ocrx_word' id='word_1_38' title='bbox 336 885 558 972; x_wconf 88' lang='lat' dir='ltr'><strong>boni,</strong></span> <span class='ocrx_word' id='word_1_39' title='bbox 595 893 653 959; x_wconf 89' lang='lat' dir='ltr'><strong>si</strong></span> <span class='ocrx_word' id='word_1_40' title='bbox 689 889 1073 960; x_wconf 86' lang='lat' dir='ltr'><strong>necessarii</strong></span> <span class='ocrx_word' id='word_1_41' title='bbox 1105 905 1319 979; x_wconf 88' lang='lat' dir='ltr'><strong>sunt,</strong></span> <span class='ocrx_word' id='word_1_42' title='bbox 1373 890 1891 963; x_wconf 83' lang='lat' dir='ltr'><strong>deserendos¹¹</strong></span> <span class='ocrx_word' id='word_1_43' title='bbox 1936 916 2091 964; x_wconf 87' lang='lat' dir='ltr'><strong>esse</strong></span> <span class='ocrx_word' id='word_1_44' title='bbox 2138 916 2289 963; x_wconf 91' lang='lat' dir='ltr'><strong>non</strong></span> <span class='ocrx_word' id='word_1_45' title='bbox 2340 916 2482 989; x_wconf 89' lang='lat' dir='ltr'><strong>pu·</strong></span> <span class='ocrx_word' id='word_1_46' title='bbox 2580 884 2582 887; x_wconf 37' lang='lat'><strong>⁴</strong></span> 
     </span>
     <span class='ocr_line' id='line_1_7' title="bbox 335 998 2479 1097; baseline 0.002 -30"><span class='ocrx_word' id='word_1_47' title='bbox 335 1008 572 1068; x_wconf 73' lang='lat' dir='ltr'><strong>tant¹12</strong></span> <span class='ocrx_word' id='word_1_48' title='bbox 609 1025 626 1067; x_wconf 78' lang='grc' dir='ltr'><strong><em>ε</em></strong></span> <span class='ocrx_word' id='word_1_49' title='bbox 664 1000 740 1069; x_wconf 89' lang='lat' dir='ltr'><strong>in</strong></span> <span class='ocrx_word' id='word_1_50' title='bbox 777 998 918 1071; x_wconf 89' lang='lat' dir='ltr'><strong>hoc</strong></span> <span class='ocrx_word' id='word_1_51' title='bbox 957 1001 1257 1071; x_wconf 87' lang='lat' dir='ltr'><strong>crimine</strong></span> <span class='ocrx_word' id='word_1_52' title='bbox 1293 1026 1444 1073; x_wconf 88' lang='lat' dir='ltr'><strong>non</strong></span> <span class='ocrx_word' id='word_1_53' title='bbox 1480 1001 1716 1072; x_wconf 89' lang='lat' dir='ltr'><strong>solum</strong></span> <span class='ocrx_word' id='word_1_54' title='bbox 1748 1001 2053 1073; x_wconf 87' lang='lat' dir='ltr'><strong>levitatis</strong></span> <span class='ocrx_word' id='word_1_55' title='bbox 2091 1015 2199 1071; x_wconf 89' lang='lat' dir='ltr'><strong>est</strong></span> <span class='ocrx_word' id='word_1_56' title='bbox 2232 1000 2479 1097; x_wconf 85' lang='lat' dir='ltr'><strong>culpa,</strong></span> 
     </span>
     <span class='ocr_line' id='line_1_8' title="bbox 334 1107 2483 1209; baseline 0.003 -32"><span class='ocrx_word' id='word_1_57' title='bbox 334 1131 587 1179; x_wconf 84' lang='lat' dir='ltr'><strong>verum</strong></span> <span class='ocrx_word' id='word_1_58' title='bbox 622 1113 836 1180; x_wconf 88' lang='lat' dir='ltr'><strong>etiam</strong></span> <span class='ocrx_word' id='word_1_59' title='bbox 873 1109 1206 1207; x_wconf 86' lang='lat' dir='ltr'><strong>quaedam</strong></span> <span class='ocrx_word' id='word_1_60' title='bbox 1239 1115 1575 1209; x_wconf 84' lang='lat' dir='ltr'><strong>contagio</strong></span> <span class='ocrx_word' id='word_1_61' title='bbox 1603 1111 1889 1183; x_wconf 88' lang='lat' dir='ltr'><strong>sceleris</strong></span> <span class='ocrx_word' id='word_1_62' title='bbox 1912 1107 2002 1197; x_wconf 81' lang='lat'><strong>¹3,</strong></span> <span class='ocrx_word' id='word_1_63' title='bbox 2039 1114 2098 1181; x_wconf 87' lang='lat' dir='ltr'><strong>si</strong></span> <span class='ocrx_word' id='word_1_64' title='bbox 2134 1108 2483 1183; x_wconf 77' lang='lat' dir='ltr'><strong>defendas</strong></span> 
     </span>
     <span class='ocr_line' id='line_1_9' title="bbox 335 1218 2484 1320; baseline 0.002 -33"><span class='ocrx_word' id='word_1_65' title='bbox 335 1242 539 1305; x_wconf 91' lang='lat' dir='ltr'><strong>eum,</strong></span> <span class='ocrx_word' id='word_1_66' title='bbox 593 1243 812 1316; x_wconf 88' lang='lat' dir='ltr'><strong>quem</strong></span> <span class='ocrx_word' id='word_1_67' title='bbox 855 1218 1282 1292; x_wconf 79' lang='lat' dir='ltr'><strong>obstrictum</strong></span> <span class='ocrx_word' id='word_1_68' title='bbox 1327 1244 1483 1294; x_wconf 89' lang='lat' dir='ltr'><strong>esse</strong></span> <span class='ocrx_word' id='word_1_69' title='bbox 1521 1226 1765 1320; x_wconf 85' lang='lat' dir='ltr'><strong>patriae</strong></span> <span class='ocrx_word' id='word_1_70' title='bbox 1808 1220 2196 1320; x_wconf 88' lang='lat' dir='ltr'><strong>parricidio</strong></span> <span class='ocrx_word' id='word_1_71' title='bbox 2240 1222 2484 1319; x_wconf 86' lang='lat' dir='ltr'><strong>suspi-</strong></span> 
     </span>
     <span class='ocr_line' id='line_1_10' title="bbox 333 1329 2483 1429; baseline 0.001 -30"><span class='ocrx_word' id='word_1_72' title='bbox 333 1351 518 1401; x_wconf 88' lang='lat' dir='ltr'><strong>cere.</strong></span> <span class='ocrx_word' id='word_1_73' title='bbox 564 1329 806 1420; x_wconf 80' lang='lat' dir='ltr'><strong>Quid?</strong></span> <span class='ocrx_word' id='word_1_74' title='bbox 847 1333 1205 1403; x_wconf 84' lang='lat' dir='ltr'><strong>Autronio</strong></span> <span class='ocrx_word' id='word_1_75' title='bbox 1253 1357 1505 1404; x_wconf 91' lang='lat' dir='ltr'><strong>nonne</strong></span> <span class='ocrx_word' id='word_1_76' title='bbox 1546 1332 1827 1404; x_wconf 90' lang='lat' dir='ltr'><strong>sodales</strong></span> <span class='ocrx_word' id='word_1_77' title='bbox 1861 1335 1947 1419; x_wconf 68' lang='lat'><strong>¹4,</strong></span> <span class='ocrx_word' id='word_1_78' title='bbox 1990 1356 2139 1403; x_wconf 91' lang='lat' dir='ltr'><strong>non</strong></span> <span class='ocrx_word' id='word_1_79' title='bbox 2188 1331 2483 1429; x_wconf 68' lang='lat' dir='ltr'><strong>collegae</strong></span> 
     </span>
     <span class='ocr_line' id='line_1_11' title="bbox 333 1440 2481 1540; baseline 0.002 -31"><span class='ocrx_word' id='word_1_80' title='bbox 333 1440 484 1525; x_wconf 82' lang='lat' dir='ltr'><strong>sui,</strong></span> <span class='ocrx_word' id='word_1_81' title='bbox 524 1464 677 1511; x_wconf 91' lang='lat' dir='ltr'><strong>non</strong></span> <span class='ocrx_word' id='word_1_82' title='bbox 715 1456 997 1514; x_wconf 84' lang='lat' dir='ltr'><strong>veteres</strong></span> <span class='ocrx_word' id='word_1_83' title='bbox 1031 1442 1281 1529; x_wconf 84' lang='lat' dir='ltr'><strong>amici,</strong></span> <span class='ocrx_word' id='word_1_84' title='bbox 1336 1466 1654 1540; x_wconf 90' lang='lat' dir='ltr'><strong>quorum</strong></span> <span class='ocrx_word' id='word_1_85' title='bbox 1694 1442 1815 1515; x_wconf 90' lang='lat' dir='ltr'><strong>ille</strong></span> <span class='ocrx_word' id='word_1_86' title='bbox 1852 1446 2067 1540; x_wconf 90' lang='lat' dir='ltr'><strong>copia</strong></span> <span class='ocrx_word' id='word_1_87' title='bbox 2102 1441 2481 1539; x_wconf 89' lang='lat' dir='ltr'><strong>quondam</strong></span> 
     </span>
     <span class='ocr_line' id='line_1_12' title="bbox 335 1547 2484 1652; baseline 0.003 -33"><span class='ocrx_word' id='word_1_88' title='bbox 335 1547 774 1637; x_wconf 81' lang='lat' dir='ltr'><strong>abundarat,</strong></span> <span class='ocrx_word' id='word_1_89' title='bbox 800 1576 954 1623; x_wconf 92' lang='lat' dir='ltr'><strong>non</strong></span> <span class='ocrx_word' id='word_1_90' title='bbox 982 1552 1058 1622; x_wconf 93' lang='lat' dir='ltr'><strong>hi</strong></span> <span class='ocrx_word' id='word_1_91' title='bbox 1087 1576 1343 1623; x_wconf 89' lang='lat' dir='ltr'><strong>omnes</strong></span> <span class='ocrx_word' id='word_1_92' title='bbox 1361 1607 1380 1640; x_wconf 92' lang='lat'>‚</span> <span class='ocrx_word' id='word_1_93' title='bbox 1406 1558 1535 1651; x_wconf 86' lang='lat' dir='ltr'><strong>qui</strong></span> <span class='ocrx_word' id='word_1_94' title='bbox 1572 1569 1743 1626; x_wconf 88' lang='lat' dir='ltr'><strong>sunt</strong></span> <span class='ocrx_word' id='word_1_95' title='bbox 1776 1555 1853 1623; x_wconf 89' lang='lat' dir='ltr'><strong>in</strong></span> <span class='ocrx_word' id='word_1_96' title='bbox 1882 1551 2257 1652; x_wconf 83' lang='lat' dir='ltr'><strong>republica</strong></span> <span class='ocrx_word' id='word_1_97' title='bbox 2285 1556 2484 1650; x_wconf 89' lang='lat' dir='ltr'><strong>prin-</strong></span> 
     </span>
     <span class='ocr_line' id='line_1_13' title="bbox 335 1659 2481 1760; baseline 0 -29"><span class='ocrx_word' id='word_1_98' title='bbox 335 1660 531 1756; x_wconf 89' lang='lat' dir='ltr'><strong>cipes</strong></span> <span class='ocrx_word' id='word_1_99' title='bbox 560 1714 581 1747; x_wconf 88' lang='lat'>‚</span> <span class='ocrx_word' id='word_1_100' title='bbox 634 1659 1080 1733; x_wconf 82' lang='lat' dir='ltr'><strong>defuerunt?</strong></span> <span class='ocrx_word' id='word_1_101' title='bbox 1126 1664 1353 1732; x_wconf 90' lang='lat' dir='ltr'><strong>immo</strong></span> <span class='ocrx_word' id='word_1_102' title='bbox 1414 1666 1628 1734; x_wconf 85' lang='lat' dir='ltr'><strong>etiam</strong></span> <span class='ocrx_word' id='word_1_103' title='bbox 1678 1664 2095 1734; x_wconf 85' lang='lat' dir='ltr'><strong>testimonio</strong></span> <span class='ocrx_word' id='word_1_104' title='bbox 2148 1662 2481 1760; x_wconf 80' lang='lat' dir='ltr'><strong>plerique</strong></span> 
     </span>
     <span class='ocr_line' id='line_1_14' title="bbox 336 1769 2480 1858; baseline 0.002 -19"><span class='ocrx_word' id='word_1_105' title='bbox 336 1770 672 1841; x_wconf 74' lang='lat' dir='ltr'><strong>laeserunt</strong></span> <span class='ocrx_word' id='word_1_106' title='bbox 692 1769 798 1839; x_wconf 84' lang='lat'><strong>¹⁵?</strong></span> <span class='ocrx_word' id='word_1_107' title='bbox 833 1777 1276 1858; x_wconf 81' lang='lat' dir='ltr'><strong>statuerant,</strong></span> <span class='ocrx_word' id='word_1_108' title='bbox 1311 1787 1591 1845; x_wconf 86' lang='lat' dir='ltr'><strong>tantum</strong></span> <span class='ocrx_word' id='word_1_109' title='bbox 1624 1771 1803 1845; x_wconf 91' lang='lat' dir='ltr'><strong>illud</strong></span> <span class='ocrx_word' id='word_1_110' title='bbox 1834 1796 1989 1845; x_wconf 87' lang='lat' dir='ltr'><strong>esse</strong></span> <span class='ocrx_word' id='word_1_111' title='bbox 2015 1769 2480 1856; x_wconf 80' lang='lat' dir='ltr'><strong>maleficium,</strong></span> 
     </span>
     <span class='ocr_line' id='line_1_15' title="bbox 333 1880 2481 1982; baseline 0.001 -31"><span class='ocrx_word' id='word_1_112' title='bbox 333 1880 534 1978; x_wconf 90' lang='lat' dir='ltr'><strong>quod</strong></span> <span class='ocrx_word' id='word_1_113' title='bbox 569 1906 723 1952; x_wconf 90' lang='lat' dir='ltr'><strong>non</strong></span> <span class='ocrx_word' id='word_1_114' title='bbox 759 1881 982 1953; x_wconf 90' lang='lat' dir='ltr'><strong>modo</strong></span> <span class='ocrx_word' id='word_1_115' title='bbox 1019 1907 1172 1953; x_wconf 90' lang='lat' dir='ltr'><strong>non</strong></span> <span class='ocrx_word' id='word_1_116' title='bbox 1209 1883 1557 1955; x_wconf 88' lang='lat' dir='ltr'><strong>occultari</strong></span> <span class='ocrx_word' id='word_1_117' title='bbox 1596 1908 1730 1982; x_wconf 86' lang='lat' dir='ltr'><strong>per</strong></span> <span class='ocrx_word' id='word_1_118' title='bbox 1764 1908 1878 1967; x_wconf 87' lang='lat' dir='ltr'><strong>se,</strong></span> <span class='ocrx_word' id='word_1_119' title='bbox 1912 1881 2039 1954; x_wconf 90' lang='lat' dir='ltr'><strong>sed</strong></span> <span class='ocrx_word' id='word_1_120' title='bbox 2068 1883 2281 1954; x_wconf 74' lang='lat' dir='ltr'><strong>etiatfi</strong></span> <span class='ocrx_word' id='word_1_121' title='bbox 2312 1905 2481 1980; x_wconf 83' lang='lat' dir='ltr'><strong>ape·</strong></span> 
     </span>
    </p>
   </div>
   <div class='ocr_carea' id='block_1_3' title="bbox 134 1990 1337 2093">
    <p class='ocr_par' dir='ltr' id='par_1_4' title="bbox 134 1990 1337 2093">
     <span class='ocr_line' id='line_1_16' title="bbox 134 1990 1337 2093; baseline 0.002 -33"><span class='ocrx_word' id='word_1_122' title='bbox 134 2085 142 2093; x_wconf 93' lang='lat'><strong>.</strong></span> <span class='ocrx_word' id='word_1_123' title='bbox 229 2018 234 2023; x_wconf 87' lang='lat'><strong>·</strong></span> <span class='ocrx_word' id='word_1_124' title='bbox 329 1991 454 2061; x_wconf 87' lang='lat' dir='ltr'><strong>riri</strong></span> <span class='ocrx_word' id='word_1_125' title='bbox 493 1991 979 2090; x_wconf 81' lang='lat' dir='ltr'><strong>illustrarique</strong></span> <span class='ocrx_word' id='word_1_126' title='bbox 1015 1990 1337 2065; x_wconf 87' lang='lat' dir='ltr'><strong>deberet.</strong></span> 
     </span>
    </p>
   </div>
   <div class='ocr_carea' id='block_1_4' title="bbox 428 2102 2477 2202">
    <p class='ocr_par' dir='ltr' id='par_1_5' title="bbox 428 2102 2477 2202">
     <span class='ocr_line' id='line_1_17' title="bbox 428 2102 2477 2202; baseline 0.001 -31"><span class='ocrx_word' id='word_1_127' title='bbox 428 2104 552 2173; x_wconf 88' lang='lat' dir='ltr'><strong>III.</strong></span> <span class='ocrx_word' id='word_1_128' title='bbox 612 2102 1107 2194; x_wconf 86' lang='lat' dir='ltr'><strong>Quamobrem</strong></span> <span class='ocrx_word' id='word_1_129' title='bbox 1169 2103 1351 2202; x_wconf 89' lang='lat' dir='ltr'><strong>quid</strong></span> <span class='ocrx_word' id='word_1_130' title='bbox 1406 2118 1552 2192; x_wconf 85' lang='lat' dir='ltr'><strong>est,</strong></span> <span class='ocrx_word' id='word_1_131' title='bbox 1598 2106 1803 2202; x_wconf 86' lang='lat' dir='ltr'><strong>quod</strong></span> <span class='ocrx_word' id='word_1_132' title='bbox 1861 2105 2121 2176; x_wconf 88' lang='lat' dir='ltr'><strong>mirere</strong></span> <span class='ocrx_word' id='word_1_133' title='bbox 2141 2158 2162 2191; x_wconf 89' lang='lat'>‚</span> <span class='ocrx_word' id='word_1_134' title='bbox 2204 2106 2263 2176; x_wconf 84' lang='lat' dir='ltr'><strong>si</strong></span> <span class='ocrx_word' id='word_1_135' title='bbox 2306 2126 2477 2175; x_wconf 89' lang='lat' dir='ltr'><strong>cum</strong></span> 
     </span>
    </p>
   </div>
   <div class='ocr_carea' id='block_1_5' title="bbox 333 2320 2479 2466">
    <p class='ocr_par' dir='ltr' id='par_1_6' title="bbox 333 2320 2479 2466">
     <span class='ocr_line' id='line_1_18' title="bbox 402 2320 2479 2386; baseline -0.002 -14"><span class='ocrx_word' id='word_1_136' title='bbox 402 2325 451 2373; x_wconf 79' lang='lat'><strong>8.</strong></span> <span class='ocrx_word' id='word_1_137' title='bbox 477 2323 690 2372; x_wconf 71' lang='lat' dir='ltr'><strong>Servium</strong></span> <span class='ocrx_word' id='word_1_138' title='bbox 707 2327 911 2375; x_wconf 80' lang='lat' dir='ltr'><strong>Sullam.</strong></span> <span class='ocrx_word' id='word_1_139' title='bbox 941 2327 1138 2374; x_wconf 66' lang='lat' dir='ltr'><strong>Servius</strong></span> <span class='ocrx_word' id='word_1_140' title='bbox 1170 2337 1219 2372; x_wconf 85' lang='lat' dir='ltr'><strong>et</strong></span> <span class='ocrx_word' id='word_1_141' title='bbox 1255 2326 1355 2372; x_wconf 80' lang='lat' dir='ltr'><strong>Pn-</strong></span> <span class='ocrx_word' id='word_1_142' title='bbox 1446 2323 1693 2372; x_wconf 69' lang='lat' dir='ltr'><strong>consulem</strong></span> <span class='ocrx_word' id='word_1_143' title='bbox 1768 2323 2140 2370; x_wconf 76' lang='lat' dir='ltr'><strong>interfecturum</strong></span> <span class='ocrx_word' id='word_1_144' title='bbox 2224 2320 2479 2386; x_wconf 69' lang='lat' dir='ltr'><strong>pollicitus</strong></span> 
     </span>
     <span class='ocr_line' id='line_1_19' title="bbox 333 2402 1569 2466; baseline 0.002 -18"><span class='ocrx_word' id='word_1_145' title='bbox 333 2402 458 2450; x_wconf 76' lang='lat' dir='ltr'><strong>bliue</strong></span> <span class='ocrx_word' id='word_1_146' title='bbox 483 2402 639 2460; x_wconf 74' lang='lat' dir='ltr'><strong>Sulla,</strong></span> <span class='ocrx_word' id='word_1_147' title='bbox 664 2403 811 2451; x_wconf 83' lang='lat' dir='ltr'><strong>ambo</strong></span> <span class='ocrx_word' id='word_1_148' title='bbox 837 2405 1111 2464; x_wconf 76' lang='lat' dir='ltr'><strong>coniurati,</strong></span> <span class='ocrx_word' id='word_1_149' title='bbox 1141 2403 1355 2466; x_wconf 80' lang='lat' dir='ltr'><strong>proximi</strong></span> <span class='ocrx_word' id='word_1_150' title='bbox 1449 2413 1569 2450; x_wconf 77' lang='lat' dir='ltr'><strong>erat.</strong></span> 
     </span>
    </p>
   </div>
   <div class='ocr_carea' id='block_1_6' title="bbox 322 2480 1355 4124">
    <p class='ocr_par' dir='ltr' id='par_1_7' title="bbox 322 2480 1355 3558">
     <span class='ocr_line' id='line_1_20' title="bbox 328 2480 1353 2546; baseline 0.001 -19"><span class='ocrx_word' id='word_1_151' title='bbox 328 2491 462 2528; x_wconf 83' lang='lat' dir='ltr'><strong>erant</strong></span> <span class='ocrx_word' id='word_1_152' title='bbox 485 2484 544 2529; x_wconf 87' lang='lat' dir='ltr'><strong>P.</strong></span> <span class='ocrx_word' id='word_1_153' title='bbox 573 2480 720 2529; x_wconf 80' lang='lat' dir='ltr'><strong>Sullae</strong></span> <span class='ocrx_word' id='word_1_154' title='bbox 749 2499 895 2546; x_wconf 78' lang='lat' dir='ltr'><strong>quem</strong></span> <span class='ocrx_word' id='word_1_155' title='bbox 919 2481 1138 2530; x_wconf 75' lang='lat' dir='ltr'><strong>defendit</strong></span> <span class='ocrx_word' id='word_1_156' title='bbox 1160 2481 1353 2530; x_wconf 78' lang='lat' dir='ltr'><strong>Cicero.</strong></span> 
     </span>
     <span class='ocr_line' id='line_1_21' title="bbox 327 2557 1355 2623; baseline 0.002 -18"><span class='ocrx_word' id='word_1_157' title='bbox 327 2559 428 2621; x_wconf 86' lang='lat' dir='ltr'><strong>Qui</strong></span> <span class='ocrx_word' id='word_1_158' title='bbox 445 2557 616 2622; x_wconf 78' lang='lat' dir='ltr'><strong>legunt</strong></span> <span class='ocrx_word' id='word_1_159' title='bbox 641 2581 666 2601; x_wconf 74' lang='lat' dir='ltr'><strong>e-</strong></span> <span class='ocrx_word' id='word_1_160' title='bbox 685 2560 797 2623; x_wconf 78' lang='lat' dir='ltr'><strong>quis</strong></span> <span class='ocrx_word' id='word_1_161' title='bbox 823 2562 882 2607; x_wconf 78' lang='lat' dir='ltr'><strong>P.</strong></span> <span class='ocrx_word' id='word_1_162' title='bbox 907 2561 1164 2608; x_wconf 78' lang='lat' dir='ltr'><strong>Lentulum</strong></span> <span class='ocrx_word' id='word_1_163' title='bbox 1187 2559 1355 2616; x_wconf 80' lang='lat' dir='ltr'><strong>·‚ser-</strong></span> 
     </span>
     <span class='ocr_line' id='line_1_22' title="bbox 328 2637 1355 2687; baseline 0.002 -4"><span class='ocrx_word' id='word_1_164' title='bbox 328 2637 460 2685; x_wconf 83' lang='lat' dir='ltr'><strong>vium</strong></span> <span class='ocrx_word' id='word_1_165' title='bbox 494 2637 675 2686; x_wconf 75' lang='lat' dir='ltr'><strong>Sullam</strong></span> <span class='ocrx_word' id='word_1_166' title='bbox 705 2639 905 2687; x_wconf 80' lang='lat' dir='ltr'><strong>fratrem</strong></span> <span class='ocrx_word' id='word_1_167' title='bbox 944 2655 1047 2687; x_wconf 70' lang='lat' dir='ltr'><strong>esse</strong></span> <span class='ocrx_word' id='word_1_168' title='bbox 1083 2637 1249 2686; x_wconf 81' lang='lat' dir='ltr'><strong>Publii</strong></span> <span class='ocrx_word' id='word_1_169' title='bbox 1277 2639 1355 2686; x_wconf 88' lang='lat' dir='ltr'><strong>Ci-</strong></span> 
     </span>
     <span class='ocr_line' id='line_1_23' title="bbox 328 2716 1353 2778; baseline -0.001 -15"><span class='ocrx_word' id='word_1_170' title='bbox 328 2717 518 2764; x_wconf 72' lang='lat' dir='ltr'><strong>ceroni·</strong></span> <span class='ocrx_word' id='word_1_171' title='bbox 573 2716 764 2778; x_wconf 48' lang='lat' dir='ltr'><strong>clienti,</strong></span> <span class='ocrx_word' id='word_1_172' title='bbox 825 2718 1155 2766; x_wconf 82' lang='lat' dir='ltr'><strong>contendunt.</strong></span> <span class='ocrx_word' id='word_1_173' title='bbox 1213 2719 1353 2763; x_wconf 79' lang='lat' dir='ltr'><strong>Tune</strong></span> 
     </span>
     <span class='ocr_line' id='line_1_24' title="bbox 325 2794 1351 2860; baseline 0.001 -19"><span class='ocrx_word' id='word_1_174' title='bbox 325 2795 528 2844; x_wconf 72' lang='lat' dir='ltr'><strong>alterum</strong></span> <span class='ocrx_word' id='word_1_175' title='bbox 553 2795 707 2844; x_wconf 78' lang='lat' dir='ltr'><strong>altero</strong></span> <span class='ocrx_word' id='word_1_176' title='bbox 736 2797 883 2844; x_wconf 77' lang='lat' dir='ltr'><strong>fratre</strong></span> <span class='ocrx_word' id='word_1_177' title='bbox 915 2796 1065 2860; x_wconf 81' lang='lat' dir='ltr'><strong>longe</strong></span> <span class='ocrx_word' id='word_1_178' title='bbox 1094 2794 1351 2844; x_wconf 89' lang='lat' dir='ltr'><strong>nocentio-</strong></span> 
     </span>
     <span class='ocr_line' id='line_1_25' title="bbox 324 2875 1355 2940; baseline -0.001 -17"><span class='ocrx_word' id='word_1_179' title='bbox 324 2891 426 2923; x_wconf 88' lang='lat' dir='ltr'><strong>rem</strong></span> <span class='ocrx_word' id='word_1_180' title='bbox 457 2875 742 2940; x_wconf 84' lang='lat' dir='ltr'><strong>ponendnm</strong></span> <span class='ocrx_word' id='word_1_181' title='bbox 783 2885 927 2923; x_wconf 65' lang='lat' dir='ltr'><strong>cenet.</strong></span> <span class='ocrx_word' id='word_1_182' title='bbox 975 2875 1229 2924; x_wconf 69' lang='lat' dir='ltr'><strong>Sallustius</strong></span> <span class='ocrx_word' id='word_1_183' title='bbox 1267 2887 1355 2922; x_wconf 77' lang='lat' dir='ltr'><strong>eoe</strong></span> 
     </span>
     <span class='ocr_line' id='line_1_26' title="bbox 322 2953 1352 3017; baseline 0 -16"><span class='ocrx_word' id='word_1_184' title='bbox 322 2953 452 3003; x_wconf 83' lang='lat' dir='ltr'><strong>inter</strong></span> <span class='ocrx_word' id='word_1_185' title='bbox 476 2956 757 3016; x_wconf 72' lang='lat' dir='ltr'><strong>conjuratos</strong></span> <span class='ocrx_word' id='word_1_186' title='bbox 789 2969 897 3017; x_wconf 78' lang='lat' dir='ltr'><strong>cap.</strong></span> <span class='ocrx_word' id='word_1_187' title='bbox 941 2967 1022 3014; x_wconf 87' lang='lat'><strong>17,</strong></span> <span class='ocrx_word' id='word_1_188' title='bbox 1058 2955 1114 3001; x_wconf 87' lang='grc' dir='ltr'><strong>Ρ.</strong></span> <span class='ocrx_word' id='word_1_189' title='bbox 1139 2964 1190 3001; x_wconf 83' lang='lat' dir='ltr'><strong>et</strong></span> <span class='ocrx_word' id='word_1_190' title='bbox 1210 2955 1352 3001; x_wconf 77' lang='lat' dir='ltr'><strong>Serv.</strong></span> 
     </span>
     <span class='ocr_line' id='line_1_27' title="bbox 325 3031 1350 3089; baseline -0.003 -8"><span class='ocrx_word' id='word_1_191' title='bbox 325 3033 508 3082; x_wconf 72' lang='lat' dir='ltr'><strong>Sullam</strong></span> <span class='ocrx_word' id='word_1_192' title='bbox 533 3033 688 3082; x_wconf 80' lang='lat' dir='ltr'><strong>Servii</strong></span> <span class='ocrx_word' id='word_1_193' title='bbox 707 3031 861 3089; x_wconf 72' lang='lat' dir='ltr'><strong>filios,</strong></span> <span class='ocrx_word' id='word_1_194' title='bbox 895 3031 1034 3080; x_wconf 89' lang='lat' dir='ltr'><strong>nullo</strong></span> <span class='ocrx_word' id='word_1_195' title='bbox 1071 3031 1350 3080; x_wconf 68' lang='lat' dir='ltr'><strong>discrimine</strong></span> 
     </span>
     <span class='ocr_line' id='line_1_28' title="bbox 325 3110 1349 3175; baseline -0.004 -14"><span class='ocrx_word' id='word_1_196' title='bbox 325 3114 556 3162; x_wconf 74' lang='lat' dir='ltr'><strong>nominat.</strong></span> <span class='ocrx_word' id='word_1_197' title='bbox 595 3113 812 3161; x_wconf 82' lang='lat' dir='ltr'><strong>Solvitur</strong></span> <span class='ocrx_word' id='word_1_198' title='bbox 854 3110 1014 3160; x_wconf 71' lang='lat' dir='ltr'><strong>nodus</strong></span> <span class='ocrx_word' id='word_1_199' title='bbox 1032 3147 1046 3168; x_wconf 89' lang='lat'><strong>‚</strong></span> <span class='ocrx_word' id='word_1_200' title='bbox 1096 3112 1139 3159; x_wconf 73' lang='lat' dir='ltr'><strong>ei</strong></span> <span class='ocrx_word' id='word_1_201' title='bbox 1175 3111 1349 3175; x_wconf 79' lang='lat' dir='ltr'><strong>legeris</strong></span> 
     </span>
     <span class='ocr_line' id='line_1_29' title="bbox 325 3190 1349 3256; baseline 0 -17"><span class='ocrx_word' id='word_1_202' title='bbox 325 3193 433 3256; x_wconf 79' lang='lat' dir='ltr'><strong>quis</strong></span> <span class='ocrx_word' id='word_1_203' title='bbox 453 3197 550 3241; x_wconf 65' lang='lat' dir='ltr'><strong>R?</strong></span> <span class='ocrx_word' id='word_1_204' title='bbox 573 3193 700 3241; x_wconf 75' lang='lat' dir='ltr'><strong>Nem</strong></span> <span class='ocrx_word' id='word_1_205' title='bbox 719 3191 804 3239; x_wconf 83' lang='lat' dir='ltr'><strong>ille</strong></span> <span class='ocrx_word' id='word_1_206' title='bbox 829 3190 1032 3238; x_wconf 71' lang='lat' dir='ltr'><strong>Publius</strong></span> <span class='ocrx_word' id='word_1_207' title='bbox 1055 3205 1160 3238; x_wconf 89' lang='lat' dir='ltr'><strong>non</strong></span> <span class='ocrx_word' id='word_1_208' title='bbox 1181 3199 1349 3256; x_wconf 79' lang='lat' dir='ltr'><strong>potest</strong></span> 
     </span>
     <span class='ocr_line' id='line_1_30' title="bbox 323 3269 1346 3334; baseline -0.003 -14"><span class='ocrx_word' id='word_1_209' title='bbox 323 3272 451 3320; x_wconf 88' lang='lat' dir='ltr'><strong>idem</strong></span> <span class='ocrx_word' id='word_1_210' title='bbox 479 3287 582 3320; x_wconf 72' lang='lat' dir='ltr'><strong>ense</strong></span> <span class='ocrx_word' id='word_1_211' title='bbox 607 3287 752 3334; x_wconf 85' lang='lat' dir='ltr'><strong>quem</strong></span> <span class='ocrx_word' id='word_1_212' title='bbox 771 3269 991 3319; x_wconf 81' lang='lat' dir='ltr'><strong>defendit</strong></span> <span class='ocrx_word' id='word_1_213' title='bbox 1020 3271 1222 3328; x_wconf 79' lang='lat' dir='ltr'><strong>Cicer03</strong></span> <span class='ocrx_word' id='word_1_214' title='bbox 1259 3269 1346 3317; x_wconf 71' lang='lat' dir='ltr'><strong>ned</strong></span> 
     </span>
     <span class='ocr_line' id='line_1_31' title="bbox 323 3347 1345 3416; baseline -0.003 -18"><span class='ocrx_word' id='word_1_215' title='bbox 323 3351 530 3416; x_wconf 79' lang='lat' dir='ltr'><strong>plurima</strong></span> <span class='ocrx_word' id='word_1_216' title='bbox 565 3349 656 3397; x_wconf 74' lang='lat' dir='ltr'><strong>alia</strong></span> <span class='ocrx_word' id='word_1_217' title='bbox 694 3351 895 3398; x_wconf 72' lang='lat' dir='ltr'><strong>incerta.</strong></span> <span class='ocrx_word' id='word_1_218' title='bbox 936 3349 1132 3398; x_wconf 76' lang='lat' dir='ltr'><strong>Habent</strong></span> <span class='ocrx_word' id='word_1_219' title='bbox 1171 3347 1345 3406; x_wconf 82' lang='lat' dir='ltr'><strong>multi,</strong></span> 
     </span>
     <span class='ocr_line' id='line_1_32' title="bbox 324 3429 1347 3494; baseline 0 -18"><span class='ocrx_word' id='word_1_220' title='bbox 324 3431 450 3478; x_wconf 81' lang='lat' dir='ltr'><strong>inter</strong></span> <span class='ocrx_word' id='word_1_221' title='bbox 472 3445 598 3494; x_wconf 76' lang='lat' dir='ltr'><strong>quoe</strong></span> <span class='ocrx_word' id='word_1_222' title='bbox 628 3429 879 3477; x_wconf 76' lang='lat' dir='ltr'><strong>Erneetine</strong></span> <span class='ocrx_word' id='word_1_223' title='bbox 897 3463 914 3489; x_wconf 90' lang='lat'><em>‚</em></span> <span class='ocrx_word' id='word_1_224' title='bbox 949 3451 974 3471; x_wconf 69' lang='grc' dir='ltr'><strong><em>κ</em></strong></span> <span class='ocrx_word' id='word_1_225' title='bbox 991 3429 1102 3493; x_wconf 68' lang='lat' dir='ltr'><strong>quit</strong></span> <span class='ocrx_word' id='word_1_226' title='bbox 1127 3431 1188 3476; x_wconf 85' lang='grc' dir='ltr'><strong>Ρ.</strong></span> <span class='ocrx_word' id='word_1_227' title='bbox 1218 3430 1347 3476; x_wconf 74' lang='lat' dir='ltr'><strong>Len·</strong></span> 
     </span>
     <span class='ocr_line' id='line_1_33' title="bbox 325 3511 581 3558; baseline -0.004 -1"><span class='ocrx_word' id='word_1_228' title='bbox 325 3511 483 3558; x_wconf 84' lang='lat' dir='ltr'><strong>tulum</strong></span> <span class='ocrx_word' id='word_1_229' title='bbox 503 3511 526 3556; x_wconf 69' lang='grc' dir='ltr'><strong><em>Ρ</em></strong></span> <span class='ocrx_word' id='word_1_230' title='bbox 558 3529 581 3551; x_wconf 74' lang='grc' dir='ltr'>ι</span> 
     </span>
    </p>

    <p class='ocr_par' dir='ltr' id='par_1_8' title="bbox 325 3587 1348 3964">
     <span class='ocr_line' id='line_1_34' title="bbox 396 3587 1347 3652; baseline -0.004 -14"><span class='ocrx_word' id='word_1_231' title='bbox 396 3603 446 3652; x_wconf 84' lang='grc'><strong>9.</strong></span> <span class='ocrx_word' id='word_1_232' title='bbox 468 3587 587 3651; x_wconf 75' lang='lat' dir='ltr'><strong>Qm‘s</strong></span> <span class='ocrx_word' id='word_1_233' title='bbox 609 3591 679 3636; x_wconf 73' lang='lat' dir='ltr'><strong>M.</strong></span> <span class='ocrx_word' id='word_1_234' title='bbox 693 3590 924 3635; x_wconf 68' lang='lat' dir='ltr'><strong>Loecamt’</strong></span> <span class='ocrx_word' id='word_1_235' title='bbox 941 3588 1022 3636; x_wconf 76' lang='lat' dir='ltr'><strong>Al.</strong></span> <span class='ocrx_word' id='word_1_236' title='bbox 1041 3603 1100 3636; x_wconf 83' lang='lat' dir='ltr'><strong>ex</strong></span> <span class='ocrx_word' id='word_1_237' title='bbox 1121 3589 1182 3636; x_wconf 82' lang='lat' dir='ltr'><strong>al.</strong></span> <span class='ocrx_word' id='word_1_238' title='bbox 1195 3587 1347 3636; x_wconf 83' lang='lat' dir='ltr'><strong>codd.</strong></span> 
     </span>
     <span class='ocr_line' id='line_1_35' title="bbox 327 3667 1345 3717; baseline -0.003 0"><span class='ocrx_word' id='word_1_239' title='bbox 327 3671 541 3717; x_wconf 68' lang='lat' dir='ltr'><strong>becconi.</strong></span> <span class='ocrx_word' id='word_1_240' title='bbox 581 3669 654 3715; x_wconf 69' lang='lat' dir='ltr'><strong>M.</strong></span> <span class='ocrx_word' id='word_1_241' title='bbox 681 3667 906 3716; x_wconf 83' lang='lat' dir='ltr'><strong>Porcium</strong></span> <span class='ocrx_word' id='word_1_242' title='bbox 933 3669 1120 3716; x_wconf 71' lang='lat' dir='ltr'><strong>Loecam</strong></span> <span class='ocrx_word' id='word_1_243' title='bbox 1150 3677 1345 3715; x_wconf 78' lang='lat' dir='ltr'><strong>senato-</strong></span> 
     </span>
     <span class='ocr_line' id='line_1_36' title="bbox 327 3747 1348 3808; baseline 0.001 -14"><span class='ocrx_word' id='word_1_244' title='bbox 327 3764 427 3796; x_wconf 84' lang='lat' dir='ltr'><strong>rem</strong></span> <span class='ocrx_word' id='word_1_245' title='bbox 445 3781 462 3807; x_wconf 86' lang='lat'>,</span> <span class='ocrx_word' id='word_1_246' title='bbox 484 3748 624 3808; x_wconf 77' lang='lat' dir='ltr'><strong>cuins</strong></span> <span class='ocrx_word' id='word_1_247' title='bbox 647 3749 702 3794; x_wconf 86' lang='lat' dir='ltr'><strong>in</strong></span> <span class='ocrx_word' id='word_1_248' title='bbox 726 3748 926 3796; x_wconf 84' lang='lat' dir='ltr'><strong>domum</strong></span> <span class='ocrx_word' id='word_1_249' title='bbox 949 3749 1235 3808; x_wconf 70' lang='lat' dir='ltr'><strong>conjuratos</strong></span> <span class='ocrx_word' id='word_1_250' title='bbox 1253 3747 1348 3795; x_wconf 75' lang='lat' dir='ltr'><strong>Cn-</strong></span> 
     </span>
     <span class='ocr_line' id='line_1_37' title="bbox 325 3825 1343 3876; baseline -0.006 0"><span class='ocrx_word' id='word_1_251' title='bbox 325 3826 464 3876; x_wconf 70' lang='lat' dir='ltr'><strong>cilina</strong></span> <span class='ocrx_word' id='word_1_252' title='bbox 516 3829 824 3874; x_wconf 74' lang='lat' dir='ltr'><strong>convocavit.</strong></span> <span class='ocrx_word' id='word_1_253' title='bbox 874 3825 1002 3872; x_wconf 81' lang='lat' dir='ltr'><strong>Vide</strong></span> <span class='ocrx_word' id='word_1_254' title='bbox 1049 3825 1100 3872; x_wconf 75' lang='lat' dir='ltr'><strong>in</strong></span> <span class='ocrx_word' id='word_1_255' title='bbox 1149 3825 1343 3874; x_wconf 82' lang='lat' dir='ltr'><strong>catilin.</strong></span> 
     </span>
     <span class='ocr_line' id='line_1_38' title="bbox 332 3915 606 3964; baseline 0 -12"><span class='ocrx_word' id='word_1_256' title='bbox 332 3918 456 3954; x_wconf 72' lang='lat' dir='ltr'><strong>orat.</strong></span> <span class='ocrx_word' id='word_1_257' title='bbox 493 3921 537 3964; x_wconf 86' lang='lat'><strong>1,</strong></span> <span class='ocrx_word' id='word_1_258' title='bbox 561 3915 606 3961; x_wconf 72' lang='lat' dir='ltr'><strong>l..</strong></span> 
     </span>
    </p>

    <p class='ocr_par' dir='ltr' id='par_1_9' title="bbox 327 3982 1350 4124">
     <span class='ocr_line' id='line_1_39' title="bbox 407 3982 1350 4046; baseline -0.002 -15"><span class='ocrx_word' id='word_1_259' title='bbox 407 4001 484 4032; x_wconf 74' lang='lat' dir='ltr'><strong>xo.</strong></span> <span class='ocrx_word' id='word_1_260' title='bbox 534 3985 650 4046; x_wconf 81' lang='lat' dir='ltr'><strong>Quis</strong></span> <span class='ocrx_word' id='word_1_261' title='bbox 689 3983 976 4030; x_wconf 79' lang='lat' dir='ltr'><strong>Cornelium.</strong></span> <span class='ocrx_word' id='word_1_262' title='bbox 1023 3984 1098 4031; x_wconf 81' lang='lat' dir='ltr'><strong>Ex</strong></span> <span class='ocrx_word' id='word_1_263' title='bbox 1133 3982 1350 4045; x_wconf 69' lang='lat' dir='ltr'><strong>equestri</strong></span> 
     </span>
     <span class='ocr_line' id='line_1_40' title="bbox 327 4063 1347 4124; baseline -0.003 -13"><span class='ocrx_word' id='word_1_264' title='bbox 327 4065 515 4112; x_wconf 85' lang='lat' dir='ltr'><strong>ordine.</strong></span> <span class='ocrx_word' id='word_1_265' title='bbox 561 4063 646 4112; x_wconf 83' lang='lat' dir='ltr'><strong>Ille</strong></span> <span class='ocrx_word' id='word_1_266' title='bbox 697 4075 766 4110; x_wconf 73' lang='lat' dir='ltr'><strong>est</strong></span> <span class='ocrx_word' id='word_1_267' title='bbox 815 4063 902 4124; x_wconf 83' lang='lat' dir='ltr'><strong>qui</strong></span> <span class='ocrx_word' id='word_1_268' title='bbox 961 4079 1010 4108; x_wconf 75' lang='lat' dir='ltr'><strong>se</strong></span> <span class='ocrx_word' id='word_1_269' title='bbox 1062 4063 1347 4110; x_wconf 76' lang='lat' dir='ltr'><strong>Ciceronem</strong></span> 
     </span>
    </p>
   </div>
   <div class='ocr_carea' id='block_1_7' title="bbox 1436 2477 2477 4112">
    <p class='ocr_par' dir='ltr' id='par_1_10' title="bbox 1440 2477 2477 2844">
     <span class='ocr_line' id='line_1_41' title="bbox 1524 2477 2477 2528; baseline 0 -2"><span class='ocrx_word' id='word_1_270' title='bbox 1524 2497 1543 2526; x_wconf 80' lang='lat' dir='ltr'>x</span> <span class='ocrx_word' id='word_1_271' title='bbox 1558 2497 1602 2527; x_wconf 83' lang='lat'><strong>1.</strong></span> <span class='ocrx_word' id='word_1_272' title='bbox 1643 2479 1949 2528; x_wconf 66' lang='lat' dir='ltr'><strong>Proh-bilior</strong></span> <span class='ocrx_word' id='word_1_273' title='bbox 1984 2479 2130 2527; x_wconf 72' lang='lat' dir='ltr'><strong>nobie</strong></span> <span class='ocrx_word' id='word_1_274' title='bbox 2175 2479 2279 2527; x_wconf 65' lang='lat' dir='ltr'><strong>hec</strong></span> <span class='ocrx_word' id='word_1_275' title='bbox 2324 2477 2477 2527; x_wconf 80' lang='lat' dir='ltr'><strong>lectio</strong></span> 
     </span>
     <span class='ocr_line' id='line_1_42' title="bbox 1443 2557 2475 2620; baseline -0.002 -14"><span class='ocrx_word' id='word_1_276' title='bbox 1443 2559 1654 2617; x_wconf 78' lang='lat' dir='ltr'><strong>videtur,</strong></span> <span class='ocrx_word' id='word_1_277' title='bbox 1681 2573 1708 2606; x_wconf 74' lang='lat' dir='ltr'><strong>a</strong></span> <span class='ocrx_word' id='word_1_278' title='bbox 1728 2559 1943 2607; x_wconf 69' lang='lat' dir='ltr'><strong>Gruter-o</strong></span> <span class='ocrx_word' id='word_1_279' title='bbox 1959 2574 1988 2606; x_wconf 87' lang='lat' dir='ltr'><strong>e</strong></span> <span class='ocrx_word' id='word_1_280' title='bbox 2012 2557 2139 2607; x_wconf 75' lang='lat' dir='ltr'><strong>MSS</strong></span> <span class='ocrx_word' id='word_1_281' title='bbox 2170 2557 2325 2606; x_wconf 75' lang='lat' dir='ltr'><strong>Pelet.</strong></span> <span class='ocrx_word' id='word_1_282' title='bbox 2352 2572 2475 2620; x_wconf 86' lang='lat' dir='ltr'><strong>pro-</strong></span> 
     </span>
     <span class='ocr_line' id='line_1_43' title="bbox 1442 2635 2476 2702; baseline 0 -18"><span class='ocrx_word' id='word_1_283' title='bbox 1442 2638 1536 2686; x_wconf 72' lang='lat' dir='ltr'><strong>lata</strong></span> <span class='ocrx_word' id='word_1_284' title='bbox 1551 2672 1565 2697; x_wconf 92' lang='lat'>,</span> <span class='ocrx_word' id='word_1_285' title='bbox 1589 2651 1735 2701; x_wconf 74' lang='lat' dir='ltr'><strong>quam</strong></span> <span class='ocrx_word' id='word_1_286' title='bbox 1760 2653 1871 2701; x_wconf 78' lang='lat' dir='ltr'><strong>qnae</strong></span> <span class='ocrx_word' id='word_1_287' title='bbox 1894 2638 2145 2702; x_wconf 74' lang='lat' dir='ltr'><strong>placuerat</strong></span> <span class='ocrx_word' id='word_1_288' title='bbox 2168 2635 2343 2700; x_wconf 70' lang='lat' dir='ltr'><strong>pri-cis</strong></span> <span class='ocrx_word' id='word_1_289' title='bbox 2360 2635 2476 2684; x_wconf 87' lang='lat' dir='ltr'><strong>edd.</strong></span> 
     </span>
     <span class='ocr_line' id='line_1_44' title="bbox 1440 2713 2463 2782; baseline 0 -18"><span class='ocrx_word' id='word_1_290' title='bbox 1440 2717 1633 2782; x_wconf 69' lang='lat' dir='ltr'><strong>ipsique</strong></span> <span class='ocrx_word' id='word_1_291' title='bbox 1656 2718 1845 2766; x_wconf 80' lang='lat' dir='ltr'><strong>Erneet.</strong></span> <span class='ocrx_word' id='word_1_292' title='bbox 1882 2737 1907 2758; x_wconf 65' lang='lat' dir='ltr'>a</span> <span class='ocrx_word' id='word_1_293' title='bbox 1920 2731 2023 2763; x_wconf 90' lang='lat' dir='ltr'><strong>non</strong></span> <span class='ocrx_word' id='word_1_294' title='bbox 2060 2713 2397 2763; x_wconf 71' lang='lat' dir='ltr'><strong>defendendo·</strong></span> <span class='ocrx_word' id='word_1_295' title='bbox 2418 2736 2463 2764; x_wconf 69' lang='lat' dir='ltr'><strong>a.</strong></span> 
     </span>
     <span class='ocr_line' id='line_1_45' title="bbox 1441 2797 1647 2844; baseline -0.005 -1"><span class='ocrx_word' id='word_1_296' title='bbox 1441 2797 1565 2844; x_wconf 81' lang='lat' dir='ltr'><strong>J.v.</strong></span> <span class='ocrx_word' id='word_1_297' title='bbox 1594 2797 1647 2842; x_wconf 74' lang='lat'><strong>1..</strong></span> 
     </span>
    </p>

    <p class='ocr_par' dir='ltr' id='par_1_11' title="bbox 1436 2871 2477 3399">
     <span class='ocr_line' id='line_1_46' title="bbox 1522 2871 2470 2938; baseline -0.002 -16"><span class='ocrx_word' id='word_1_298' title='bbox 1522 2891 1600 2922; x_wconf 74' lang='grc' dir='ltr'><strong>η.</strong></span> <span class='ocrx_word' id='word_1_299' title='bbox 1618 2876 1735 2924; x_wconf 70' lang='lat' dir='ltr'><strong>Esse</strong></span> <span class='ocrx_word' id='word_1_300' title='bbox 1765 2889 1863 2922; x_wconf 81' lang='lat' dir='ltr'><strong>non</strong></span> <span class='ocrx_word' id='word_1_301' title='bbox 1882 2883 2083 2938; x_wconf 75' lang='lat' dir='ltr'><strong>putant.</strong></span> <span class='ocrx_word' id='word_1_302' title='bbox 2108 2873 2270 2936; x_wconf 71' lang='lat' dir='ltr'><strong>Negat</strong></span> <span class='ocrx_word' id='word_1_303' title='bbox 2288 2871 2470 2921; x_wconf 83' lang='lat' dir='ltr'><strong>Cicero</strong></span> 
     </span>
     <span class='ocr_line' id='line_1_47' title="bbox 1442 2949 2477 3009; baseline -0.003 -7"><span class='ocrx_word' id='word_1_304' title='bbox 1442 2956 1495 3002; x_wconf 86' lang='lat' dir='ltr'><strong>in</strong></span> <span class='ocrx_word' id='word_1_305' title='bbox 1520 2953 1650 3002; x_wconf 84' lang='lat' dir='ltr'><strong>libro</strong></span> <span class='ocrx_word' id='word_1_306' title='bbox 1678 2953 1738 3002; x_wconf 82' lang='lat' dir='ltr'><strong>de</strong></span> <span class='ocrx_word' id='word_1_307' title='bbox 1757 2949 1904 3000; x_wconf 73' lang='lat' dir='ltr'><strong>offic.</strong></span> <span class='ocrx_word' id='word_1_308' title='bbox 1932 2955 2006 3009; x_wconf 90' lang='lat'><strong>11,</strong></span> <span class='ocrx_word' id='word_1_309' title='bbox 2036 2949 2477 3000; x_wconf 70' lang='lat' dir='ltr'><strong>«habendumoeoe</strong></span> 
     </span>
     <span class='ocr_line' id='line_1_48' title="bbox 1438 3029 2471 3098; baseline -0.005 -17"><span class='ocrx_word' id='word_1_310' title='bbox 1438 3032 1663 3098; x_wconf 82' lang='lat' dir='ltr'><strong>religioni</strong></span> <span class='ocrx_word' id='word_1_311' title='bbox 1707 3031 2007 3080; x_wconf 71' lang='lat' dir='ltr'><strong>contrarium</strong></span> <span class='ocrx_word' id='word_1_312' title='bbox 2020 3065 2037 3089; x_wconf 83' lang='lat'><strong><em>‚</em></strong></span> <span class='ocrx_word' id='word_1_313' title='bbox 2084 3039 2345 3078; x_wconf 79' lang='lat' dir='ltr'><strong>nocentem</strong></span> <span class='ocrx_word' id='word_1_314' title='bbox 2382 3029 2471 3077; x_wconf 78' lang='lat' dir='ltr'><strong>ali·</strong></span> 
     </span>
     <span class='ocr_line' id='line_1_49' title="bbox 1438 3107 2469 3177; baseline -0.005 -17"><span class='ocrx_word' id='word_1_315' title='bbox 1438 3111 1637 3177; x_wconf 72' lang='lat' dir='ltr'><strong>quando</strong></span> <span class='ocrx_word' id='word_1_316' title='bbox 1674 3120 1725 3159; x_wconf 85' lang='lat' dir='ltr'><strong>et</strong></span> <span class='ocrx_word' id='word_1_317' title='bbox 1758 3111 1997 3159; x_wconf 63' lang='lat' dir='ltr'><strong>nefarium</strong></span> <span class='ocrx_word' id='word_1_318' title='bbox 2035 3109 2341 3173; x_wconf 78' lang='lat' dir='ltr'><strong>impiumque</strong></span> <span class='ocrx_word' id='word_1_319' title='bbox 2376 3107 2469 3156; x_wconf 80' lang='lat' dir='ltr'><strong>de-</strong></span> 
     </span>
     <span class='ocr_line' id='line_1_50' title="bbox 1437 3187 2472 3254; baseline -0.003 -16"><span class='ocrx_word' id='word_1_320' title='bbox 1437 3191 1661 3249; x_wconf 79' lang='lat' dir='ltr'><strong>fendere3</strong></span> <span class='ocrx_word' id='word_1_321' title='bbox 1688 3191 1793 3238; x_wconf 83' lang='lat' dir='ltr'><strong>vult</strong></span> <span class='ocrx_word' id='word_1_322' title='bbox 1806 3227 1825 3252; x_wconf 87' lang='lat'>,</span> <span class='ocrx_word' id='word_1_323' title='bbox 1838 3191 2003 3254; x_wconf 79' lang='lat' dir='ltr'><strong>inquit</strong></span> <span class='ocrx_word' id='word_1_324' title='bbox 2022 3225 2039 3248; x_wconf 91' lang='lat'>‚</span> <span class='ocrx_word' id='word_1_325' title='bbox 2052 3189 2150 3237; x_wconf 89' lang='lat' dir='ltr'><strong>hoc</strong></span> <span class='ocrx_word' id='word_1_326' title='bbox 2168 3187 2434 3236; x_wconf 85' lang='lat' dir='ltr'><strong>multitudo</strong></span> <span class='ocrx_word' id='word_1_327' title='bbox 2453 3223 2472 3248; x_wconf 91' lang='lat'>‚</span> 
     </span>
     <span class='ocr_line' id='line_1_51' title="bbox 1436 3267 2465 3335; baseline -0.005 -17"><span class='ocrx_word' id='word_1_328' title='bbox 1436 3271 1619 3335; x_wconf 79' lang='lat' dir='ltr'><strong>petitur</strong></span> <span class='ocrx_word' id='word_1_329' title='bbox 1632 3269 1966 3329; x_wconf 76' lang='lat' dir='ltr'><strong>consuetudo,</strong></span> <span class='ocrx_word' id='word_1_330' title='bbox 2002 3269 2097 3316; x_wconf 79' lang='lat' dir='ltr'><strong>fert</strong></span> <span class='ocrx_word' id='word_1_331' title='bbox 2114 3268 2257 3317; x_wconf 74' lang='lat' dir='ltr'><strong>etiam</strong></span> <span class='ocrx_word' id='word_1_332' title='bbox 2287 3267 2465 3315; x_wconf 77' lang='lat' dir='ltr'><strong>hnma-</strong></span> 
     </span>
     <span class='ocr_line' id='line_1_52' title="bbox 1436 3350 2039 3399; baseline -0.002 -1"><span class='ocrx_word' id='word_1_333' title='bbox 1436 3353 1562 3399; x_wconf 73' lang='lat' dir='ltr'><strong>nim</strong></span> <span class='ocrx_word' id='word_1_334' title='bbox 1574 3371 1615 3399; x_wconf 70' lang='lat' dir='ltr'><strong>n.</strong></span> <span class='ocrx_word' id='word_1_335' title='bbox 2028 3350 2039 3361; x_wconf 87' lang='grc'><em>·</em></span> 
     </span>
    </p>

    <p class='ocr_par' dir='ltr' id='par_1_12' title="bbox 1437 3425 2475 3646">
     <span class='ocr_line' id='line_1_53' title="bbox 1514 3425 2475 3490; baseline -0.004 -15"><span class='ocrx_word' id='word_1_336' title='bbox 1514 3429 1591 3476; x_wconf 72' lang='grc' dir='ltr'><strong>ι3.</strong></span> <span class='ocrx_word' id='word_1_337' title='bbox 1628 3427 1875 3490; x_wconf 70' lang='lat' dir='ltr'><strong>Qua-dam</strong></span> <span class='ocrx_word' id='word_1_338' title='bbox 1900 3426 2133 3490; x_wconf 69' lang='lat' dir='ltr'><strong>contagio</strong></span> <span class='ocrx_word' id='word_1_339' title='bbox 2155 3425 2363 3475; x_wconf 72' lang='lat' dir='ltr'><strong>sceleris.</strong></span> <span class='ocrx_word' id='word_1_340' title='bbox 2384 3425 2475 3472; x_wconf 74' lang='lat' dir='ltr'><strong>At-</strong></span> 
     </span>
     <span class='ocr_line' id='line_1_54' title="bbox 1437 3503 2471 3570; baseline -0.004 -14"><span class='ocrx_word' id='word_1_341' title='bbox 1437 3507 1549 3556; x_wconf 68' lang='lat' dir='ltr'><strong>finin</strong></span> <span class='ocrx_word' id='word_1_342' title='bbox 1585 3508 1715 3554; x_wconf 84' lang='lat' dir='ltr'><strong>enim</strong></span> <span class='ocrx_word' id='word_1_343' title='bbox 1750 3506 2021 3570; x_wconf 67' lang='lat' dir='ltr'><strong>suspicioni</strong></span> <span class='ocrx_word' id='word_1_344' title='bbox 2060 3515 2131 3553; x_wconf 77' lang='lat' dir='ltr'><strong>eet</strong></span> <span class='ocrx_word' id='word_1_345' title='bbox 2148 3539 2162 3566; x_wconf 91' lang='lat'>,</span> <span class='ocrx_word' id='word_1_346' title='bbox 2196 3507 2284 3570; x_wconf 86' lang='lat' dir='ltr'><strong>qni</strong></span> <span class='ocrx_word' id='word_1_347' title='bbox 2320 3503 2471 3552; x_wconf 77' lang='lat' dir='ltr'><strong>elium</strong></span> 
     </span>
     <span class='ocr_line' id='line_1_55' title="bbox 1438 3583 2055 3646; baseline 0 -14"><span class='ocrx_word' id='word_1_348' title='bbox 1438 3584 1791 3646; x_wconf 69' lang='lat' dir='ltr'><strong>coniurationia</strong></span> <span class='ocrx_word' id='word_1_349' title='bbox 1814 3583 2055 3632; x_wconf 73' lang='lat' dir='ltr'><strong>defendit.</strong></span> 
     </span>
    </p>

    <p class='ocr_par' dir='ltr' id='par_1_13' title="bbox 1436 3664 2474 3964">
     <span class='ocr_line' id='line_1_56' title="bbox 1514 3664 2474 3727; baseline -0.002 -15"><span class='ocrx_word' id='word_1_350' title='bbox 1514 3667 1597 3724; x_wconf 68' lang='lat'><strong>14.</strong></span> <span class='ocrx_word' id='word_1_351' title='bbox 1616 3664 1853 3713; x_wconf 64' lang='lat' dir='ltr'><strong>Autronio</strong></span> <span class='ocrx_word' id='word_1_352' title='bbox 1880 3679 2041 3714; x_wconf 77' lang='lat' dir='ltr'><strong>nonne</strong></span> <span class='ocrx_word' id='word_1_353' title='bbox 2067 3664 2278 3713; x_wconf 74' lang='lat' dir='ltr'><strong>sodales.</strong></span> <span class='ocrx_word' id='word_1_354' title='bbox 2302 3666 2474 3727; x_wconf 75' lang='lat' dir='ltr'><strong>Appe-</strong></span> 
     </span>
     <span class='ocr_line' id='line_1_57' title="bbox 1440 3741 2459 3802; baseline -0.004 -10"><span class='ocrx_word' id='word_1_355' title='bbox 1440 3755 1511 3792; x_wconf 81' lang='lat' dir='ltr'><strong>ret</strong></span> <span class='ocrx_word' id='word_1_356' title='bbox 1554 3743 1633 3791; x_wconf 76' lang='lat' dir='ltr'><strong>bie</strong></span> <span class='ocrx_word' id='word_1_357' title='bbox 1678 3759 1781 3792; x_wconf 67' lang='lat' dir='ltr'><strong>eene</strong></span> <span class='ocrx_word' id='word_1_358' title='bbox 1824 3744 2101 3792; x_wconf 70' lang='lat' dir='ltr'><strong>demnatum</strong></span> <span class='ocrx_word' id='word_1_359' title='bbox 2116 3779 2129 3802; x_wconf 93' lang='lat'>‚</span> <span class='ocrx_word' id='word_1_360' title='bbox 2166 3743 2229 3790; x_wconf 90' lang='lat' dir='ltr'><strong>de</strong></span> <span class='ocrx_word' id='word_1_361' title='bbox 2272 3741 2459 3789; x_wconf 71' lang='lat' dir='ltr'><strong>ambian</strong></span> 
     </span>
     <span class='ocr_line' id='line_1_58' title="bbox 1436 3818 2469 3888; baseline -0.006 -17"><span class='ocrx_word' id='word_1_362' title='bbox 1436 3826 1649 3888; x_wconf 85' lang='lat' dir='ltr'><strong>primum</strong></span> <span class='ocrx_word' id='word_1_363' title='bbox 1663 3859 1678 3885; x_wconf 86' lang='lat'><strong>,</strong></span> <span class='ocrx_word' id='word_1_364' title='bbox 1704 3823 1881 3872; x_wconf 85' lang='lat' dir='ltr'><strong>deinde</strong></span> <span class='ocrx_word' id='word_1_365' title='bbox 1896 3859 1909 3880; x_wconf 90' lang='lat'>‚</span> <span class='ocrx_word' id='word_1_366' title='bbox 1940 3821 2076 3886; x_wconf 84' lang='lat' dir='ltr'><strong>qnod</strong></span> <span class='ocrx_word' id='word_1_367' title='bbox 2102 3823 2181 3870; x_wconf 84' lang='lat' dir='ltr'><strong>hic</strong></span> <span class='ocrx_word' id='word_1_368' title='bbox 2221 3818 2469 3883; x_wconf 71' lang='lat' dir='ltr'><strong>signifiea-</strong></span> 
     </span>
     <span class='ocr_line' id='line_1_59' title="bbox 1438 3901 1912 3964; baseline 0 -14"><span class='ocrx_word' id='word_1_369' title='bbox 1438 3913 1534 3962; x_wconf 83' lang='lat' dir='ltr'><strong>tur,</strong></span> <span class='ocrx_word' id='word_1_370' title='bbox 1560 3901 1621 3950; x_wconf 89' lang='lat' dir='ltr'><strong>de</strong></span> <span class='ocrx_word' id='word_1_371' title='bbox 1647 3904 1912 3964; x_wconf 64' lang='lat' dir='ltr'><strong>majestate.</strong></span> 
     </span>
    </p>

    <p class='ocr_par' dir='ltr' id='par_1_14' title="bbox 1443 3985 2467 4112">
     <span class='ocr_line' id='line_1_60' title="bbox 1516 3985 2467 4032; baseline -0.003 -1"><span class='ocrx_word' id='word_1_372' title='bbox 1516 3985 1598 4031; x_wconf 82' lang='lat'><strong>15.</strong></span> <span class='ocrx_word' id='word_1_373' title='bbox 1624 3987 1886 4032; x_wconf 77' lang='lat' dir='ltr'><strong>Loesemnc.</strong></span> <span class='ocrx_word' id='word_1_374' title='bbox 1910 3986 1949 4029; x_wconf 90' lang='lat'><strong>1.</strong></span> <span class='ocrx_word' id='word_1_375' title='bbox 1973 3999 2019 4029; x_wconf 86' lang='lat' dir='ltr'><strong>e.</strong></span> <span class='ocrx_word' id='word_1_376' title='bbox 2046 3990 2215 4029; x_wconf 75' lang='lat' dir='ltr'><strong>contra</strong></span> <span class='ocrx_word' id='word_1_377' title='bbox 2254 3995 2365 4028; x_wconf 84' lang='lat' dir='ltr'><strong>enm</strong></span> <span class='ocrx_word' id='word_1_378' title='bbox 2395 3988 2467 4028; x_wconf 81' lang='lat' dir='ltr'><strong>te-</strong></span> 
     </span>
     <span class='ocr_line' id='line_1_61' title="bbox 1443 4061 1999 4112; baseline 0 -6"><span class='ocrx_word' id='word_1_379' title='bbox 1443 4061 1723 4112; x_wconf 79' lang='lat' dir='ltr'><strong>stimonium</strong></span> <span class='ocrx_word' id='word_1_380' title='bbox 1751 4063 1999 4110; x_wconf 81' lang='lat' dir='ltr'><strong>dixerunt.</strong></span> 
     </span>
    </p>
   </div>
  </div>
 </body>
</html>
