<?xml version="1.0" encoding="UTF-8"?>
<!DOCTYPE html PUBLIC "-//W3C//DTD XHTML 1.0 Transitional//EN"
    "http://www.w3.org/TR/xhtml1/DTD/xhtml1-transitional.dtd">
<html xmlns="http://www.w3.org/1999/xhtml" xml:lang="en" lang="en">
 <head>
  <title>
</title>
<meta http-equiv="Content-Type" content="text/html;charset=utf-8" />
  <meta name='ocr-system' content='tesseract 3.04.00' />
  <meta name='ocr-capabilities' content='ocr_page ocr_carea ocr_par ocr_line ocrx_word'/>
</head>
<body>
  <div class='ocr_page' id='page_1' title='image "./mtciceronisquae05lemagoog_0637.png"; bbox 0 0 2594 4537; ppageno 0'>
   <div class='ocr_carea' id='block_1_1' title="bbox 916 274 2326 353">
    <p class='ocr_par' dir='ltr' id='par_1_1' title="bbox 916 274 2326 353">
     <span class='ocr_line' id='line_1_1' title="bbox 916 274 2326 353; baseline 0.005 -8"><span class='ocrx_word' id='word_1_1' title='bbox 916 274 1480 346; x_wconf 86' lang='lat' dir='ltr'><strong>EXCURSUS</strong></span> <span class='ocrx_word' id='word_1_2' title='bbox 1521 276 1616 346; x_wconf 79' lang='lat' dir='ltr'><strong>V.</strong></span> <span class='ocrx_word' id='word_1_3' title='bbox 2183 278 2326 353; x_wconf 81' lang='lat'><strong>633</strong></span> 
     </span>
    </p>
   </div>
   <div class='ocr_carea' id='block_1_2' title="bbox 88 397 2402 4091">
    <p class='ocr_par' dir='ltr' id='par_1_2' title="bbox 88 397 2402 4091">
     <span class='ocr_line' id='line_1_2' title="bbox 180 397 2327 490; baseline 0 -24"><span class='ocrx_word' id='word_1_4' title='bbox 180 401 279 466; x_wconf 91' lang='lat' dir='ltr'><strong>de</strong></span> <span class='ocrx_word' id='word_1_5' title='bbox 295 397 641 490; x_wconf 83' lang='lat' dir='ltr'><strong>Liguribus</strong></span> <span class='ocrx_word' id='word_1_6' title='bbox 662 398 1117 486; x_wconf 83' lang='lat' dir='ltr'><strong>triumphavit:</strong></span> <span class='ocrx_word' id='word_1_7' title='bbox 1138 420 1306 487; x_wconf 88' lang='lat' dir='ltr'><strong>opus</strong></span> <span class='ocrx_word' id='word_1_8' title='bbox 1329 399 1458 463; x_wconf 90' lang='lat' dir='ltr'><strong>cito</strong></span> <span class='ocrx_word' id='word_1_9' title='bbox 1492 397 1711 487; x_wconf 86' lang='lat' dir='ltr'><strong>perfici</strong></span> <span class='ocrx_word' id='word_1_10' title='bbox 1730 402 1966 488; x_wconf 88' lang='lat' dir='ltr'><strong>potuit.</strong></span> <span class='ocrx_word' id='word_1_11' title='bbox 1984 403 2327 467; x_wconf 83' lang='lat' dir='ltr'><strong>Marcellus</strong></span> 
     </span>
     <span class='ocr_line' id='line_1_3' title="bbox 184 502 2330 596; baseline 0.002 -28"><span class='ocrx_word' id='word_1_12' title='bbox 184 522 348 596; x_wconf 90' lang='lat' dir='ltr'><strong>post</strong></span> <span class='ocrx_word' id='word_1_13' title='bbox 390 506 711 593; x_wconf 82' lang='lat' dir='ltr'>insignem</span> <span class='ocrx_word' id='word_1_14' title='bbox 747 502 830 566; x_wconf 90' lang='lat' dir='ltr'><strong>ad</strong></span> <span class='ocrx_word' id='word_1_15' title='bbox 874 502 1252 569; x_wconf 85' lang='lat' dir='ltr'>Clastidium</span> <span class='ocrx_word' id='word_1_16' title='bbox 1290 526 1578 595; x_wconf 85' lang='lat' dir='ltr'><strong>pugnam</strong></span> <span class='ocrx_word' id='word_1_17' title='bbox 1598 553 1619 588; x_wconf 83' lang='lat'>,</span> <span class='ocrx_word' id='word_1_18' title='bbox 1651 505 1719 569; x_wconf 90' lang='lat' dir='ltr'><strong>in</strong></span> <span class='ocrx_word' id='word_1_19' title='bbox 1755 528 1882 594; x_wconf 90' lang='lat' dir='ltr'><strong>qua</strong></span> <span class='ocrx_word' id='word_1_20' title='bbox 1919 508 2122 573; x_wconf 80' lang='lat' dir='ltr'><strong>aedem</strong></span> <span class='ocrx_word' id='word_1_21' title='bbox 2154 509 2330 573; x_wconf 87' lang='lat' dir='ltr'><strong>illam</strong></span> 
     </span>
     <span class='ocr_line' id='line_1_4' title="bbox 185 607 2330 699; baseline 0 -22"><span class='ocrx_word' id='word_1_22' title='bbox 185 626 493 692; x_wconf 82' lang='lat' dir='ltr'><strong>voverat,</strong></span> <span class='ocrx_word' id='word_1_23' title='bbox 547 607 971 697; x_wconf 83' lang='lat' dir='ltr'><strong>triumphavit</strong></span> <span class='ocrx_word' id='word_1_24' title='bbox 999 632 1174 675; x_wconf 87' lang='lat' dir='ltr'><strong>anno</strong></span> <span class='ocrx_word' id='word_1_25' title='bbox 1211 610 1358 676; x_wconf 84' lang='lat'><strong>526.</strong></span> <span class='ocrx_word' id='word_1_26' title='bbox 1399 612 1582 699; x_wconf 89' lang='lat' dir='ltr'><strong>Opus</strong></span> <span class='ocrx_word' id='word_1_27' title='bbox 1615 633 1760 698; x_wconf 86' lang='lat' dir='ltr'><strong>quae</strong></span> <span class='ocrx_word' id='word_1_28' title='bbox 1795 634 2001 677; x_wconf 87' lang='lat' dir='ltr'><strong>causae</strong></span> <span class='ocrx_word' id='word_1_29' title='bbox 2044 614 2330 678; x_wconf 86' lang='lat' dir='ltr'><strong>retarda-</strong></span> 
     </span>
     <span class='ocr_line' id='line_1_5' title="bbox 181 714 2328 809; baseline 0.001 -28"><span class='ocrx_word' id='word_1_30' title='bbox 181 718 365 799; x_wconf 87' lang='lat' dir='ltr'><strong>rint,</strong></span> <span class='ocrx_word' id='word_1_31' title='bbox 405 738 601 781; x_wconf 88' lang='lat' dir='ltr'><strong>nemo</strong></span> <span class='ocrx_word' id='word_1_32' title='bbox 652 714 991 804; x_wconf 83' lang='lat' dir='ltr'><strong>prodidit:</strong></span> <span class='ocrx_word' id='word_1_33' title='bbox 1042 740 1219 781; x_wconf 86' lang='lat' dir='ltr'><strong>anno</strong></span> <span class='ocrx_word' id='word_1_34' title='bbox 1270 714 1398 794; x_wconf 75' lang='lat'><strong>545</strong></span> <span class='ocrx_word' id='word_1_35' title='bbox 1441 719 1806 805; x_wconf 84' lang='lat' dir='ltr'><strong>perfectum</strong></span> <span class='ocrx_word' id='word_1_36' title='bbox 1855 718 1962 782; x_wconf 85' lang='lat' dir='ltr'><strong>vix</strong></span> <span class='ocrx_word' id='word_1_37' title='bbox 1995 720 2156 802; x_wconf 85' lang='lat' dir='ltr'><strong>fuit,</strong></span> <span class='ocrx_word' id='word_1_38' title='bbox 2193 743 2328 809; x_wconf 86' lang='lat' dir='ltr'><strong>quo</strong></span> 
     </span>
     <span class='ocr_line' id='line_1_6' title="bbox 184 820 2329 915; baseline 0.002 -28"><span class='ocrx_word' id='word_1_39' title='bbox 184 846 380 914; x_wconf 78' lang='lat' dir='ltr'><strong>anno</strong></span> <span class='ocrx_word' id='word_1_40' title='bbox 402 844 609 911; x_wconf 90' lang='lat' dir='ltr'><strong>quum</strong></span> <span class='ocrx_word' id='word_1_41' title='bbox 634 820 705 883; x_wconf 87' lang='lat' dir='ltr'><strong>in</strong></span> <span class='ocrx_word' id='word_1_42' title='bbox 748 822 969 909; x_wconf 81' lang='lat' dir='ltr'><strong>praelio</strong></span> <span class='ocrx_word' id='word_1_43' title='bbox 1018 822 1363 887; x_wconf 78' lang='lat' dir='ltr'><strong>Marcellus</strong></span> <span class='ocrx_word' id='word_1_44' title='bbox 1406 822 1824 905; x_wconf 85' lang='lat' dir='ltr'><strong>occubuerit,</strong></span> <span class='ocrx_word' id='word_1_45' title='bbox 1875 822 2170 889; x_wconf 87' lang='lat' dir='ltr'><strong>dedicare</strong></span> <span class='ocrx_word' id='word_1_46' title='bbox 2192 827 2329 915; x_wconf 90' lang='lat' dir='ltr'><strong>ipse</strong></span> 
     </span>
     <span class='ocr_line' id='line_1_7' title="bbox 186 928 2328 1017; baseline 0.001 -24"><span class='ocrx_word' id='word_1_47' title='bbox 186 952 340 993; x_wconf 86' lang='lat' dir='ltr'><strong>non</strong></span> <span class='ocrx_word' id='word_1_48' title='bbox 378 928 613 1016; x_wconf 91' lang='lat' dir='ltr'><strong>potuit.</strong></span> <span class='ocrx_word' id='word_1_49' title='bbox 648 928 937 1014; x_wconf 84' lang='lat' dir='ltr'><strong>Tempus</strong></span> <span class='ocrx_word' id='word_1_50' title='bbox 962 928 1133 993; x_wconf 90' lang='lat' dir='ltr'><strong>inter</strong></span> <span class='ocrx_word' id='word_1_51' title='bbox 1165 928 1289 992; x_wconf 91' lang='lat' dir='ltr'><strong>hos</strong></span> <span class='ocrx_word' id='word_1_52' title='bbox 1327 928 1641 992; x_wconf 85' lang='lat' dir='ltr'><strong>terminos</strong></span> <span class='ocrx_word' id='word_1_53' title='bbox 1683 928 1958 1017; x_wconf 84' lang='lat' dir='ltr'><strong>longum</strong></span> <span class='ocrx_word' id='word_1_54' title='bbox 1990 930 2161 995; x_wconf 88' lang='lat' dir='ltr'><strong>sumi</strong></span> <span class='ocrx_word' id='word_1_55' title='bbox 2193 953 2328 995; x_wconf 88' lang='lat' dir='ltr'><strong>non</strong></span> 
     </span>
     <span class='ocr_line' id='line_1_8' title="bbox 180 1032 2328 1124; baseline 0.001 -27"><span class='ocrx_word' id='word_1_56' title='bbox 180 1056 389 1124; x_wconf 85' lang='lat' dir='ltr'><strong>posse</strong></span> <span class='ocrx_word' id='word_1_57' title='bbox 410 1081 429 1115; x_wconf 87' lang='lat'>‚</span> <span class='ocrx_word' id='word_1_58' title='bbox 465 1032 747 1098; x_wconf 88' lang='lat' dir='ltr'><strong>Buherio</strong></span> <span class='ocrx_word' id='word_1_59' title='bbox 800 1048 867 1097; x_wconf 85' lang='lat' dir='ltr'><strong>et</strong></span> <span class='ocrx_word' id='word_1_60' title='bbox 929 1032 1227 1117; x_wconf 84' lang='lat' dir='ltr'><strong>Davisi0‚</strong></span> <span class='ocrx_word' id='word_1_61' title='bbox 1281 1033 1398 1122; x_wconf 91' lang='lat' dir='ltr'><strong>qui</strong></span> <span class='ocrx_word' id='word_1_62' title='bbox 1441 1033 1867 1123; x_wconf 83' lang='lat' dir='ltr'><strong>&#39;negationem</strong></span> <span class='ocrx_word' id='word_1_63' title='bbox 1919 1035 2291 1101; x_wconf 88' lang='lat' dir='ltr'><strong>inserebant</strong></span> <span class='ocrx_word' id='word_1_64' title='bbox 2309 1086 2328 1113; x_wconf 87' lang='lat'>‚</span> 
     </span>
     <span class='ocr_line' id='line_1_9' title="bbox 180 1138 2330 1227; baseline 0.001 -24"><span class='ocrx_word' id='word_1_65' title='bbox 180 1139 696 1227; x_wconf 87' lang='lat' dir='ltr'><strong>Wesselingium</strong></span> <span class='ocrx_word' id='word_1_66' title='bbox 728 1138 1085 1203; x_wconf 84' lang='lat' dir='ltr'><strong>concedere</strong></span> <span class='ocrx_word' id='word_1_67' title='bbox 1130 1160 1390 1203; x_wconf 85' lang='lat' dir='ltr'><strong>necesse</strong></span> <span class='ocrx_word' id='word_1_68' title='bbox 1440 1139 1566 1204; x_wconf 87' lang='lat' dir='ltr'><strong>fuit</strong></span> <span class='ocrx_word' id='word_1_69' title='bbox 1589 1187 1607 1219; x_wconf 90' lang='lat'>,</span> <span class='ocrx_word' id='word_1_70' title='bbox 1655 1138 1924 1205; x_wconf 80' lang='lat' dir='ltr'><strong>Observ.</strong></span> <span class='ocrx_word' id='word_1_71' title='bbox 1975 1141 2076 1222; x_wconf 85' lang='grc' dir='ltr'><strong>ΙΙ,</strong></span> <span class='ocrx_word' id='word_1_72' title='bbox 2125 1140 2185 1206; x_wconf 84' lang='grc'><strong>5.</strong></span> <span class='ocrx_word' id='word_1_73' title='bbox 2244 1145 2330 1208; x_wconf 82' lang='lat' dir='ltr'><strong>At</strong></span> 
     </span>
     <span class='ocr_line' id='line_1_10' title="bbox 178 1238 2402 1334; baseline 0 -24"><span class='ocrx_word' id='word_1_74' title='bbox 178 1245 447 1310; x_wconf 79' lang='lat' dir='ltr'><strong>Livium</strong></span> <span class='ocrx_word' id='word_1_75' title='bbox 484 1244 761 1333; x_wconf 82' lang='lat' dir='ltr'><strong>opponit</strong></span> <span class='ocrx_word' id='word_1_76' title='bbox 783 1294 802 1327; x_wconf 89' lang='lat'>,</span> <span class='ocrx_word' id='word_1_77' title='bbox 857 1246 1145 1329; x_wconf 83' lang='lat' dir='ltr'><strong>XXVII,</strong></span> <span class='ocrx_word' id='word_1_78' title='bbox 1186 1244 1269 1323; x_wconf 78' lang='grc'><strong>34</strong></span> <span class='ocrx_word' id='word_1_79' title='bbox 1293 1295 1313 1330; x_wconf 83' lang='grc'><strong>,</strong></span> <span class='ocrx_word' id='word_1_80' title='bbox 1351 1245 1466 1334; x_wconf 91' lang='lat' dir='ltr'><strong>qui</strong></span> <span class='ocrx_word' id='word_1_81' title='bbox 1516 1244 1608 1309; x_wconf 88' lang='lat' dir='ltr'><strong>M.</strong></span> <span class='ocrx_word' id='word_1_82' title='bbox 1637 1246 2059 1310; x_wconf 83' lang='lat' dir='ltr'><strong>Salinatorem</strong></span> <span class='ocrx_word' id='word_1_83' title='bbox 2111 1247 2334 1311; x_wconf 84' lang='lat' dir='ltr'><strong>scribit</strong></span> <span class='ocrx_word' id='word_1_84' title='bbox 2392 1238 2402 1245; x_wconf 49' lang='grc'>’</span> 
     </span>
     <span class='ocr_line' id='line_1_11' title="bbox 178 1338 2320 1439; baseline 0.001 -26"><span class='ocrx_word' id='word_1_85' title='bbox 178 1382 211 1407; x_wconf 74' lang='grc' dir='ltr'><strong>«ι</strong></span> <span class='ocrx_word' id='word_1_86' title='bbox 239 1350 461 1414; x_wconf 86' lang='lat' dir='ltr'><strong>multis</strong></span> <span class='ocrx_word' id='word_1_87' title='bbox 484 1366 635 1414; x_wconf 87' lang='lat' dir='ltr'><strong>ante</strong></span> <span class='ocrx_word' id='word_1_88' title='bbox 652 1338 839 1415; x_wconf 83' lang='lat' dir='ltr'><strong>annis</strong></span> <span class='ocrx_word' id='word_1_89' title='bbox 868 1373 946 1415; x_wconf 79' lang='lat' dir='ltr'><strong>ex</strong></span> <span class='ocrx_word' id='word_1_90' title='bbox 977 1350 1320 1415; x_wconf 85' lang='lat' dir='ltr'><strong>consulatu</strong></span> <span class='ocrx_word' id='word_1_91' title='bbox 1348 1351 1576 1439; x_wconf 80' lang='lat' dir='ltr'><strong>populi</strong></span> <span class='ocrx_word' id='word_1_92' title='bbox 1601 1350 1848 1432; x_wconf 86' lang='lat' dir='ltr'><strong>judicio</strong></span> <span class='ocrx_word' id='word_1_93' title='bbox 1879 1350 2258 1416; x_wconf 86' lang='lat' dir='ltr'><strong>damnatum</strong></span> <span class='ocrx_word' id='word_1_94' title='bbox 2292 1383 2320 1409; x_wconf 79' lang='grc' dir='ltr'><strong>ι·</strong></span> 
     </span>
     <span class='ocr_line' id='line_1_12' title="bbox 180 1457 2330 1546; baseline 0.001 -25"><span class='ocrx_word' id='word_1_95' title='bbox 180 1460 436 1521; x_wconf 87' lang='lat' dir='ltr'><strong>iterum</strong></span> <span class='ocrx_word' id='word_1_96' title='bbox 466 1480 643 1521; x_wconf 88' lang='lat' dir='ltr'><strong>anno</strong></span> <span class='ocrx_word' id='word_1_97' title='bbox 684 1457 795 1521; x_wconf 90' lang='lat' dir='ltr'><strong>illo</strong></span> <span class='ocrx_word' id='word_1_98' title='bbox 836 1458 1173 1522; x_wconf 88' lang='lat' dir='ltr'><strong>consulem</strong></span> <span class='ocrx_word' id='word_1_99' title='bbox 1206 1460 1472 1522; x_wconf 85' lang='lat' dir='ltr'><strong>factum.</strong></span> <span class='ocrx_word' id='word_1_100' title='bbox 1515 1458 1582 1522; x_wconf 88' lang='lat' dir='ltr'><strong>Is</strong></span> <span class='ocrx_word' id='word_1_101' title='bbox 1616 1480 1810 1541; x_wconf 85' lang='lat' dir='ltr'><strong>vero,</strong></span> <span class='ocrx_word' id='word_1_102' title='bbox 1846 1458 1960 1546; x_wconf 90' lang='lat' dir='ltr'><strong>qui</strong></span> <span class='ocrx_word' id='word_1_103' title='bbox 1991 1480 2165 1545; x_wconf 79' lang='lat' dir='ltr'><strong>anno</strong></span> <span class='ocrx_word' id='word_1_104' title='bbox 2201 1457 2330 1538; x_wconf 74' lang='lat'><strong>534</strong></span> 
     </span>
     <span class='ocr_line' id='line_1_13' title="bbox 178 1561 2330 1653; baseline -0 -25"><span class='ocrx_word' id='word_1_105' title='bbox 178 1563 211 1653; x_wconf 94' lang='lat'>(</span> <span class='ocrx_word' id='word_1_106' title='bbox 244 1561 370 1628; x_wconf 81' lang='lat'><strong>535</strong></span> <span class='ocrx_word' id='word_1_107' title='bbox 400 1561 671 1652; x_wconf 85' lang='lat' dir='ltr'><strong>Almel.)</strong></span> <span class='ocrx_word' id='word_1_108' title='bbox 730 1564 961 1628; x_wconf 86' lang='lat' dir='ltr'><strong>consul</strong></span> <span class='ocrx_word' id='word_1_109' title='bbox 1011 1566 1258 1647; x_wconf 85' lang='lat' dir='ltr'><strong>fuerat,</strong></span> <span class='ocrx_word' id='word_1_110' title='bbox 1319 1588 1493 1629; x_wconf 89' lang='lat' dir='ltr'><strong>anno</strong></span> <span class='ocrx_word' id='word_1_111' title='bbox 1533 1562 1664 1642; x_wconf 75' lang='lat'><strong>546</strong></span> <span class='ocrx_word' id='word_1_112' title='bbox 1695 1566 1930 1629; x_wconf 88' lang='lat' dir='ltr'><strong>iterum</strong></span> <span class='ocrx_word' id='word_1_113' title='bbox 1963 1563 2106 1629; x_wconf 85' lang='lat' dir='ltr'><strong>fuit.</strong></span> <span class='ocrx_word' id='word_1_114' title='bbox 2140 1564 2330 1628; x_wconf 85' lang='lat' dir='ltr'><strong>Wes-</strong></span> 
     </span>
     <span class='ocr_line' id='line_1_14' title="bbox 181 1668 2324 1758; baseline 0 -24"><span class='ocrx_word' id='word_1_115' title='bbox 181 1670 441 1757; x_wconf 85' lang='lat' dir='ltr'><strong>selingii</strong></span> <span class='ocrx_word' id='word_1_116' title='bbox 472 1670 874 1758; x_wconf 81' lang='lat' dir='ltr'><strong>subscriptor</strong></span> <span class='ocrx_word' id='word_1_117' title='bbox 904 1670 1227 1738; x_wconf 79' lang='lat' dir='ltr'><strong>Ernestu&#39;s</strong></span> <span class='ocrx_word' id='word_1_118' title='bbox 1253 1687 1428 1735; x_wconf 86' lang='lat' dir='ltr'><strong>recte</strong></span> <span class='ocrx_word' id='word_1_119' title='bbox 1459 1668 1856 1735; x_wconf 89' lang='lat' dir='ltr'><strong>locutionem</strong></span> <span class='ocrx_word' id='word_1_120' title='bbox 1903 1670 2072 1735; x_wconf 81' lang='lat' dir='ltr'><strong>ha‘nc</strong></span> <span class='ocrx_word' id='word_1_121' title='bbox 2100 1688 2324 1753; x_wconf 78' lang='lat' dir='ltr'><strong>vocat,</strong></span> 
     </span>
     <span class='ocr_line' id='line_1_15' title="bbox 179 1776 2330 1869; baseline 0 -28"><span class='ocrx_word' id='word_1_122' title='bbox 179 1793 266 1841; x_wconf 85' lang='lat' dir='ltr'><strong>ut</strong></span> <span class='ocrx_word' id='word_1_123' title='bbox 284 1776 597 1842; x_wconf 88' lang='lat' dir='ltr'><strong>dialectici</strong></span> <span class='ocrx_word' id='word_1_124' title='bbox 623 1778 1007 1866; x_wconf 86' lang='lat' dir='ltr'><strong>loquuntur,</strong></span> <span class='ocrx_word' id='word_1_125' title='bbox 1037 1788 1289 1857; x_wconf 70' lang='grc' dir='ltr'><strong>σχιτικῆν.</strong></span> <span class='ocrx_word' id='word_1_126' title='bbox 1309 1779 1525 1844; x_wconf 83' lang='lat' dir='ltr'><strong>Livius</strong></span> <span class='ocrx_word' id='word_1_127' title='bbox 1545 1780 1742 1869; x_wconf 85' lang='lat' dir='ltr'><strong>igitur</strong></span> <span class='ocrx_word' id='word_1_128' title='bbox 1757 1796 2015 1868; x_wconf 87' lang='lat' dir='ltr'><strong>tempus</strong></span> <span class='ocrx_word' id='word_1_129' title='bbox 2036 1780 2330 1843; x_wconf 87' lang='lat' dir='ltr'><strong>intuetur</strong></span> 
     </span>
     <span class='ocr_line' id='line_1_16' title="bbox 181 1882 2323 1975; baseline 0.001 -29"><span class='ocrx_word' id='word_1_130' title='bbox 181 1882 351 1947; x_wconf 86' lang='lat' dir='ltr'><strong>illud</strong></span> <span class='ocrx_word' id='word_1_131' title='bbox 376 1933 393 1966; x_wconf 88' lang='lat'>,</span> <span class='ocrx_word' id='word_1_132' title='bbox 438 1882 617 1971; x_wconf 86' lang='lat' dir='ltr'><strong>quod</strong></span> <span class='ocrx_word' id='word_1_133' title='bbox 646 1884 777 1948; x_wconf 86' lang='lat' dir='ltr'><strong>vita</strong></span> <span class='ocrx_word' id='word_1_134' title='bbox 812 1884 1157 1949; x_wconf 89' lang='lat' dir='ltr'><strong>hominum</strong></span> <span class='ocrx_word' id='word_1_135' title='bbox 1189 1900 1410 1972; x_wconf 87' lang='lat' dir='ltr'><strong>potest</strong></span> <span class='ocrx_word' id='word_1_136' title='bbox 1439 1884 1509 1948; x_wconf 88' lang='lat' dir='ltr'><strong>in</strong></span> <span class='ocrx_word' id='word_1_137' title='bbox 1549 1886 1746 1949; x_wconf 86' lang='lat' dir='ltr'><strong>rebus</strong></span> <span class='ocrx_word' id='word_1_138' title='bbox 1779 1884 2046 1975; x_wconf 84' lang='lat' dir='ltr'><strong>agendis</strong></span> <span class='ocrx_word' id='word_1_139' title='bbox 2083 1908 2323 1949; x_wconf 89' lang='lat' dir='ltr'><strong>consu-</strong></span> 
     </span>
     <span class='ocr_line' id='line_1_17' title="bbox 180 1986 2324 2079; baseline -0 -25"><span class='ocrx_word' id='word_1_140' title='bbox 180 2011 366 2054; x_wconf 84' lang='lat' dir='ltr'><strong>mere</strong></span> <span class='ocrx_word' id='word_1_141' title='bbox 385 2039 402 2071; x_wconf 88' lang='lat'>,</span> <span class='ocrx_word' id='word_1_142' title='bbox 422 1986 647 2055; x_wconf 60' lang='lat' dir='ltr'><strong>Cicero</strong></span> <span class='ocrx_word' id='word_1_143' title='bbox 672 1990 738 2053; x_wconf 91' lang='lat' dir='ltr'><strong>in</strong></span> <span class='ocrx_word' id='word_1_144' title='bbox 772 1990 954 2055; x_wconf 89' lang='lat' dir='ltr'><strong>omni</strong></span> <span class='ocrx_word' id='word_1_145' title='bbox 982 1990 1163 2055; x_wconf 86' lang='lat' dir='ltr'><strong>urbis</strong></span> <span class='ocrx_word' id='word_1_146' title='bbox 1181 1990 1566 2079; x_wconf 83' lang='lat' dir='ltr'><strong>antiquitate</strong></span> <span class='ocrx_word' id='word_1_147' title='bbox 1594 1990 1924 2078; x_wconf 82' lang='lat' dir='ltr'><strong>spatiatur.</strong></span> <span class='ocrx_word' id='word_1_148' title='bbox 1955 1991 2324 2067; x_wconf 83' lang='lat' dir='ltr'><strong>Postremo„</strong></span> 
     </span>
     <span class='ocr_line' id='line_1_18' title="bbox 181 2095 2326 2186; baseline 0 -27"><span class='ocrx_word' id='word_1_149' title='bbox 181 2095 371 2186; x_wconf 89' lang='lat' dir='ltr'><strong>quod</strong></span> <span class='ocrx_word' id='word_1_150' title='bbox 400 2113 596 2185; x_wconf 89' lang='lat' dir='ltr'><strong>caput</strong></span> <span class='ocrx_word' id='word_1_151' title='bbox 622 2111 746 2179; x_wconf 84' lang='lat' dir='ltr'><strong>est,</strong></span> <span class='ocrx_word' id='word_1_152' title='bbox 774 2098 1091 2186; x_wconf 89' lang='lat' dir='ltr'><strong>templum</strong></span> <span class='ocrx_word' id='word_1_153' title='bbox 1115 2121 1251 2162; x_wconf 89' lang='lat' dir='ltr'><strong>non</strong></span> <span class='ocrx_word' id='word_1_154' title='bbox 1278 2097 1538 2162; x_wconf 83' lang='lat' dir='ltr'><strong>videtur</strong></span> <span class='ocrx_word' id='word_1_155' title='bbox 1561 2098 1703 2161; x_wconf 83' lang='lat' dir='ltr'><strong>viro</strong></span> <span class='ocrx_word' id='word_1_156' title='bbox 1728 2095 2104 2161; x_wconf 89' lang='lat' dir='ltr'><strong>doctissimo</strong></span> <span class='ocrx_word' id='word_1_157' title='bbox 2137 2119 2326 2160; x_wconf 89' lang='lat' dir='ltr'><strong>reno·</strong></span> 
     </span>
     <span class='ocr_line' id='line_1_19' title="bbox 178 2200 2322 2292; baseline -0.001 -25"><span class='ocrx_word' id='word_1_158' title='bbox 178 2220 409 2267; x_wconf 78' lang='lat' dir='ltr'><strong>vatum</strong></span> <span class='ocrx_word' id='word_1_159' title='bbox 436 2226 474 2267; x_wconf 89' lang='lat' dir='ltr'><strong>a</strong></span> <span class='ocrx_word' id='word_1_160' title='bbox 506 2203 848 2285; x_wconf 83' lang='lat' dir='ltr'><strong>Marce110,</strong></span> <span class='ocrx_word' id='word_1_161' title='bbox 878 2203 993 2268; x_wconf 86' lang='lat' dir='ltr'><strong>sed</strong></span> <span class='ocrx_word' id='word_1_162' title='bbox 1026 2205 1422 2270; x_wconf 87' lang='lat' dir='ltr'><strong>institutum.</strong></span> <span class='ocrx_word' id='word_1_163' title='bbox 1462 2203 1626 2268; x_wconf 90' lang='lat' dir='ltr'><strong>Mihi</strong></span> <span class='ocrx_word' id='word_1_164' title='bbox 1649 2201 1912 2292; x_wconf 90' lang='lat' dir='ltr'><strong>quidem</strong></span> <span class='ocrx_word' id='word_1_165' title='bbox 1947 2200 2123 2265; x_wconf 88' lang='lat' dir='ltr'><strong>aliud</strong></span> <span class='ocrx_word' id='word_1_166' title='bbox 2159 2224 2322 2265; x_wconf 89' lang='lat' dir='ltr'><strong>con-</strong></span> 
     </span>
     <span class='ocr_line' id='line_1_20' title="bbox 182 2307 2320 2396; baseline -0 -22"><span class='ocrx_word' id='word_1_167' title='bbox 182 2309 401 2374; x_wconf 87' lang='lat' dir='ltr'><strong>silium</strong></span> <span class='ocrx_word' id='word_1_168' title='bbox 444 2326 572 2393; x_wconf 84' lang='lat' dir='ltr'><strong>est,</strong></span> <span class='ocrx_word' id='word_1_169' title='bbox 609 2309 723 2376; x_wconf 89' lang='lat' dir='ltr'><strong>sed</strong></span> <span class='ocrx_word' id='word_1_170' title='bbox 766 2327 981 2376; x_wconf 81' lang='lat' dir='ltr'><strong>tamen</strong></span> <span class='ocrx_word' id='word_1_171' title='bbox 1018 2311 1099 2375; x_wconf 90' lang='lat' dir='ltr'><strong>ab</strong></span> <span class='ocrx_word' id='word_1_172' title='bbox 1141 2333 1219 2375; x_wconf 90' lang='lat' dir='ltr'><strong>eo</strong></span> <span class='ocrx_word' id='word_1_173' title='bbox 1258 2312 1573 2375; x_wconf 85' lang='lat' dir='ltr'><strong>refectum</strong></span> <span class='ocrx_word' id='word_1_174' title='bbox 1614 2309 1876 2374; x_wconf 88' lang='lat' dir='ltr'><strong>credere</strong></span> <span class='ocrx_word' id='word_1_175' title='bbox 1910 2308 2018 2371; x_wconf 79' lang='lat' dir='ltr'><strong>vix</strong></span> <span class='ocrx_word' id='word_1_176' title='bbox 2051 2307 2320 2396; x_wconf 73' lang='lat' dir='ltr'><strong>Possim.</strong></span> 
     </span>
     <span class='ocr_line' id='line_1_21' title="bbox 180 2411 2324 2504; baseline -0.002 -23"><span class='ocrx_word' id='word_1_177' title='bbox 180 2417 476 2481; x_wconf 88' lang='lat' dir='ltr'><strong>Hoccine</strong></span> <span class='ocrx_word' id='word_1_178' title='bbox 512 2432 589 2480; x_wconf 89' lang='lat' dir='ltr'><strong>ut</strong></span> <span class='ocrx_word' id='word_1_179' title='bbox 622 2417 869 2481; x_wconf 85' lang='lat' dir='ltr'><strong>factum</strong></span> <span class='ocrx_word' id='word_1_180' title='bbox 902 2417 986 2481; x_wconf 90' lang='lat' dir='ltr'><strong>sit</strong></span> <span class='ocrx_word' id='word_1_181' title='bbox 1006 2465 1025 2498; x_wconf 92' lang='lat'>,</span> <span class='ocrx_word' id='word_1_182' title='bbox 1054 2417 1239 2498; x_wconf 78' lang='lat' dir='ltr'><strong>vivo,</strong></span> <span class='ocrx_word' id='word_1_183' title='bbox 1284 2432 1352 2481; x_wconf 90' lang='lat' dir='ltr'><strong>et</strong></span> <span class='ocrx_word' id='word_1_184' title='bbox 1409 2414 1698 2504; x_wconf 83' lang='lat' dir='ltr'><strong>imperiis</strong></span> <span class='ocrx_word' id='word_1_185' title='bbox 1741 2412 2176 2500; x_wconf 85' lang='lat' dir='ltr'><strong>laudibusque</strong></span> <span class='ocrx_word' id='word_1_186' title='bbox 2205 2411 2324 2476; x_wconf 89' lang='lat' dir='ltr'><strong>flo-</strong></span> 
     </span>
     <span class='ocr_line' id='line_1_22' title="bbox 180 2515 2322 2609; baseline -0.002 -24"><span class='ocrx_word' id='word_1_187' title='bbox 180 2536 371 2585; x_wconf 86' lang='lat' dir='ltr'><strong>rente</strong></span> <span class='ocrx_word' id='word_1_188' title='bbox 406 2520 647 2585; x_wconf 77' lang='lat' dir='ltr'><strong>Fabio?</strong></span> <span class='ocrx_word' id='word_1_189' title='bbox 677 2519 857 2609; x_wconf 87' lang='lat' dir='ltr'><strong>quod</strong></span> <span class='ocrx_word' id='word_1_190' title='bbox 892 2537 1030 2584; x_wconf 87' lang='lat' dir='ltr'><strong>erat</strong></span> <span class='ocrx_word' id='word_1_191' title='bbox 1054 2522 1159 2602; x_wconf 88' lang='lat' dir='ltr'><strong>jus</strong></span> <span class='ocrx_word' id='word_1_192' title='bbox 1196 2521 1265 2584; x_wconf 86' lang='lat' dir='ltr'><strong>in</strong></span> <span class='ocrx_word' id='word_1_193' title='bbox 1294 2521 1500 2585; x_wconf 89' lang='lat' dir='ltr'><strong>aliena</strong></span> <span class='ocrx_word' id='word_1_194' title='bbox 1523 2534 1947 2585; x_wconf 86' lang='lat' dir='ltr'><strong>monumenta</strong></span> <span class='ocrx_word' id='word_1_195' title='bbox 1972 2515 2322 2583; x_wconf 74' lang='lat' dir='ltr'><strong>Marcello?</strong></span> 
     </span>
     <span class='ocr_line' id='line_1_23' title="bbox 181 2625 2321 2715; baseline -0 -25"><span class='ocrx_word' id='word_1_196' title='bbox 181 2626 305 2690; x_wconf 87' lang='lat' dir='ltr'><strong>Ille</strong></span> <span class='ocrx_word' id='word_1_197' title='bbox 347 2626 565 2714; x_wconf 86' lang='lat' dir='ltr'><strong>itaque</strong></span> <span class='ocrx_word' id='word_1_198' title='bbox 611 2650 734 2715; x_wconf 89' lang='lat' dir='ltr'><strong>pro</strong></span> <span class='ocrx_word' id='word_1_199' title='bbox 777 2627 1056 2691; x_wconf 86' lang='lat' dir='ltr'><strong>amicitia</strong></span> <span class='ocrx_word' id='word_1_200' title='bbox 1096 2627 1520 2692; x_wconf 62' lang='lat' dir='ltr'><strong>concesserit·</strong></span> <span class='ocrx_word' id='word_1_201' title='bbox 1563 2627 1794 2715; x_wconf 84' lang='lat' dir='ltr'><strong>Neque</strong></span> <span class='ocrx_word' id='word_1_202' title='bbox 1853 2625 1964 2704; x_wconf 80' lang='lat' dir='ltr'><strong>hjc</strong></span> <span class='ocrx_word' id='word_1_203' title='bbox 2011 2625 2276 2713; x_wconf 86' lang='lat' dir='ltr'><strong>petisset</strong></span> <span class='ocrx_word' id='word_1_204' title='bbox 2302 2673 2321 2708; x_wconf 92' lang='lat'>,</span> 
     </span>
     <span class='ocr_line' id='line_1_24' title="bbox 182 2731 2318 2820; baseline 0 -26"><span class='ocrx_word' id='word_1_205' title='bbox 182 2753 403 2817; x_wconf 87' lang='lat' dir='ltr'><strong>neque</strong></span> <span class='ocrx_word' id='word_1_206' title='bbox 422 2732 529 2794; x_wconf 90' lang='lat' dir='ltr'><strong>ille</strong></span> <span class='ocrx_word' id='word_1_207' title='bbox 556 2731 951 2820; x_wconf 85' lang='lat' dir='ltr'><strong>permisisset</strong></span> <span class='ocrx_word' id='word_1_208' title='bbox 968 2779 987 2813; x_wconf 87' lang='lat'>‚</span> <span class='ocrx_word' id='word_1_209' title='bbox 1024 2732 1149 2795; x_wconf 86' lang='lat' dir='ltr'><strong>nisi</strong></span> <span class='ocrx_word' id='word_1_210' title='bbox 1167 2781 1184 2814; x_wconf 88' lang='lat'>,</span> <span class='ocrx_word' id='word_1_211' title='bbox 1218 2749 1350 2796; x_wconf 85' lang='lat' dir='ltr'><strong>tam</strong></span> <span class='ocrx_word' id='word_1_212' title='bbox 1377 2753 1600 2796; x_wconf 90' lang='lat' dir='ltr'><strong>recens</strong></span> <span class='ocrx_word' id='word_1_213' title='bbox 1625 2753 1834 2818; x_wconf 87' lang='lat' dir='ltr'><strong>quum</strong></span> <span class='ocrx_word' id='word_1_214' title='bbox 1864 2747 2032 2795; x_wconf 83' lang='lat' dir='ltr'><strong>esset</strong></span> <span class='ocrx_word' id='word_1_215' title='bbox 2049 2779 2067 2812; x_wconf 88' lang='lat'>‚</span> <span class='ocrx_word' id='word_1_216' title='bbox 2089 2731 2318 2794; x_wconf 82' lang='lat' dir='ltr'><strong>vitium</strong></span> 
     </span>
     <span class='ocr_line' id='line_1_25' title="bbox 182 2833 2315 2924; baseline -0.001 -21"><span class='ocrx_word' id='word_1_217' title='bbox 182 2857 401 2904; x_wconf 88' lang='lat' dir='ltr'><strong>tamen</strong></span> <span class='ocrx_word' id='word_1_218' title='bbox 430 2837 684 2920; x_wconf 86' lang='lat' dir='ltr'><strong>fecerit,</strong></span> <span class='ocrx_word' id='word_1_219' title='bbox 711 2838 842 2918; x_wconf 87' lang='lat' dir='ltr'><strong>jam</strong></span> <span class='ocrx_word' id='word_1_220' title='bbox 864 2837 1127 2924; x_wconf 87' lang='lat' dir='ltr'><strong>jamque</strong></span> <span class='ocrx_word' id='word_1_221' title='bbox 1158 2851 1513 2901; x_wconf 87' lang='lat' dir='ltr'><strong>corrueret.</strong></span> <span class='ocrx_word' id='word_1_222' title='bbox 1548 2837 1762 2900; x_wconf 86' lang='lat' dir='ltr'><strong>Immo</strong></span> <span class='ocrx_word' id='word_1_223' title='bbox 1799 2859 1883 2899; x_wconf 92' lang='lat' dir='ltr'><strong>ne</strong></span> <span class='ocrx_word' id='word_1_224' title='bbox 1909 2835 2000 2899; x_wconf 88' lang='lat' dir='ltr'><strong>ita</strong></span> <span class='ocrx_word' id='word_1_225' title='bbox 2028 2833 2315 2922; x_wconf 89' lang='lat' dir='ltr'><strong>quidem.</strong></span> 
     </span>
     <span class='ocr_line' id='line_1_26' title="bbox 182 2938 2321 3034; baseline -0.002 -25"><span class='ocrx_word' id='word_1_226' title='bbox 182 2946 325 3034; x_wconf 84' lang='lat' dir='ltr'><strong>Ego</strong></span> <span class='ocrx_word' id='word_1_227' title='bbox 342 2993 359 3026; x_wconf 86' lang='lat'>‚</span> <span class='ocrx_word' id='word_1_228' title='bbox 395 2961 471 3007; x_wconf 88' lang='lat' dir='ltr'><strong>ut</strong></span> <span class='ocrx_word' id='word_1_229' title='bbox 494 2944 692 3007; x_wconf 78' lang='lat' dir='ltr'><strong>breve</strong></span> <span class='ocrx_word' id='word_1_230' title='bbox 722 2943 951 3007; x_wconf 83' lang='lat' dir='ltr'><strong>faciam</strong></span> <span class='ocrx_word' id='word_1_231' title='bbox 971 2992 989 3024; x_wconf 85' lang='lat'><strong>,</strong></span> <span class='ocrx_word' id='word_1_232' title='bbox 1019 2943 1111 3006; x_wconf 89' lang='lat' dir='ltr'><strong>sic</strong></span> <span class='ocrx_word' id='word_1_233' title='bbox 1140 2942 1470 3031; x_wconf 86' lang='lat' dir='ltr'><strong>intelligo:</strong></span> <span class='ocrx_word' id='word_1_234' title='bbox 1511 2941 1565 3004; x_wconf 89' lang='lat' dir='ltr'><strong>si</strong></span> <span class='ocrx_word' id='word_1_235' title='bbox 1599 2940 1918 3029; x_wconf 83' lang='lat' dir='ltr'><strong>templum</strong></span> <span class='ocrx_word' id='word_1_236' title='bbox 1952 2938 2154 3004; x_wconf 85' lang='lat' dir='ltr'><strong>solius</strong></span> <span class='ocrx_word' id='word_1_237' title='bbox 2193 2940 2321 3004; x_wconf 77' lang='lat' dir='ltr'><strong>vir·</strong></span> 
     </span>
     <span class='ocr_line' id='line_1_27' title="bbox 184 3041 2319 3133; baseline -0.003 -19"><span class='ocrx_word' id='word_1_238' title='bbox 184 3050 344 3114; x_wconf 84' lang='lat' dir='ltr'><strong>tutis</strong></span> <span class='ocrx_word' id='word_1_239' title='bbox 367 3050 678 3114; x_wconf 83' lang='lat' dir='ltr'><strong>exstiterit</strong></span> <span class='ocrx_word' id='word_1_240' title='bbox 696 3098 714 3130; x_wconf 90' lang='lat'><strong>,</strong></span> <span class='ocrx_word' id='word_1_241' title='bbox 740 3046 1031 3113; x_wconf 85' lang='lat' dir='ltr'><strong>secundo</strong></span> <span class='ocrx_word' id='word_1_242' title='bbox 1063 3047 1209 3112; x_wconf 90' lang='lat' dir='ltr'><strong>loco</strong></span> <span class='ocrx_word' id='word_1_243' title='bbox 1242 3047 1518 3112; x_wconf 77' lang='lat' dir='ltr'><strong>Honoris</strong></span> <span class='ocrx_word' id='word_1_244' title='bbox 1546 3060 1612 3111; x_wconf 84' lang='lat' dir='ltr'><strong>et</strong></span> <span class='ocrx_word' id='word_1_245' title='bbox 1639 3047 1708 3110; x_wconf 91' lang='lat' dir='ltr'><em>V</em></span> <span class='ocrx_word' id='word_1_246' title='bbox 1699 3049 1912 3110; x_wconf 79' lang='lat' dir='ltr'><strong>irtutis</strong></span> <span class='ocrx_word' id='word_1_247' title='bbox 1935 3041 2319 3133; x_wconf 81' lang='lat' dir='ltr'><strong>ponendum</strong></span> 
     </span>
     <span class='ocr_line' id='line_1_28' title="bbox 184 3151 2319 3240; baseline -0.002 -19"><span class='ocrx_word' id='word_1_248' title='bbox 184 3179 325 3222; x_wconf 89' lang='lat' dir='ltr'><strong>esse</strong></span> <span class='ocrx_word' id='word_1_249' title='bbox 353 3180 370 3220; x_wconf 72' lang='grc' dir='ltr'><strong><em>ε</em></strong></span> <span class='ocrx_word' id='word_1_250' title='bbox 396 3179 482 3220; x_wconf 88' lang='lat' dir='ltr'><strong>ne</strong></span> <span class='ocrx_word' id='word_1_251' title='bbox 506 3156 783 3220; x_wconf 84' lang='lat' dir='ltr'><strong>verbum</strong></span> <span class='ocrx_word' id='word_1_252' title='bbox 809 3171 1037 3220; x_wconf 82' lang='lat' dir='ltr'><strong>contra</strong></span> <span class='ocrx_word' id='word_1_253' title='bbox 1061 3155 1265 3220; x_wconf 89' lang='lat' dir='ltr'><strong>libros</strong></span> <span class='ocrx_word' id='word_1_254' title='bbox 1292 3154 1606 3220; x_wconf 80' lang='lat' dir='ltr'><strong>addamus</strong></span> <span class='ocrx_word' id='word_1_255' title='bbox 1625 3201 1643 3235; x_wconf 91' lang='lat'><strong>,</strong></span> <span class='ocrx_word' id='word_1_256' title='bbox 1677 3152 1838 3216; x_wconf 89' lang='lat' dir='ltr'><strong>duas</strong></span> <span class='ocrx_word' id='word_1_257' title='bbox 1863 3153 2056 3217; x_wconf 86' lang='lat' dir='ltr'><strong>cellas</strong></span> <span class='ocrx_word' id='word_1_258' title='bbox 2075 3151 2319 3240; x_wconf 81' lang='lat' dir='ltr'><strong>templa</strong></span> 
     </span>
     <span class='ocr_line' id='line_1_29' title="bbox 112 3257 2322 3345; baseline -0.002 -17"><span class='ocrx_word' id='word_1_259' title='bbox 112 3285 119 3292; x_wconf 93' lang='lat'>·</span> <span class='ocrx_word' id='word_1_260' title='bbox 183 3264 420 3345; x_wconf 83' lang='lat' dir='ltr'><strong>vocari,</strong></span> <span class='ocrx_word' id='word_1_261' title='bbox 430 3279 507 3326; x_wconf 86' lang='lat' dir='ltr'><strong>ut</strong></span> <span class='ocrx_word' id='word_1_262' title='bbox 514 3263 679 3326; x_wconf 78' lang='lat' dir='ltr'><strong>oedes</strong></span> <span class='ocrx_word' id='word_1_263' title='bbox 692 3261 930 3326; x_wconf 83' lang='lat' dir='ltr'><strong>eaedem</strong></span> <span class='ocrx_word' id='word_1_264' title='bbox 946 3285 983 3326; x_wconf 91' lang='lat' dir='ltr'><strong>a</strong></span> <span class='ocrx_word' id='word_1_265' title='bbox 994 3257 1179 3326; x_wconf 80' lang='lat' dir='ltr'><strong>Livio</strong></span> <span class='ocrx_word' id='word_1_266' title='bbox 1190 3276 1255 3326; x_wconf 90' lang='lat' dir='ltr'><strong>et</strong></span> <span class='ocrx_word' id='word_1_267' title='bbox 1267 3284 1301 3325; x_wconf 89' lang='lat' dir='ltr'><strong>a</strong></span> <span class='ocrx_word' id='word_1_268' title='bbox 1315 3260 1554 3325; x_wconf 87' lang='lat' dir='ltr'><strong>Plinio:</strong></span> <span class='ocrx_word' id='word_1_269' title='bbox 1568 3275 1952 3324; x_wconf 84' lang='lat' dir='ltr'><strong>renovatum</strong></span> <span class='ocrx_word' id='word_1_270' title='bbox 1968 3282 2004 3322; x_wconf 88' lang='lat' dir='ltr'><strong>a</strong></span> <span class='ocrx_word' id='word_1_271' title='bbox 2014 3259 2322 3327; x_wconf 86' lang='lat' dir='ltr'><strong>Marcello</strong></span> 
     </span>
     <span class='ocr_line' id='line_1_30' title="bbox 183 3365 2316 3453; baseline -0.001 -20"><span class='ocrx_word' id='word_1_272' title='bbox 183 3367 524 3433; x_wconf 83' lang='lat' dir='ltr'><strong>aedificium</strong></span> <span class='ocrx_word' id='word_1_273' title='bbox 544 3391 679 3432; x_wconf 88' lang='lat' dir='ltr'><strong>non</strong></span> <span class='ocrx_word' id='word_1_274' title='bbox 705 3368 902 3432; x_wconf 85' lang='lat' dir='ltr'><strong>fuisse</strong></span> <span class='ocrx_word' id='word_1_275' title='bbox 917 3416 936 3450; x_wconf 89' lang='lat'>,</span> <span class='ocrx_word' id='word_1_276' title='bbox 958 3366 1073 3431; x_wconf 88' lang='lat' dir='ltr'><strong>sed</strong></span> <span class='ocrx_word' id='word_1_277' title='bbox 1094 3367 1356 3430; x_wconf 86' lang='lat' dir='ltr'><strong>titulum</strong></span> <span class='ocrx_word' id='word_1_278' title='bbox 1378 3390 1395 3431; x_wconf 72' lang='grc' dir='ltr'><strong>ε</strong></span> <span class='ocrx_word' id='word_1_279' title='bbox 1418 3376 1784 3428; x_wconf 76' lang='lat' dir='ltr'><strong>renovatum</strong></span> <span class='ocrx_word' id='word_1_280' title='bbox 1800 3386 1998 3453; x_wconf 85' lang='lat' dir='ltr'><strong>porro</strong></span> <span class='ocrx_word' id='word_1_281' title='bbox 2023 3365 2316 3452; x_wconf 79' lang='lat' dir='ltr'><strong>templum</strong></span> 
     </span>
     <span class='ocr_line' id='line_1_31' title="bbox 88 3470 2318 3559; baseline -0.002 -20"><span class='ocrx_word' id='word_1_282' title='bbox 88 3493 93 3500; x_wconf 87' lang='grc'><em>·</em></span> <span class='ocrx_word' id='word_1_283' title='bbox 183 3473 409 3539; x_wconf 89' lang='lat' dir='ltr'><strong>iisdem</strong></span> <span class='ocrx_word' id='word_1_284' title='bbox 446 3473 566 3538; x_wconf 88' lang='lat' dir='ltr'><strong>diis</strong></span> <span class='ocrx_word' id='word_1_285' title='bbox 609 3475 695 3538; x_wconf 90' lang='lat' dir='ltr'><strong>ita</strong></span> <span class='ocrx_word' id='word_1_286' title='bbox 730 3472 886 3546; x_wconf 86' lang='lat' dir='ltr'><strong>dici,</strong></span> <span class='ocrx_word' id='word_1_287' title='bbox 922 3489 999 3537; x_wconf 86' lang='lat' dir='ltr'><strong>ut</strong></span> <span class='ocrx_word' id='word_1_288' title='bbox 1033 3473 1308 3537; x_wconf 84' lang='lat' dir='ltr'><strong>aliorum</strong></span> <span class='ocrx_word' id='word_1_289' title='bbox 1358 3471 1680 3559; x_wconf 82' lang='lat' dir='ltr'><strong>exempla,</strong></span> <span class='ocrx_word' id='word_1_290' title='bbox 1717 3491 1926 3559; x_wconf 86' lang='lat' dir='ltr'><strong>quum</strong></span> <span class='ocrx_word' id='word_1_291' title='bbox 1963 3470 2108 3557; x_wconf 86' lang='lat' dir='ltr'><strong>quis</strong></span> <span class='ocrx_word' id='word_1_292' title='bbox 2141 3471 2209 3532; x_wconf 90' lang='lat' dir='ltr'><strong>in</strong></span> <span class='ocrx_word' id='word_1_293' title='bbox 2249 3491 2318 3535; x_wconf 87' lang='lat' dir='ltr'><strong>se</strong></span> 
     </span>
     <span class='ocr_line' id='line_1_32' title="bbox 183 3573 2318 3665; baseline -0.004 -21"><span class='ocrx_word' id='word_1_294' title='bbox 183 3581 517 3656; x_wconf 83' lang='lat' dir='ltr'><strong>transfert,</strong></span> <span class='ocrx_word' id='word_1_295' title='bbox 546 3577 765 3643; x_wconf 88' lang='lat' dir='ltr'><strong>denuo</strong></span> <span class='ocrx_word' id='word_1_296' title='bbox 790 3577 924 3642; x_wconf 89' lang='lat' dir='ltr'><strong>edit</strong></span> <span class='ocrx_word' id='word_1_297' title='bbox 941 3627 960 3660; x_wconf 91' lang='lat'><strong>,</strong></span> <span class='ocrx_word' id='word_1_298' title='bbox 988 3577 1381 3665; x_wconf 86' lang='lat' dir='ltr'><strong>exsequitur,</strong></span> <span class='ocrx_word' id='word_1_299' title='bbox 1411 3573 1640 3663; x_wconf 68' lang='lat' dir='ltr'><strong>refisrri</strong></span> <span class='ocrx_word' id='word_1_300' title='bbox 1663 3583 1738 3638; x_wconf 79' lang='lat' dir='ltr'><strong>ac</strong></span> <span class='ocrx_word' id='word_1_301' title='bbox 1768 3579 2062 3637; x_wconf 79' lang='lat' dir='ltr'><strong>renovari</strong></span> <span class='ocrx_word' id='word_1_302' title='bbox 2083 3573 2318 3637; x_wconf 88' lang='lat' dir='ltr'><strong>dicun-</strong></span> 
     </span>
     <span class='ocr_line' id='line_1_33' title="bbox 182 3678 2316 3770; baseline -0.003 -21"><span class='ocrx_word' id='word_1_303' title='bbox 182 3703 307 3749; x_wconf 89' lang='lat' dir='ltr'><strong>tur.</strong></span> <span class='ocrx_word' id='word_1_304' title='bbox 330 3684 608 3748; x_wconf 89' lang='lat' dir='ltr'><strong>Fabium</strong></span> <span class='ocrx_word' id='word_1_305' title='bbox 630 3685 844 3770; x_wconf 89' lang='lat' dir='ltr'><strong>itaque</strong></span> <span class='ocrx_word' id='word_1_306' title='bbox 863 3681 1093 3746; x_wconf 85' lang='lat' dir='ltr'><strong>iisdem</strong></span> <span class='ocrx_word' id='word_1_307' title='bbox 1120 3681 1502 3746; x_wconf 88' lang='lat' dir='ltr'><strong>nominibus</strong></span> <span class='ocrx_word' id='word_1_308' title='bbox 1531 3678 1612 3743; x_wconf 89' lang='lat' dir='ltr'><strong>de</strong></span> <span class='ocrx_word' id='word_1_309' title='bbox 1631 3678 1954 3743; x_wconf 87' lang='lat' dir='ltr'><strong>manubiis</strong></span> <span class='ocrx_word' id='word_1_310' title='bbox 1974 3678 2316 3766; x_wconf 81' lang='lat' dir='ltr'><strong>Ligusticis</strong></span> 
     </span>
     <span class='ocr_line' id='line_1_34' title="bbox 185 3785 2314 3876; baseline -0.003 -22"><span class='ocrx_word' id='word_1_311' title='bbox 185 3790 356 3854; x_wconf 85' lang='lat' dir='ltr'><strong>aliud</strong></span> <span class='ocrx_word' id='word_1_312' title='bbox 380 3805 568 3854; x_wconf 88' lang='lat' dir='ltr'><strong>antea</strong></span> <span class='ocrx_word' id='word_1_313' title='bbox 595 3787 993 3870; x_wconf 85' lang='lat' dir='ltr'><strong>condidisse,</strong></span> <span class='ocrx_word' id='word_1_314' title='bbox 1014 3787 1197 3876; x_wconf 87' lang='lat' dir='ltr'><strong>quod</strong></span> <span class='ocrx_word' id='word_1_315' title='bbox 1218 3789 1490 3852; x_wconf 85' lang='lat' dir='ltr'><strong>fortasse</strong></span> <span class='ocrx_word' id='word_1_316' title='bbox 1513 3785 1839 3850; x_wconf 86' lang='lat' dir='ltr'><strong>Ciceronis</strong></span> <span class='ocrx_word' id='word_1_317' title='bbox 1863 3801 2154 3872; x_wconf 86' lang='lat' dir='ltr'><strong>tempore</strong></span> <span class='ocrx_word' id='word_1_318' title='bbox 2181 3807 2314 3848; x_wconf 88' lang='lat' dir='ltr'><strong>non</strong></span> 
     </span>
     <span class='ocr_line' id='line_1_35' title="bbox 188 3892 2310 3982; baseline -0.002 -24"><span class='ocrx_word' id='word_1_319' title='bbox 188 3896 507 3978; x_wconf 80' lang='lat' dir='ltr'><strong>exstabat,</strong></span> <span class='ocrx_word' id='word_1_320' title='bbox 531 3911 705 3960; x_wconf 89' lang='lat' dir='ltr'><strong>certe</strong></span> <span class='ocrx_word' id='word_1_321' title='bbox 730 3909 949 3959; x_wconf 88' lang='lat' dir='ltr'><strong>autem</strong></span> <span class='ocrx_word' id='word_1_322' title='bbox 985 3895 1247 3959; x_wconf 85' lang='lat' dir='ltr'><strong>alterius</strong></span> <span class='ocrx_word' id='word_1_323' title='bbox 1280 3892 1791 3982; x_wconf 78' lang='lat' dir='ltr'><strong>magnificentia,</strong></span> <span class='ocrx_word' id='word_1_324' title='bbox 1821 3907 1887 3954; x_wconf 89' lang='lat' dir='ltr'><strong>et</strong></span> <span class='ocrx_word' id='word_1_325' title='bbox 1914 3892 2310 3956; x_wconf 86' lang='lat' dir='ltr'><strong>ornamentis</strong></span> 
     </span>
     <span class='ocr_line' id='line_1_36' title="bbox 190 3999 2314 4091; baseline -0.003 -22"><span class='ocrx_word' id='word_1_326' title='bbox 190 4004 543 4070; x_wconf 88' lang='lat' dir='ltr'><strong>Sicularum</strong></span> <span class='ocrx_word' id='word_1_327' title='bbox 604 4003 870 4068; x_wconf 87' lang='lat' dir='ltr'><strong>urbium</strong></span> <span class='ocrx_word' id='word_1_328' title='bbox 916 4002 1185 4091; x_wconf 85' lang='lat' dir='ltr'><strong>egregiis</strong></span> <span class='ocrx_word' id='word_1_329' title='bbox 1240 4001 1662 4066; x_wconf 85' lang='lat' dir='ltr'><strong>obruebatur.</strong></span> <span class='ocrx_word' id='word_1_330' title='bbox 1709 3999 2056 4064; x_wconf 75' lang='lat' dir='ltr'><strong>Tarditatis</strong></span> <span class='ocrx_word' id='word_1_331' title='bbox 2099 4015 2314 4064; x_wconf 85' lang='lat' dir='ltr'><strong>autem</strong></span> 
     </span>
    </p>
   </div>
  </div>
 </body>
</html>
