2594 4537
536 313 922 385 ORATIO
969 312 1171 381 PRO
1207 314 1299 380 L.
1347 294 1773 382 FLACCO.
2048 266 2217 381 =153

109 438 178 507 in
206 450 568 535 posterum
599 433 1022 533 proderetis.
1054 431 1194 505 Sed
1215 487 1234 521 ,
1274 457 1503 530 quum
1541 438 1621 504 L.
1658 432 1885 504 Flacci
1919 457 2034 503 res
2068 458 2219 529 aga-

111 562 242 631 tur,
293 549 504 640 cujus
551 570 638 617 ex
692 542 958 615 familia
999 545 1126 639 qui
1172 545 1451 641 primus
1500 542 1753 614 consul
1796 540 2029 614 factus
2070 556 2219 631 est,

113 660 374 753 primus
409 658 486 727 in
525 655 663 726 hac
697 656 980 725 civitate
1013 654 1266 725 consul
1300 651 1524 743 fuit43
1570 653 1777 748 cujus
1812 655 2075 748 virtute
2104 676 2221 723 re·

113 764 304 861 gibus
355 765 850 837 exterminatis
877 818 896 852 ‚
945 762 1238 836 libertas
1283 764 1361 833 in
1418 762 1791 863 republica
1834 766 2225 835 constituta

117 890 240 960 est3
272 902 432 974 quae
461 900 696 973 usque
733 874 826 946 ad
859 873 1004 945 hoc
1034 888 1323 973 tempus
1356 873 1763 945 honoribus
1780 869 1833 961 ⁵,
1862 868 2180 972 imperiis
2202 926 2223 961 ‚

117 1010 342 1056 rerum
370 1000 731 1083 gestarum
761 984 987 1082 gloria
1005 1038 1026 1071 ‚
1054 988 1473 1056 continuata
1501 987 1933 1083 permansit3
1970 1007 2226 1081 quum·-
2282 1078 2296 1092 ·

119 1119 248 1191 que
288 1094 379 1165 ab
421 1095 558 1166 hac
595 1095 896 1193 perenni
931 1109 1475 1192 contestataque
1516 1097 1781 1167 virtute
1828 1095 2182 1190 majorum
2205 1148 2225 1181 ‚

120 1230 258 1275 non
293 1204 516 1275 modo
557 1230 710 1275 non
749 1203 1200 1303 degenerarit
1234 1208 1316 1275 L.
1350 1204 1642 1276 Flaccus
1664 1261 1683 1294 ,
1714 1202 1879 1292 sed,
1914 1202 1989 1274 id
2029 1202 2231 1300 quod

120 1319 407 1386 maxime
444 1314 706 1386 florere
749 1316 826 1385 in
863 1316 1142 1413 generis
1183 1316 1300 1385 sui
1343 1314 1567 1413 gloria
1602 1314 1911 1403 viderat,
1946 1311 2233 1384 laudem
2282 1366 2287 1373 .

125 1420 392 1516 patriae⁶
451 1424 528 1493 in
570 1422 982 1495 libertatem
1033 1424 1477 1495 vindicandae
1519 1439 1785 1522 praetor
1836 1424 2231 1495 adamarit:

125 1532 192 1601 in
225 1532 358 1604 hoc
394 1557 532 1629 ego
567 1558 698 1603 reo
728 1557 821 1603 ne
859 1531 1058 1629 quod
1098 1536 1585 1631 perniciosum
1622 1534 2033 1633 exemplum
2074 1556 2237 1630 pro·

129 1638 358 1729 datur,
413 1642 917 1739 pertimescam
942 1695 962 1728 ‚
1001 1642 1075 1711 in
1129 1668 1321 1739 quO,
1362 1644 1635 1733 etiamsi
1678 1642 1858 1741 quid
1903 1656 2243 1728 errasset,

130 1776 365 1824 omnes
396 1751 577 1822 boni
613 1751 1146 1823 connivendum
1171 1763 1198 1807 7
1238 1776 1393 1823 esse
1426 1752 1989 1825 arbitrarentur?
2026 1750 2246 1841 Quod

131 1860 400 1955 quidem
447 1884 584 1956 ego
625 1885 777 1930 non
821 1859 1044 1931 modo
1083 1884 1234 1931 non
1271 1862 1598 1958 postule,
1644 1862 1768 1935 sed
1817 1878 2103 1949 contra,
2132 1862 2245 1957 ju-

133 1968 344 2056 dices,
397 1994 530 2041 vos
572 1995 706 2041 oro
757 1985 830 2041 et
877 1969 1243 2054 obtestor,
1299 1987 1380 2042 ut
1418 1986 1645 2043 totam
1696 1998 1981 2045 causam
2022 1997 2243 2070 quam

135 2082 420 2151 maxime
465 2083 766 2152 intentis
802 2082 1068 2167 oculiS‚
1123 2096 1202 2152 ut
1243 2082 1488 2169 aiunt,
1532 2086 1877 2152 acerrime
1922 2098 2247 2153 contem·

137 2188 434 2284 plemini.
490 2189 684 2260 Nihil
717 2189 1066 2287 religione
1105 2204 1486 2275 testatum,
1530 2192 1707 2263 nihil
1741 2194 2041 2263 veritate
2082 2191 2247 2262 fun-

139 2297 406 2389 datum,
445 2299 644 2376 ‚nihil
697 2301 950 2372 dolore
995 2298 1501 2400 expressum33
1559 2319 1955 2401 contraque
2003 2307 2251 2375 omnia

139 2428 456 2511 corrupta
491 2410 830 2498 libidine,
871 2415 1276 2504 iracundia,
1310 2415 1580 2504 studio,
1623 2417 1891 2514 pretiO,
1926 2413 2249 2513 perjurio

139 2523 590 2616 reperientur.

222 2633 366 2700 XII.
411 2632 696 2702 Etenim
737 2631 884 2726 jam
937 2635 1269 2706 universa
1320 2638 1669 2708 istorum¹
1720 2638 2006 2736 cognita
2050 2639 2251 2735 cupi-

144 2733 381 2830 ditate,
419 2739 756 2811 accedam
805 2739 894 2812 ad
946 2742 1264 2839 singulas
1312 2748 1639 2842 querelas
1676 2749 2253 2818 criminationes-

145 2951 210 2990 tur
243 2947 402 2993 vexari
447 2957 499 2994 et
546 2945 766 2993 cruciari.
818 2945 976 2994 Tacit.
1020 2949 1144 2996 xvl
1231 2949 1458 2998 Milvium
1509 2951 1801 3016 Allobroges
1858 2921 1971 3002 cum
2026 2951 2260 3001 comitatu

145 3021 256 3071 Anu.
270 3024 515 3073 «Audin-et
533 3026 777 3072 insontem
789 3059 804 3082 ,
829 3041 950 3072 neve
968 3041 1148 3073 consu·
1234 3029 1569 3093 deprehendit.

146 3098 250 3150 lanu
280 3105 354 3152 sui
389 3102 640 3168 quondam
675 3094 912 3167 collegam
947 3103 1148 3153 dederet
1310 3119 1355 3162 7.
1383 3101 1754 3150 connivendum.
1778 3100 1980 3166 Ptoprie
1997 3101 2058 3149 de
2078 3101 2258 3164 oculis,

147 3176 300 3232 liberto
319 3205 362 3232 n.
1235 3178 1320 3244 qui
1358 3197 1410 3227 se
1450 3180 1511 3228 sd
1551 3196 1775 3228 somnum
1810 3191 2127 3244 componunt.
2169 3183 2262 3228 Per

205 3269 248 3316 4.
266 3259 562 3326 Consulsm't.
576 3264 633 3312 P.
643 3261 868 3309 Valerius
879 3261 1147 3314 Publicola.

205 3339 250 3389 5.
287 3342 596 3398 Honoribus,
626 3340 854 3404 imperiis.
888 3341 968 3390 Al.
996 3341 1148 3390 codd.

152 3419 356 3482 -imperii
371 3455 388 3476 ‚
419 3419 494 3467 vel
517 3421 722 3483 imperio
743 3441 782 3465 n.
804 3419 910 3467 Cic.
936 3419 1000 3466 sd
1019 3419 1151 3468 Atti-

152 3511 260 3556 cum,
275 3500 370 3546 XV
389 3513 406 3548 ε
425 3521 452 3542 α
471 3497 607 3547 vides
633 3501 832 3562 tyranni
849 3498 1078 3547 satellites
1097 3500 1152 3546 in

153 3573 342 3639 imperiis
355 3601 402 3626 n.
423 3578 688 3628 Suetonius
714 3577 769 3624 in
795 3577 898 3627 Jul.
925 3593 1036 3641 esp.
1056 3579 1149 3634 54:

156 3673 172 3692 ·
189 3653 512 3704 abstinentiam
539 3671 700 3719 neque
725 3657 780 3703 in
799 3656 1039 3720 imperiis,
1066 3671 1154 3703 ne·

156 3749 236 3796 que
249 3736 296 3784 iu
311 3735 672 3801 magistratibus
692 3739 923 3800 proestitit
939 3757 982 3784 ιι.

213 3815 258 3862 6.
299 3817 510 3862 Laudem
531 3815 736 3880 patria.
776 3816 1028 3864 Adamarit
1043 3849 1058 3872 ‚
1097 3826 1154 3863 ut

157 3894 264 3939 atavi
286 3896 412 3955 ejus,
435 3894 630 3942 leudem
653 3895 824 3958 patria·
851 3893 1156 3942 vindicanda

159 3971 202 4016 ‘m
217 3971 498 4033 libertatenu
515 3974 652 4038 quod
673 3975 722 4020 in
747 3975 966 4022 Catilina!
987 3973 1156 4032 conju-

160 4051 324 4108 ratione
356 4053 586 4118 probavit
602 4088 619 4114 ,
662 4069 814 4116 quum
853 4053 916 4101 sd
955 4065 1158 4118 pontem

1237 3259 1600 3307 translationem
1613 3259 1675 3306 de
1692 3261 1775 3321 iis,
1794 3259 1879 3324 qui
1898 3259 2019 3308 mala
2039 3259 2262 3323 quedam

1237 3353 1349 3402 quae
1387 3339 1629 3402 exagitare
1663 3350 1748 3387 aut
1781 3340 1957 3404 punire
1990 3339 2265 3398 debebant,

1239 3417 1377 3481 qussi
1397 3417 1561 3464 videre
1574 3433 1625 3465 se
1642 3417 1964 3466 dissimulant.
1986 3419 2067 3466 Sic
2083 3418 2263 3482 Philip.

1239 3499 1264 3542 1
1279 3531 1294 3554 ,
1323 3514 1350 3557 7
1370 3512 1383 3545 ε
1412 3517 1435 3538 ι
1457 3496 1761 3565 Quibusdam
1780 3499 1831 3544 in
1850 3497 1994 3544 rebus
2014 3497 2117 3560 ipse
2141 3513 2265 3544 cou-

1239 3591 1387 3623 niveo
1406 3599 1449 3622 ι».

1315 3657 1363 3702 8.
1402 3653 1545 3703 Nihil
1565 3656 1729 3703 dolore
1756 3669 2055 3717 expressum.
2094 3655 2271 3703 Nullus

1241 3745 1315 3782 est
1329 3733 1461 3781 testis
1470 3734 1553 3797 qui
1564 3749 1651 3780 sea
1666 3733 1839 3779 Flacco
1848 3731 2109 3796 spoliatum
2120 3733 2267 3782 dicat.

1318 3814 1435 3860 xll.
1484 3829 1525 3860 ι.
1577 3813 1804 3860 Universa
1842 3812 2060 3859 istorum.
2104 3813 2269 3874 Quum

1239 3893 1373 3953 jam,
1410 3907 1553 3955 quam
1582 3891 1759 3955 cupide
1781 3899 1926 3954 agant
1948 3899 2093 3937 testes
2122 3892 2154 3937 ii
2184 3893 2271 3954 qui

1245 3971 1393 4018 nobis
1416 3981 1764 4036 opponuntur,
1798 3969 2054 4018 universim
2084 3985 2272 4032 eogno-

1248 4051 1411 4098 scotis.
