2594 4537
325 244 463 318 258
639 246 979 315 MARKL.
1016 246 1132 314 ET
1171 246 1428 317 GESN.
1466 244 2126 320 PRAEFATloNES.

321 367 559 455 quibus
580 414 598 449 ,
664 365 970 433 Africano
1025 382 1292 433 auctore
1316 417 1334 452 ,
1392 369 1679 458 primum
1739 385 2058 459 separatas
2116 369 2473 457 spectandi

308 472 496 538 sedes
537 471 964 537 obtinuerint.

397 576 750 667 Equidem,
787 576 910 641 nisi
947 578 1218 659 majores
1251 576 1607 645 afferantur
1642 578 1985 645 dubitandi
2021 600 2229 645 musae
2251 628 2277 661 ,
2336 602 2474 645 cre-

309 682 456 751 dam
492 684 811 767 Asconio,
845 684 950 748 illa
989 684 1222 767 verba,
1255 684 1425 753 hanc
1461 702 1664 751 totam
1690 688 2094 769 orationem,
2122 708 2263 751 esse
2292 686 2467 751 'rul-
2556 696 2558 709 ‘

309 788 412 876 lii3
441 792 582 856 viro
602 841 623 874 ,
658 792 796 875 cui,
829 790 990 857 dum
1023 792 1168 885 lego
1203 796 1504 884 reliquias
1528 792 1697 859 illius
1726 794 2369 860 commentationum
2396 796 2463 858 in

306 897 730 981 Ciceronem,
771 900 858 963 ita
893 898 1085 964 video
1122 900 1385 967 affuisse
1423 902 1641 967 omnia
1676 898 1759 966 ad
1783 901 1912 967 hoc
1934 898 2259 983 judicium
2288 922 2463 989 prae-

305 999 466 1066 sidia
488 1047 507 1084 ,
535 1018 613 1067 ut
648 1021 783 1068 non
815 1004 1093 1087 mirum,
1123 1003 1236 1071 sed
1258 1023 1640 1095 portentum
1666 1007 1783 1089 sit,
1823 1007 1877 1071 si
1911 1008 2019 1071 ille
2055 1006 2189 1071 falli
2226 1006 2359 1071 hac
2394 1006 2463 1069 in

305 1128 378 1171 re
417 1108 653 1196 potuit.
695 1106 927 1175 Videat
967 1110 1127 1176 mihi
1176 1113 1278 1177 vel
1328 1113 1604 1202 exempli
1644 1134 1836 1177 causa
1871 1111 2104 1200 aliquis
2122 1160 2141 1193 ,
2186 1134 2341 1200 quae
2378 1108 2463 1175 ad

305 1228 469 1279 orat.
509 1214 578 1279 in
615 1214 798 1305 Toga
835 1215 1106 1282 candida
1155 1216 1478 1307 disputata
1517 1218 1599 1283 ab
1640 1242 1719 1283 eo
1766 1234 1965 1300 sunt3
2010 1234 2077 1282 et
2116 1214 2332 1301 dicat,
2375 1238 2459 1281 an
2558 1231 2560 1269 Ι

300 1325 608 1394 credibile
645 1329 764 1414 sit,
811 1331 992 1397 hunc
1039 1333 1252 1397 virum
1300 1334 1591 1423 potuisse
1634 1350 1773 1397 non
1814 1332 2130 1414 olfacere,
2162 1356 2314 1421 quoe
2360 1346 2463 1395 tot

304 1435 549 1499 saeculis
585 1453 739 1525 post
778 1434 1283 1526 deprehendisse
1315 1438 1439 1504 sibi
1464 1436 1723 1505 videtur
1753 1436 2194 1503 Marklandus.
2230 1440 2455 1521 Quam

305 1548 593 1607 attentus
637 1542 722 1607 ad
759 1542 891 1609 hoc
929 1566 1133 1632 genus
1168 1545 1449 1628 fraudis,
1499 1567 1697 1635 quam
1736 1560 1967 1609 acutus
1999 1545 2197 1609 fuerit
2218 1544 2457 1609 Pedia-

302 1666 470 1728 nus,
507 1646 703 1711 etiam
743 1668 823 1711 ex
867 1651 1291 1714 annotatione
1327 1648 1496 1714 illius
1533 1649 1799 1739 intelligi
1834 1664 2089 1738 potest,
2136 1673 2337 1738 quam
2384 1648 2451 1713 in

301 1748 432 1815 line
467 1752 1093 1818 commentationum
1131 1754 1199 1818 in
1241 1772 1403 1821 orat.
1459 1754 1527 1818 in
1562 1754 1743 1843 Toga
1780 1752 1971 1819 cand.
2002 1755 2261 1844 posuit,
2302 1776 2452 1843 quae

298 1854 389 1919 ita
413 1854 646 1920 habet:
680 1886 707 1913 α
728 1844 899 1921 Huic
925 1860 1205 1925 orationi
1225 1859 1555 1925 Ciceronis
1587 1876 1654 1925 et
1684 1860 1951 1925 Catilina
1970 1908 1989 1941 ,
2026 1876 2092 1925 et
2115 1861 2449 1927 Antonius

302 1962 776 2029 contumeliose
810 1964 1330 2054 responderunt,
1367 1962 1549 2055 quod
1586 1966 1802 2033 solum
1840 1982 2183 2057 poterant,
2207 1966 2447 2034 invecti

303 2070 369 2145 in
395 2072 748 2137 novitatem
791 2072 950 2155 ejus.
983 2072 1315 2139 Feruntur
1349 2097 1617 2163 quoque
1649 2072 1974 2138 orationes
2008 2074 2281 2139 nomine
2298 2075 2445 2139 illo·

301 2198 451 2240 rum
478 2174 701 2261 editae,
732 2201 867 2242 non
897 2176 980 2242 ab
1005 2178 1159 2268 ipsis
1187 2180 1477 2268 scriptae,
1514 2176 1630 2245 sed
1652 2178 1734 2243 ab
1767 2178 2096 2243 Ciceronis
2129 2180 2445 2276 obtrecta-

303 2284 598 2366 toribus,
638 2307 799 2374 quas
845 2279 1064 2349 nescio
1105 2307 1188 2351 an
1238 2287 1433 2352 satius
1476 2289 1560 2350 sit
1604 2285 1971 2377 ignorare».
2027 2283 2161 2370 Qui
2210 2287 2318 2352 hic
2356 2287 2443 2350 ita

303 2389 612 2453 cernebat
648 2404 913 2456 acutum
936 2437 956 2472 ,
991 2411 1074 2454 an
1106 2391 1356 2480 imponi
1400 2391 1522 2456 sibi
1558 2408 1886 2484 pateretur
1924 2414 1960 2455 a
2004 2393 2319 2480 scriptore
2354 2393 2441 2454 ita

301 2493 602 2583 imperito
627 2539 645 2574 ,
703 2508 779 2556 ut
840 2493 1100 2560 videtur
1156 2495 1357 2562 fuisse
1419 2497 1803 2563 Marklando
1866 2496 2064 2578 huius
2132 2497 2439 2564 orationis

301 2596 576 2660 auctor?
1572 2681 1577 2690 ι

389 2701 600 2792 Igitur
629 2701 698 2767 in
732 2702 843 2768 tali
874 2727 944 2770 re
975 2705 1236 2771 Asconii
1275 2725 1342 2773 et
1371 2706 1553 2774 Fabii
1577 2705 1825 2792 judicio
1853 2725 2021 2774 stare
2053 2709 2290 2775 melius
2316 2721 2433 2787 est,

302 2805 464 2872 dum
502 2809 737 2898 apertis
777 2831 997 2876 rerum
1039 2815 1437 2901 argumentis
1485 2813 1915 2904 depellantur,
1957 2813 2145 2904 quod
2176 2839 2260 2880 an
2302 2810 2433 2880 fieri

301 2915 536 3001 possit,
569 2915 700 2995 jam
719 2963 739 2998 ,
772 2938 929 3007 age,
969 2916 1327 2986 videndum
1366 2937 1483 2986 est.

1852 3059 2218 3126 Guarinus.
