2594 4537
279 266 423 339 628
470 296 479 303 ·
876 262 1148 335 GASP.
1202 259 1802 335 GARATONII

276 392 437 455 lium
474 389 800 455 Ciceronis
832 402 1386 476 propugnatorem
1407 435 1426 470 ,
1465 402 1531 451 et
1557 386 1943 473 Ciceronem
1971 385 2192 473 ipsum
2233 384 2406 451 inse—

272 512 481 559 ctatus
514 516 651 559 esse
676 489 934 555 videtur
967 513 983 555 ε
1016 491 1125 555 cui
1160 514 1366 579 quum
1399 490 1628 555 Cicero
1655 512 1772 579 per
1805 490 2096 553 edictum
2127 514 2252 554 suo
2285 516 2406 555 no-

266 600 443 664 mine
477 599 760 687 privatus
794 595 1187 683 respondere
1230 618 1366 659 non
1400 610 1651 683 posset,
1701 594 1770 659 L.
1805 594 2054 659 Racilio
2097 596 2400 678 tribuno,

266 706 534 795 quicum
574 704 709 791 ipse
756 700 1175 789 compellatus
1214 702 1455 785 fuerat,
1493 700 1780 766 edictum
1813 703 2190 789 composuit
2227 726 2403 767 acer-

266 811 430 875 bum
476 831 551 871 ac
602 804 953 875 vehemens
970 852 989 887 ‚
1033 822 1108 871 ut
1145 804 1393 871 solebat
1411 855 1429 888 ,
1470 806 1539 870 in
1581 800 1918 889 Clodium,
1956 810 2144 887 cujus
2177 809 2401 872 Cicero

263 915 483 1003 scripti
510 928 739 977 auctor
766 913 847 977 ab
878 912 1185 977 omnibus
1212 912 1694 1002 agnosceretur.
1739 913 1944 976 Erant
1981 915 2163 977 enim
2197 913 2400 978 edicta

258 1019 523 1110 propria
566 1020 1063 1108 magistratuum
1084 1068 1103 1102 ,
1150 1020 1394 1107 quibus
1439 1020 1509 1083 in
1551 1018 1958 1084 dissensione
1989 1018 2072 1083 ad
2110 1021 2398 1113 convicia

258 1127 443 1191 facile
478 1124 939 1190 abutebantur.
974 1126 1071 1188 Ex
1106 1126 1327 1191 multis
1360 1124 1656 1213 exemplo
1683 1125 1815 1188 sint
1845 1124 2269 1189 Archilochia
2297 1122 2398 1189 illa

256 1232 471 1296 Bibuli
490 1231 773 1296 consulis
805 1231 875 1293 in
908 1232 1025 1294 Cn.
1066 1230 1489 1320 Pompeium,
1522 1229 1794 1317 ejusque
1821 1229 2031 1293 socios
2063 1230 2294 1312 edicta,
2315 1230 2398 1295 ad

254 1337 451 1401 Attic.
480 1338 583 1419 11,
628 1360 738 1425 19,
770 1360 887 1420 20,
924 1360 1029 1419 21,
1068 1352 1133 1401 et
1164 1336 1342 1425 apud
1379 1336 1708 1403 Plutarch.
1737 1336 1806 1399 in
1841 1335 2076 1423 Pomp.
2113 1358 2256 1424 cap.
2289 1338 2392 1416 48.

257 1442 566 1525 Quintius
598 1466 755 1507 vero
790 1442 1042 1506 Atticus
1067 1442 1331 1524 consul,
1353 1440 1570 1530 «quod
1597 1440 1806 1531 edicta
1827 1441 1898 1505 in
1927 1442 2254 1529 populum
2276 1464 2392 1531 pro

249 1549 643 1637 Vespasiano
676 1547 1047 1637 magnifica,
1076 1548 1392 1637 probrosa
1417 1547 1724 1613 adversus
1732 1547 2066 1611 'Vitellium
2085 1548 2326 1627 jecerat
2343 1578 2388 1628 ιι,

246 1678 469 1743 poenas
484 1653 838 1719 Vitellianis
857 1652 1067 1736 dedit,
1096 1670 1173 1717 ut
1204 1676 1287 1717 ex
1311 1654 1560 1734 Tacito,
1583 1654 1822 1718 Histor.
1861 1654 1982 1733 ΠΙ,
2010 1652 2120 1739 73,
2143 1676 2390 1718 morem

246 1760 433 1824 illum
460 1782 614 1825 cum
650 1758 981 1847 republica
1020 1759 1412 1823 exstinctum
1449 1781 1586 1823 non
1613 1759 1814 1823 fuisse
1849 1757 2153 1823 sciamus.
2193 1758 2386 1842 Quod

248 1868 368 1947 ait,
402 1872 469 1929 in
496 1868 911 1929 invectionem
938 1866 1014 1929 P.
1046 1860 1282 1949 Clodii,
1311 1864 1688 1954 explicantis
1715 1880 1814 1929 est
1829 1912 1848 1941 ,
1865 1862 2190 1953 siquidem
2213 1867 2386 1930 Cice-

245 1993 321 2035 ro
368 1968 451 2034 de
482 1990 665 2034 more
700 1968 1027 2057 scripserit
1044 2017 1061 2051 ,
1106 1972 1174 2032 in
1206 1970 1285 2034 P.
1336 1967 1626 2035 Clodium
1665 1968 1918 2033 oedtlem
1959 1969 2259 2034 curulem.
2291 1970 2382 2033 Ita

242 2076 611 2141 scholiastes
638 2098 1039 2163 anonymuS,
1062 2075 1195 2139 sive
1220 2076 1330 2139 hic
1351 2075 1487 2164 ipse
1517 2077 1632 2157 sit,
1665 2076 1798 2140 sive
1829 2074 2018 2156 alius,
2053 2074 2142 2139 ad
2161 2077 2302 2139 Act.
2327 2076 2378 2156 Ι,

245 2184 315 2246 in
330 2184 517 2247 Verr.
550 2204 687 2270 cap.
722 2204 825 2263 xo,
848 2210 873 2237 ι
902 2181 1182 2247 invectio
1213 2180 1302 2245 ad
1327 2181 1676 2246 Metellum
1709 2181 2052 2246 consulem
2091 2181 2381 2272 designa-

243 2305 387 2353 tum
406 2320 453 2372 ι»,
480 2313 679 2377 quem
710 2289 801 2352 ibi
836 2303 1055 2353 orator
1076 2289 1449 2376 alloquitur.
1483 2287 1677 2352 Haud
1715 2304 1934 2352 tamen
1957 2287 2176 2353 Tullio
2209 2289 2379 2353 indi·

225 2417 447 2482 ,gnum
488 2411 587 2458 est
632 2393 907 2458 verbum
960 2395 1243 2457 invectim
1311 2393 1562 2458 Citatur
1597 2415 1678 2458 ex
1718 2395 1782 2458 H
1824 2393 1906 2458 de
1951 2396 2209 2458 Invent.
2265 2394 2376 2475 54,

243 2522 440 2586 quem
501 2498 921 2586 depravatum
978 2498 1198 2562 locum
1243 2497 1524 2562 Michael
1573 2500 1814 2581 Brutus
1860 2497 2250 2587 jampridem
2294 2500 2376 2563 ita

242 2603 649 2669 emendavit:
680 2633 707 2659 «ι
727 2605 1118 2684 Clementia,
1156 2627 1274 2692 per
1307 2626 1504 2692 quam
1535 2604 1735 2668 animi
1772 2620 2016 2670 temere
2047 2605 2116 2668 iu
2149 2605 2374 2670 odium

240 2708 511 2788 alicujus
536 2707 816 2772 invectio
841 2707 1163 2772 concitata
1184 2709 1488 2774 comitate
1515 2709 1892 2774 retinetur».
1918 2710 1998 2774 Id
2020 2733 2193 2774 unus
2221 2710 2376 2775 Gru·

236 2814 359 2878 teri
403 2812 638 2896 codex,
669 2830 931 2902 tresque
970 2814 1320 2878 Britannici
1369 2812 1862 2880 confirmarunt.
1899 2816 2162 2880 Ernest.
2187 2845 2214 2870 a
2231 2816 2369 2879 ani·

236 2920 413 2984 mi....
450 2919 759 2986 concitati
798 2920 1078 2984 invectio
1098 2951 1157 3002 ιι,
1214 2918 1522 2984 Schsttzio
1570 2919 1909 3009 probante.
1962 2921 2240 3009 Propius
2275 2937 2368 2985 ta·

235 3048 390 3090 men
418 3042 587 3092 esset
620 3024 703 3090 ad
738 3025 951 3090 literas
970 3074 989 3109 ,
1026 3056 1053 3083 α
1075 3026 1297 3091 animi.
1317 3075 1332 3091 .
1356 3075 1372 3092 .
1400 3026 1706 3091 concitati
1734 3013 2138 3092 invectiones
2165 3029 2366 3092 comi·-

234 3147 369 3196 tate
404 3134 819 3196 retinentur»
825 3133 1135 3197 .Habent
1166 3133 1341 3198 enim
1369 3133 1663 3221 plerique
1696 3135 2058 3200 invectionis
2107 3151 2172 3199 et
2222 3139 2367 3200 reti-

234 3251 497 3319 nentur,
534 3259 843 3326 unusque
892 3239 1180 3304 Britann.
1211 3242 1630 3307 continentur.

322 3343 425 3409 Ad
450 3343 747 3410 vitiosam
780 3342 926 3409 cod.
963 3345 1263 3410 Ambros.
1296 3345 1646 3410 lectionem
1683 3342 2002 3430 beneficii,
2043 3311 2292 3422 Maius,
2307 3369 2364 3410 .a

232 3449 580 3516 Garatonio
637 3448 935 3515 nondum
990 3451 1259 3516 meliora
1307 3447 1612 3533 edoctus,
1667 3451 1784 3517 sed
1834 3471 2252 3540 perseverans
2295 3453 2360 3515 in

228 3579 421 3644 prava
458 3555 767 3643 opinione
799 3555 980 3644 prius
1012 3555 1277 3638 emissa,
1316 3555 1456 3620 haec
1489 3573 1764 3620 annotat
1795 3557 1860 3620 in
1894 3559 2028 3622 Cic.
2061 3556 2356 3622 Ambros.

228 3685 373 3750 sup.
394 3662 639 3751 p.606:
666 3661 874 3726 «Nota
904 3661 1253 3726 lectionem
1286 3660 1606 3724 diversam
1637 3661 1717 3724 ab
1755 3677 1906 3726 ante
1943 3661 2118 3726 edita
2147 3661 2362 3748 bimest-

224 3772 355 3850 eiis,
380 3769 479 3832 vel
503 3767 814 3856 beneficio.
834 3767 1006 3832 Nota
1034 3767 1231 3832 etiam
1256 3780 1613 3832 contentum
1643 3791 1794 3835 cum
1828 3769 2151 3857 genitivo;
2177 3765 2356 3846 cujus

224 3860 567 3960 syntaxeos
617 3872 911 3961 exempla
960 3872 1138 3962 apud
1176 3873 1430 3938 Livium
1449 3921 1468 3955 ,
1513 3872 1855 3955 Ovidium,
1905 3874 2310 3938 Paterculum
2335 3919 2352 3946 ‚

222 3978 554 4059 Curtium,
590 3979 973 4064 Apuleium,
1022 3979 1388 4059 Justinum,
1432 3979 1723 4067 Digesta,
1767 3979 2163 4066 Dictquue
2205 3980 2350 4042 Cre-
