2594 4537
598 289 986 357 ORATIO
1036 288 1235 357 PRO
1285 288 1597 357 DoMo
1645 288 1863 357 SUA.
2148 274 2279 358 351
2336 340 2341 344 .

79 427 262 482 tus.
311 409 586 481 Multis
613 412 991 483 sententiis
1023 410 1172 505 jam
1199 407 1448 493 dictis,
1490 423 1785 505 rogatus
1820 430 1977 481 sum
2013 420 2297 483 senten·

81 524 338 592 tiam.
363 521 540 591 Dixi
555 518 974 618 reipublicae
992 516 1533 589 saluberrimam
1549 572 1569 605 ‚
1598 518 1775 587 mihi
1796 522 2289 589 necessariam.

81 630 548 705 Petebatur
569 656 612 701 a
639 654 758 701 me
782 628 1130 701 frumenti
1167 629 1378 725 copia
1400 681 1433 715 ,.
1454 652 1761 699 annonae
1788 627 2054 715 vilitas;
2086 633 2288 725 quasi

81 754 493 839 posse-111²
531 739 803 838 aliquid
842 742 918 810 in
964 764 1048 811 ea
1081 764 1162 809 re
1198 736 1507 834 gerenda
1562 764 1577 806 ε
1619 734 1817 808 non-³
1866 736 2288 810 habebatur.

79 849 558 948 Flagitabar
625 848 991 921 bonorum
1075 846 1652 947 expostulatione
1690 874 1711 936 3
1781 846 2287 946 improborum

84 958 528 1031 convicia⁴
563 960 912 1031 sustinere
951 982 1104 1029 non
1141 972 1489 1057 poteram.
1530 957 1866 1053 Delegav'i
1910 960 2143 1029 amico
2178 957 2287 1029 lo·

85 1067 613 1169 cupletiori⁵‚
637 1094 788 1141 non
827 1094 977 1166 quo
1007 1068 1108 1140 illi
1127 1123 1146 1157 ,
1175 1072 1275 1139 ita
1297 1066 1391 1138 de
1418 1090 1533 1138 me
1558 1068 1814 1137 merito
1837 1119 1857 1154 ‚
1886 1091 2073 1139 onus
2104 1068 2287 1139 illud

87 1184 604 1279 imponerem
626 1178 660 1225 ⁶
700 1178 1286 1277 (succubuissem
1332 1181 1527 1250 enim
1578 1177 1823 1275 potius
1870 1181 2103 1275 ipse),
2158 1180 2287 1251 sed

89 1296 322 1388 quia
367 1289 706 1363 videbam
749 1290 863 1379 id,
909 1288 1113 1387 quod
1159 1312 1415 1359 omnes
1474 1314 1493 1357 :
1554 1286 1756 1385 quod
1814 1310 1947 1357 nos
2002 1287 2093 1359 de
2148 1293 2280 1361 Cn.

89 1402 501 1497 Pompeio
547 1400 1088 1498 polliceremur‚
1127 1399 1204 1470 id
1243 1399 1447 1471 illum
1482 1396 1669 1485 fide,
1719 1396 2021 1468 consilio
2053 1449 2073 1485 ‚
2139 1402 2285 1468 vir-

95 1525 346 1599 tute,
385 1512 842 1597 auctoritate,
872 1507 1208 1581 felicitate
1245 1508 1561 1607 denique
1598 1532 1726 1581 sua
1753 1506 2084 1580 facillime
2120 1532 2285 1607 per-

103 1619 534 1693 fectururn.

226 1734 534 1827 Itaque,
575 1732 722 1801 sive
765 1728 966 1801 hunc
1009 1726 1108 1798 dii
1149 1728 1591 1799 immortales
1629 1726 1943 1801 fructum
1980 1732 2125 1801 mei
2168 1752 2287 1823 re-

109 1840 350 1919 ditus
397 1841 676 1939 populo
725 1863 1037 1911 romano
1085 1837 1458 1926 tribuunt,
1508 1854 1625 1926 ut,
1663 1838 2279 1937 quemadmodum

111 1950 470 2022 discessu
502 1974 668 2023 meo
702 1947 992 2047 frugum
1018 1951 1319 2047 ,inopia‚
1356 1946 1617 2035 fames,
1654 1951 1975 2037 vastitas,
2017 1950 2285 2039 caedes»,

119 2058 482 2131 incendia
502 2112 521 2148 ,
547 2062 814 2159 rapinae
830 2114 850 2148 ,
877 2059 1232 2132 scelerum
1261 2058 1685 2155 impunitas,
1716 2056 1886 2155 fuga
1903 2112 1921 2144 ‚
1939 2056 2287 2149 formido,

117 2168 512 2243 discordia
556 2170 846 2259 fuisset3
902 2175 1004 2241 sic
1062 2168 1297 2241 reditu
1356 2190 1522 2238 meo
1570 2164 1863 2238 ubertas
1906 2190 2280 2261 agrorum,

125 2275 442 2381 frugum
479 2285 724 2381 copia,
759 2305 924 2380 spes
958 2283 1086 2353 otii
1103 2275 1130 2368 ’,
1171 2277 1651 2377 tranquillitas
1696 2283 2140 2366 animorum,
2162 2281 2284 2374 ju·-

128 2393 334 2466 dicia
354 2443 374 2478 ‚
435 2392 676 2490 leges,
721 2391 1108 2465 concordia
1157 2389 1447 2491 populi,
1500 2405 1792 2462 senatus
1852 2393 2239 2480 auctoritas
2259 2447 2281 2480 ‚

131 2525 439 2576 mecum
468 2504 686 2575 simul
717 2504 1014 2576 reducta
1047 2503 1435 2574 videantur
1467 2525 1485 2573 ε
1520 2504 1669 2574 sive
1698 2516 1986 2600 egomet
2012 2501 2281 2600 aliquid

132 2613 464 2686 adventu
508 2639 674 2686 meo
704 2667 724 2701 ‚
773 2614 1108 2701 consiliu,
1158 2615 1621 2704 auctoritate,
1672 2613 2035 2712 diligentia
2066 2669 2085 2701 ‚
2145 2639 2280 2713 pro

135 2739 354 2796 tanto
389 2721 742 2796 beneficio
772 2724 1026 2822 populi
1060 2725 1387 2796 romani⁷
1428 2739 1765 2822 praestare
1803 2723 2027 2796 debui
2057 2751 2073 2794 :
2102 2749 2284 2822 prae·

215 2935 272 2968 ιι.
314 2919 536 2968 Gravius
575 2920 710 2982 conj.
749 2937 813 2968 ex
845 2919 1169 2984 quorumdam
1257 2927 1356 2968 tem
1400 2919 1657 2984 pecuniam
1704 2933 1807 2964 non
1852 2917 2035 2964 babent
2058 2949 2077 2976 ,
2128 2933 2281 2981 quum

139 2997 276 3046 Mss
315 2999 562 3062 vestigiis,
597 3021 622 3041 ⁸-
642 3015 762 3047 nnm
787 3015 919 3064 poue.
943 2997 1007 3048 al.
1033 2999 1087 3046 in
1113 3014 1168 3046 ee
1258 2997 1406 3056 alium
1449 2994 1718 3043 debitorem
1758 2995 2017 3057 quemdam
2066 3009 2209 3042 enum
2249 3014 2278 3045 a

141 3093 198 3124 re
241 3077 451 3140 gerenda
465 3111 482 3134 ,
525 3077 651 3126 ratio
688 3093 792 3126 non
827 3075 1096 3125 habebatur
1117 3096 1165 3126 ιι.
1254 3076 1462 3140 pecunia
1488 3075 1777 3139 paratiorem
1805 3073 2034 3120 creditori
2052 3089 2147 3123 ouo
2163 3077 2281 3123 mi—

141 3155 302 3218 Quod
323 3157 442 3205 uu.
461 3158 513 3205 in
539 3167 728 3206 textum
750 3158 951 3221 recepit.
981 3159 1014 3205 J
1017 3157 1097 3207 .V.
1112 3159 1168 3206 1..
1256 3164 1428 3218 guent.
1595 3141 1603 3152 ⁸

222 3234 272 3284 3.
323 3235 437 3284 Noa
478 3236 762 3285 habebatur.
796 3235 936 3284 Nihil
976 3235 1168 3295 aderat,
1327 3235 1380 3284 6.
1411 3235 1543 3282 Onus
1578 3230 1705 3281 illud
1730 3230 2045 3294 imponerem.
2072 3234 2277 3282 Provin-

142 3313 273 3360 nihil
312 3314 601 3378 suppetebat
635 3315 878 3363 frumenti.
910 3315 1061 3377 Quod
1096 3315 1168 3362 eie

142 3393 384 3457 explicari
403 3395 552 3441 satine
569 3405 644 3442 est
661 3427 678 3456 ,
702 3410 848 3458 quam
884 3405 1062 3442 temere
1088 3407 1169 3442 co-

141 3471 313 3520 dicum
335 3473 522 3532 injussu
538 3473 682 3520 verba
703 3484 904 3521 mutare.

218 3561 269 3606 4.
293 3549 538 3600 Convicia.
563 3550 809 3600 clamore·
834 3566 1076 3598 annonam
1092 3547 1174 3597 fla-

145 3629 420 3692 gitantium.
457 3629 724 3679 Phaedrus:
755 3652 778 3674 α
799 3630 1040 3681 Convicio
1064 3645 1168 3694 per·

143 3721 312 3759 motu·
344 3711 577 3776 Juppiter
593 3733 645 3773 n,
681 3709 732 3759 b.
761 3728 803 3757 e.
841 3709 1052 3758 elamore
1086 3725 1167 3756 rn-

145 3803 333 3839 mmm}

220 3869 267 3916 5.
283 3869 460 3916 Amico
477 3866 792 3934 locupletior-1⁸.
804 3869 896 3918 Cn.
905 3868 1165 3931 Pompeio:

149 3958 193 3994 et
213 3947 390 3996 alludit
415 3949 478 3996 ad
503 3947 703 3996 verbum
725 3949 877 4008 juri„
899 3963 1010 3994 nain
1039 3947 1168 3996 dele·

145 4041 270 4090 gan
296 4028 529 4078 (licuntur
555 4027 829 4086 debitores,
849 4026 934 4089 qui
953 4041 1163 4090 ΡΜ·
1189 4043 1196 4052 ·

1255 3313 1381 3364 eiam
1408 3313 1539 3361 illam
1566 3311 1939 3360 frumentariam.

1330 3411 1381 3456 7.
1415 3393 1593 3458 Populi
1628 3390 1841 3441 mmam‘.
1868 3390 2133 3440 Ediderant
2160 3394 2281 3456 jam.

1257 3473 1451 3539 pridem
1488 3495 1513 3516 α
1533 3471 1722 3536 populo
1744 3485 1945 3518 romano
1964 3493 1991 3513 a·
2014 3471 2171 3535 Νοῦς.
2191 3473 2281 3521 Οι-

1257 3569 1430 3603 memr.
1472 3553 1664 3602 Manut-
1698 3553 1809 3602 Car.
1833 3550 2001 3615 Steph.
2041 3565 2195 3614 quos,
2230 3563 2279 3600 et
2304 3607 2321 3621 ⁸

1261 3631 1507 3679 Groevium
1532 3633 1728 3696 sequuti
1750 3631 1936 3695 optime
1960 3638 2076 3677 eunt
2101 3629 2277 3680 Olivet.

1255 3720 1304 3756 et
1322 3708 1518 3758 Lallem.
1540 3711 1613 3757 Ita
1633 3711 1776 3757 etiam
1802 3707 1979 3754 diserte
1995 3705 2110 3753 cod.
2128 3707 2275 3758 Bau-b.

1255 3801 1413 3850 neque
1456 3785 1597 3834 aliter
1648 3783 1950 3850 explicandae
1993 3791 2109 3832 eunt
2148 3798 2277 3835 notu

1254 3867 1443 3915 usitata
1468 3865 1521 3914 P.
1546 3863 1609 3913 R.
1630 3857 1740 3929 qum
1764 3865 1817 3912 in
1845 3863 2059 3925 antiquis
2076 3863 2277 3914 Venetis

1255 3945 1624 4010 conspiciuntur
1652 3959 1666 3990 τ
1710 3958 1831 4008 quae
1868 3943 2035 3990 nescio
2084 3960 2147 3992 ιη
2190 3945 2276 3993 hn-

1252 4027 1393 4076 beant
1423 4023 1583 4073 ceteri
1616 4021 1727 4072 libri
1763 4024 2040 4084 Grmiani,
2076 4039 2137 4071 an
2158 4041 2273 4072 vero
