2594 4537
275 207 420 298 472
925 208 1025 275 M.
1078 208 1157 276 T.
1207 206 1769 283 CICERONIS

275 344 540 402 stratus
569 385 592 418 ‚
647 328 1030 401 liberatum
1053 381 1074 417 ,
1127 329 1206 404 in
1269 328 1565 402 alteram
1624 354 1913 404 scenam
1958 331 2369 405 immissum
2394 389 2419 420 ‚
2453 365 2462 370 ·

275 441 478 512 alteri
513 442 976 539 praepositum
1003 495 1023 529 ‚
1069 453 1152 512 ut
1181 440 1363 512 alter
1398 465 1775 514 consessus
1807 447 2143 541 potestati
2170 469 2419 516 servo-

275 575 440 622 rum
483 549 940 645 objiceretur,
981 550 1160 622 alter
1209 575 1581 624 servorum
1635 567 1830 626 totus
1870 555 2098 626 esset?
2134 557 2207 626 Si
2240 580 2413 627 exa-

275 682 446 731 men
489 684 706 759 apum
753 659 944 732 ludis
988 662 1067 732 in
1103 685 1389 734 scenam
1429 661 1745 736 venisset
1766 718 1787 751 ‚
1824 663 2247 762 haruspices
2290 689 2413 736 ac-

275 770 568 842 ciendos
627 795 718 842 ex
783 773 1069 844 Etruria
1125 787 1547 870 putaremus
1604 802 1623 844 ;
1692 772 2021 850 videmus
2087 776 2413 847 universi

267 883 570 977 repente
599 883 928 959 examina
954 895 1154 953 tanta
1188 907 1561 954 servorum
1588 887 1905 960 immissa
1938 886 2013 956 in
2046 883 2411 982 populum

269 1013 655 1064 romanum
687 1004 976 1090 septum
1019 1005 1237 1088 atque
1271 993 1670 1081 inclusum,
1710 1010 1784 1066 et
1810 1019 1963 1078 non
1994 1018 2417 1073 commove-

269 1101 473 1198 mur?
503 1108 744 1198 Atque
787 1102 864 1172 in
899 1124 1120 1198 apum
1159 1099 1463 1176 fortasse
1500 1105 1863 1191 examine,
1902 1128 2038 1176 nos
2072 1127 2165 1174 ex
2189 1108 2413 1174 Etru-

269 1234 560 1283 scorum
599 1213 883 1310 scriptis
921 1211 1373 1311 haruspiceS,
1402 1230 1487 1286 ut
1526 1239 1567 1286 a
1620 1214 1911 1286 servitio
1944 1237 2413 1297 caveremus»,

269 1336 675 1393 monerent.
706 1320 925 1412 Quod
953 1323 1172 1420 igitur
1197 1347 1286 1394 ex
1324 1323 1569 1422 aliquo
1596 1322 1955 1420 disjuncto
1977 1321 2413 1420 diversoque

269 1445 595 1504 monstro
624 1429 1105 1528 significatum
1134 1457 1580 1524 caveremuS‚
1607 1433 1681 1506 id
1708 1457 1939 1532 quum
1966 1435 2240 1532 ipsum‘*
2268 1432 2409 1504 sibi

272 1555 684 1614 monstrum
723 1556 872 1629 est,
907 1556 980 1612 et
1016 1566 1246 1640 quum
1285 1545 1365 1614 in
1400 1570 1489 1616 eo
1517 1547 1675 1644 ipso
1707 1544 2109 1642 periculum
2139 1557 2281 1629 est,
2316 1568 2408 1615 ex

269 1675 421 1748 quo
456 1652 862 1750 periculum
896 1653 1383 1750 portenditur,
1414 1680 1563 1726 non
1594 1653 2239 1753 pertimescemus?

195 1763 203 1770 “
365 1760 784 1840 Istiusmodi
829 1761 1208 1859 Megalesia
1248 1761 1462 1835 fecit⁵
1492 1779 1695 1863 pater
1748 1765 1968 1836 tuus?
2005 1761 2411 1834 istiusmodi

263 1871 616 1969 patruus?
659 1875 728 1944 Is
769 1871 950 1942 mihi
1001 1874 1217 1945 etiam
1257 1876 1541 1970 generis
1576 1875 1691 1945 sui
1724 1875 2173 1945 mentionem
2209 1871 2411 1958 facit,

265 2005 499 2078 quum
531 1981 995 2071 Athenioni5‚
1035 1997 1164 2054 aut
1198 1983 1518 2080 Spartaci
1556 1981 1893 2080 exemplo
1926 1981 2137 2053 ludos
2168 1979 2407 2054 facere

266 2089 642 2180 maluerit,
696 2116 917 2189 quam
973 2092 1168 2180 Caii,
1207 2105 1337 2162 aut
1395 2094 1611 2191 Appii
1642 2148 1663 2182 ,
1732 2091 2244 2164 Claudiorum?
2294 2091 2409 2162 Illi

269 2223 502 2300 quum
530 2200 742 2275 ludos
762 2199 1083 2275 facerent
1103 2254 1123 2290 ,
1163 2224 1407 2274 servos
1438 2199 1529 2273 de
1556 2225 1771 2274 cavea
1794 2202 1987 2286 exire
2005 2198 2404 2297 Jubebant:

270 2324 352 2382 tu
390 2316 468 2387 in
505 2312 802 2391 alteram
841 2336 1084 2383 servos
1120 2313 1519 2401 immisisti,
1562 2337 1651 2383 ex
1687 2312 1911 2383 altera
1949 2310 2219 2385 liberos
2260 2313 2405 2406 eje-

270 2423 451 2514 cisti.
495 2426 752 2519 Itaque
792 2425 920 2518 qui
963 2436 1174 2493 antea
1207 2446 1386 2494 voce
1420 2421 1771 2520 praeconis
1803 2447 1846 2493 a
1879 2420 2125 2493 liberis
2166 2446 2403 2495 semo-

268 2532 660 2618 vehantur,
696 2534 838 2602 tuis
869 2531 1059 2605 ludis
1095 2557 1246 2604 non
1279 2557 1459 2605 voce
1480 2588 1501 2622 ,
1544 2532 1677 2605 sed
1704 2557 1929 2605 manu
1962 2532 2235 2605 liberos
2258 2558 2304 2606 a
2328 2558 2405 2606 se

271 2640 762 2741 segregabant.

365 2758 557 2825 XIII.
594 2755 704 2825 Ne
744 2751 887 2824 hoc
926 2753 1222 2851 quidem
1259 2752 1395 2825 tibi
1430 2754 1507 2825 in
1546 2767 1867 2825 mentem
1902 2750 2275 2838 veniebat,
2304 2755 2405 2824 Si-

269 2864 549 2963 byllino
569 2861 923 2936 sacerdoti
941 2876 994 2955 ¹,
1011 2862 1164 2935 haec
1189 2888 1389 2936 sacra
1406 2866 1715 2960 majores
1728 2878 2019 2935 nostros
2044 2888 2135 2934 ex
2152 2866 2409 2935 vestris

271 3081 390 3130 Non
416 3079 574 3144 placet
590 3114 609 3141 ,
631 3076 747 3143 qnia
780 3075 835 3128 in
872 3075 1182 3143 haruspicum
1219 3092 1293 3125 re·-
1381 3075 1495 3135 lies,
1518 3076 1561 3125 si
1586 3091 1716 3137 eum,
1732 3084 1930 3123 mortno
1949 3084 2109 3138 petre,
2126 3073 2407 3123 aedilitatem

272 3176 456 3225 sponso
497 3157 635 3207 ludos
669 3156 952 3222 simpliciter
979 3166 1066 3206 eet.
1104 3156 1293 3205 Ernest.
1384 3156 1615 3221 adeptum
1662 3164 1805 3219 putee
1821 3188 1837 3213 ,
1880 3152 2015 3217 quod
2055 3153 2161 3217 ipse
2212 3154 2411 3203 videtur

347 3247 397 3295 4.
419 3236 546 3295 Alii,
572 3258 593 3280 ι
609 3236 705 3284 sibi
731 3236 892 3301 ipsum
919 3250 987 3284 m.
1004 3257 1030 3277 a·
1382 3234 1587 3283 innuere
1622 3234 1822 3292 Cicero,
1862 3248 2011 3296 quum
2046 3231 2233 3281 indicat
2258 3234 2411 3297 patris

343 3312 393 3366 5.
421 3315 694 3382 Megalesia
697 3312 845 3381 fecit.
865 3314 997 3362 Olim
1023 3312 1296 3365 dubitatum
1382 3315 1655 3379 potentiam
1697 3310 1761 3360 ael
1800 3312 2039 3377 repulsam
2082 3312 2405 3377 effugiendam

271 3407 344 3445 est
361 3412 423 3444 nn
443 3409 672 3458 umquam
693 3394 886 3459 Appius
909 3392 1141 3443 Claudius
1160 3392 1297 3441 istius
1384 3392 1490 3442 filio
1514 3409 1615 3441 non
1647 3391 1904 3461 profuisse.
1927 3394 2134 3440 Patruus
2156 3401 2317 3440 nutem
2346 3394 2409 3442 C.

273 3475 437 3525 Publii
453 3484 591 3538 pater
611 3472 759 3523 fucrit
776 3472 950 3531 sedilis,
968 3489 1113 3537 quem
1137 3481 1296 3539 tamen
1386 3470 1621 3521 Claudius
1639 3470 1790 3537 Appii
1819 3466 1948 3517 filins
1974 3468 2130 3519 aedilis
2158 3470 2252 3517 fuit
2278 3486 2407 3519 anno

277 3563 474 3619 oportet
499 3552 648 3601 fuisse
681 3551 723 3599 si
748 3546 1008 3615 Megalesia
1034 3550 1164 3607 fecit.
1194 3553 1299 3601 Cic.
1386 3550 1509 3603 Urb.
1548 3550 1653 3609 655
1666 3584 1681 3609 ,
1728 3548 1843 3600 dein
1882 3560 2063 3614 prator
2094 3564 2227 3597 anno
2272 3548 2373 3613 659
2390 3583 2406 3607 ,

275 3632 501 3699 quidem,
545 3646 636 3695 pro
675 3628 843 3681 Plane.
879 3644 986 3694 cap.
1018 3644 1082 3677 υ
1097 3660 1116 3689 ,
1153 3631 1301 3679 refert
1386 3640 1437 3677 et
1462 3628 1636 3679 consul
1657 3643 1786 3681 anno
1806 3628 1929 3677 662.
1948 3629 2111 3691 Atque
2131 3628 2275 3689 huius
2292 3628 2407 3677 edi-

275 3712 416 3763 inum
441 3708 794 3757 nobaia-imum
815 3708 1005 3767 virum,
1026 3708 1143 3756 vivo
1161 3720 1301 3774 patre
1386 3706 1574 3757 litatem
1610 3707 1662 3755 in
1700 3704 1870 3777 primis
1900 3703 2202 3769 magnificam
2237 3706 2407 3769 fuine,

275 3804 365 3835 sno
386 3820 402 3845 ,
432 3786 773 3852 potentissimo
805 3796 854 3834 et
880 3785 1144 3835 clarissimo
1167 3788 1301 3847 cive,
1390 3798 1563 3835 notum
1592 3794 1665 3833 est
1690 3800 1749 3832 ex
1778 3782 1907 3832 libro
1934 3784 1996 3834 de
2021 3780 2169 3832 offic.
2196 3785 2275 3847 11,
2313 3786 2402 3844 163

277 3864 466 3915 edilem
486 3881 586 3912 non
614 3880 714 3911 esse
733 3865 934 3915 factum.
952 3865 1112 3926 Quem
1132 3864 1302 3913 locum
1390 3868 1531 3913 Verr-
1556 3864 1645 3923 IV,
1673 3862 1701 3908 3
1720 3879 1735 3921 ;
1752 3862 1915 3917 Valer.
1936 3864 2071 3912 Max.
2089 3864 2140 3910 11
2156 3898 2175 3923 ,
2218 3873 2247 3921 4
2263 3898 2278 3921 ,
2315 3864 2367 3913 6.

275 3942 390 3991 satis
415 3941 734 4003 probabiliter
777 3958 888 3991 cum
928 3953 1098 3991 nostro
1133 3944 1300 3993 conci·
1462 3946 1605 3994 xm.
1642 3959 1681 3991 1.
1711 3941 1945 3999 Sibyllino
1964 3940 2225 3990 sacerdoti.
2250 3942 2407 3991 verba
