2594 4537
358 307 490 358 ιιο
976 281 1077 351 Μ.
1123 283 1199 350 Τ.
1252 283 1846 354 CICERONIS

440 407 545 480 Sit
588 406 833 504 igitur,
885 403 1207 500 judices»,
1262 417 1589 476 sanctum
1641 403 1837 503 apud
1890 429 2058 494 vos,
2106 403 2480 480 humanis·-

346 521 564 592 simos
600 515 976 601 homines,
1017 513 1158 585 hoc
1202 529 1434 613 poetae
1479 539 1750 587 nomen
1774 568 1794 601 ‚
1837 513 2040 613 quod
2081 517 2280 588 nulla
2311 541 2482 589 um·

344 650 564 728 quam
606 624 935 698 barbaria
975 625 1286 696 violavit.
1333 630 1512 698 Saxa
1566 637 1639 697 et
1681 624 2112 697 solitudines
2155 629 2314 698 voci
2363 649 2482 698 re-

346 737 713 840 spondent
735 732 827 823 ¹³3
865 734 1109 807 bestiae
1146 759 1334 834 saepe
1371 739 1723 807 immanes
1759 750 1974 807 cantu
2003 735 2482 808 flectuntur-¹⁴

347 863 565 946 atque
623 848 1027 917 consistunt
1068 871 1085 914 ε
1141 871 1275 918 nos
1331 846 1640 918 instituti
1695 845 1919 918 rebus
1973 848 2268 946 optimis
2325 873 2483 918 non

347 973 725 1059 poetarum
768 976 947 1029 voce
984 957 1453 1030 moveamur?

336 1109 343 1118 ·
442 1073 563 1140 IX.
636 1072 1033 1139 Homerum
1066 1075 1089 1111 ¹
1166 1065 1608 1165 Colophonii
1695 1068 1922 1137 civem
1997 1089 2154 1138 esse
2227 1067 2484 1139 dicunt

348 1197 606 1265 suum3
668 1177 831 1249 Chii
894 1189 1108 1248 suum
1168 1175 1590 1264 vindicant3
1655 1177 2022 1247 Salaminii
2091 1192 2484 1277 repetunt;

348 1288 693 1385 Smyrnaei
738 1311 911 1360 vero
968 1311 1181 1358 suum
1236 1309 1390 1359 esse
1443 1285 1928 1359 confirmant:
1973 1291 2220 1385 itaque
2263 1291 2482 1360 etiam

347 1397 735 1473 delubrum
774 1399 931 1494 ejus
956 1399 1033 1468 in
1062 1397 1338 1496 oppido
1373 1397 1907 1470 dedicaverunt.
1947 1397 2294 1469 Permulti
2325 1399 2488 1470 alii·

346 1525 689 1609 praeterea
732 1523 1059 1606 pugnant
1105 1509 1297 1580 inter
1336 1531 1455 1595 se,
1497 1522 1718 1604 atque
1761 1507 2236 1578 contendunt.
2291 1511 2490 1606 Ergo

344 1619 450 1692 illi
487 1621 843 1704 alienum,
882 1621 1051 1716 quia
1086 1629 1303 1717 poeta
1337 1615 1512 1707 fuit,
1553 1632 1720 1716 post
1753 1629 2066 1690 mortem
2105 1621 2324 1689 etiam
2369 1643 2492 1690 ex·

346 1742 659 1829 petunt:
708 1753 842 1800 nos
883 1728 1081 1800 hunc
1130 1729 1417 1819 vivum,
1467 1731 1598 1827 qui
1633 1745 1708 1801 et
1741 1723 2159 1800 voluntate³
2203 1745 2280 1800 et
2315 1728 2489 1828 legi·-

344 1839 489 1912 bus
522 1855 771 1912 noster
797 1854 941 1927 est,
969 1839 1562 1937 repudiabimus?
1591 1842 1988 1910 Praesertim
2007 1862 2236 1936 quum
2261 1863 2492 1911 omne

349 1952 523 2024 olim
552 1953 585 2002 '⁴
639 1951 957 2023 studium
994 2004 1013 2037 ‚
1078 1963 1299 2048 atque
1365 1973 1583 2020 omne
1655 1951 2026 2046 ingenium
2089 1950 2492 2022 contulerit

344 2061 639 2134 Archias
688 2059 781 2132 ad
830 2059 1087 2159 populi
1138 2061 1420 2130 romani
1463 2056 1762 2160 gloriam
1807 2058 2242 2156 laudemque
2295 2063 2491 2134 cele-

344 2171 743 2244 brandam?
774 2175 959 2244 Nam
1001 2185 1075 2240 et
1116 2170 1511 2242 Cimbricas
1547 2193 1664 2243 res
1687 2165 1718 2212 ⁵
1751 2168 2168 2244 adolescens
2208 2173 2490 2272 attigit,

348 2296 421 2356 et
451 2285 587 2383 ipsi
628 2283 731 2354 illi
772 2286 856 2353 C.
900 2284 1166 2369 Mario,
1206 2286 1335 2379 qui
1376 2281 1626 2354 durior
1662 2280 1754 2353 ad
1787 2280 1936 2353 haec
1969 2280 2248 2353 studia⁶
2285 2285 2495 2356 vide-

343 2393 585 2478 batur,
623 2391 993 2487 jucundus
1035 2389 1189 2462 fuit.
1233 2396 1492 2490 Neque
1537 2396 1728 2463 enim
1773 2394 2156 2491 quisquam
2189 2406 2302 2465 est
2340 2405 2493 2467 tam

346 2525 636 2573 aversus
677 2524 719 2571 a
752 2502 1015 2583 MusiS,
1058 2501 1186 2597 qui
1220 2526 1376 2572 non
1416 2501 1745 2573 mandari
1773 2500 2097 2575 versibus
2131 2516 2494 2577 aeternum

347 2634 650 2685 suorum
684 2607 1019 2681 laborum
1059 2608 1265 2682 facile
1315 2614 1759 2711 praeconium
1810 2614 2144 2711 patiatur.
2188 2612 2494 2687 Themi-

424 2760 509 2807 13.
570 2754 695 2805 Vvet·
746 2756 1051 2822 respondent.
1114 2758 1368 2807 Poetieum
1455 2759 1646 2829 Σμύρνα
1661 2798 1676 2823 ,
1716 2749 1866 2818 two<
1883 2797 1898 2821 ,
1942 2758 2170 2829 Κολόφων
2187 2798 2203 2823 ,
2244 2759 2497 2834 Effingunt,

347 2836 597 2905 quoddam
620 2847 670 2884 et
690 2834 867 2884 elatum
890 2848 1030 2885 sonat
1048 2836 1155 2886 hoee
1177 2838 1370 2901 oratio;
1454 2836 1564 2896 Χίος
1579 2877 1593 2901 ,
1619 2827 1796 2910 Ᾰργος,
1825 2828 2017 2894 Mim-

346 2934 439 2967 nee
473 2914 701 2964 vitiosum
718 2950 733 2974 ,
774 2930 924 2978 quum
961 2930 1056 2977 pro
1099 2926 1243 2981 poeta
1286 2916 1369 2964 ille
1531 2938 1579 2971 u.
1643 2921 1881 2970 PermuIei
1918 2922 2022 2971 alii.
2069 2922 2240 2988 Argivi
2277 2942 2466 2993 nempe
2483 2966 2500 2989 ‚

348 2998 479 3048 dicat
497 2996 582 3060 qui
602 2996 788 3060 poesim
805 3010 897 3041 nee
911 2992 1170 3044 infeliciter
1186 2997 1364 3061 attigit.
1455 3000 1776 3049 :Athenienses
1793 3036 1810 3062 ,
1835 3001 2040 3051 Rhodii.

348 3078 425 3130 ef.
446 3074 655 3139 Quintil.
672 3072 824 3134 vm,
846 3074 1026 3136 331x,
1049 3084 1108 3136 4;
1126 3078 1225 3135 xl,
1251 3092 1296 3139 1,
1320 3078 1367 3125 3.

424 3165 506 3212 ιι.
545 3155 699 3204 Carnu
714 3154 1004 3223 fleetuntur.
1040 3155 1232 3204 Retulit
1264 3157 1370 3205 haec

348 3234 671 3303 probabiliter
687 3234 800 3281 satis
817 3233 880 3282 ad
897 3234 1084 3299 Orphei
1104 3246 1154 3284 et
1170 3236 1371 3285 Arionis

348 3314 587 3372 fabulam,
630 3313 751 3359 feras
786 3312 1101 3361 flectentimn.
1144 3316 1369 3365 Muretus

348 3412 461 3445 enm
474 3392 699 3441 victorio
715 3390 777 3439 nd
796 3404 1039 3457 serpentes
1054 3392 1223 3454 refert,
1242 3412 1369 3459 quos

348 3472 642 3525 carminibus
660 3470 789 3519 flecti
812 3489 868 3520 se
890 3472 1169 3535 consistere,
1188 3486 1238 3523 et
1264 3485 1370 3523 tor-

345 3570 461 3621 pere
493 3562 630 3600 vetus
673 3550 844 3614 opinio
885 3560 972 3599 est.
1006 3552 1285 3617 Utcumque
1317 3572 1368 3603 se

344 3650 421 3683 m
438 3630 607 3690 habet,
626 3641 762 3693 patet
780 3628 983 3678 omuino
1002 3646 1185 3679 sensus.

416 3715 507 3760 11.
540 3722 584 3758 ι.
612 3708 886 3758 Homerum.
922 3708 997 3757 De
1024 3709 1180 3758 divini
1206 3723 1367 3776 poetae

342 3788 497 3855 patria
522 3786 635 3835 vide
654 3788 718 3836 A.
750 3786 877 3835 Gen.
907 3786 1013 3845 111,
1042 3804 1091 3847 ει,
1113 3799 1161 3837 et
1179 3804 1233 3837 ea
1256 3809 1366 3855 quae

342 3868 489 3919 habet
516 3862 742 3916 Ganncus
766 3866 817 3913 in
836 3865 1039 3916 Dissert.
1068 3866 1128 3917 de
1150 3870 1233 3918 Sib
1272 3872 1366 3931 llis,

346 3962 455 4013 esp.
479 3960 564 3995 ιο.
582 3944 767 3993 Notum
786 3954 859 3993 est
874 3946 1169 4011 epigramma
1188 3964 1201 3999 ε
1224 3888 1366 4001 ἔπτὰ

344 4024 501 4084 πόλεις
535 4018 811 4091 διερίζουσα
836 4019 945 4091 περὶ
978 4022 1105 4093 ῥίζαν
1138 4016 1332 4098 ὁμήρου
1351 4068 1365 4092 ,

1527 3080 1577 3129 3.
1612 3080 1887 3131 Voluneace.
1924 3084 2126 3132 Amore.
2154 3110 2226 3121 —-
2257 3084 2498 3153 Legibus.

1457 3158 1639 3208 Silvani
1663 3168 1710 3208 et
1729 3160 1987 3209 Carbonis.

1531 3248 1580 3297 4.
1596 3238 1740 3289 olim.
1756 3240 1790 3287 J
1790 3238 2054 3288 amdudnm
2063 3240 2126 3290 ub
2139 3238 2502 3292 adolescentia.

1533 3320 1578 3368 5.
1618 3318 1881 3367 Cimbricas
1917 3336 2011 3368 res.
2049 3320 2238 3368 Bellum
2266 3338 2296 3370 a
2325 3324 2502 3373 Mario

1458 3414 1569 3445 cum
1595 3397 1805 3446 Cimbris
1830 3409 1880 3446 et
1899 3400 2135 3447 Teutonis
2161 3410 2372 3463 gestum.

1528 3476 1581 3526 6.
1605 3476 1790 3525 Durior
1804 3476 1878 3525 ud
1893 3476 2000 3525 Ita-0
2017 3478 2197 3529 studia.
2222 3482 2328 3543 Qui
2348 3486 2503 3546 parvi

1457 3572 1509 3604 es
1529 3556 1762 3617 faciehat,
1787 3558 1848 3605 ab
1875 3558 1952 3607 his
1971 3556 2266 3607 abhorrebat
2283 3595 2298 3620 ,
2325 3562 2408 3609 vel
2437 3564 2502 3611 iis

1454 3636 1615 3683 minus
1641 3634 1925 3685 flectebatur
1944 3648 1991 3686 et
2011 3638 2318 3687 movebatur.
2352 3640 2500 3690 Hinc

1453 3715 1586 3780 apud
1629 3715 1906 3765 Sallustium
1953 3714 2137 3765 Marius
2177 3732 2190 3767 τ
2240 3737 2264 3762 ι
2309 3720 2503 3786 Neque

1453 3795 1617 3844 literas
1646 3812 1824 3861 graecas
1848 3798 2034 3849 didici:
2059 3812 2231 3864 parum
2257 3800 2504 3865 placebat

1455 3892 1534 3923 eas
1565 3876 1747 3924 discere
1766 3911 1781 3936 ,
1819 3881 2002 3945 quippe
2028 3890 2138 3943 que
2165 3878 2232 3927 nd
2253 3881 2500 3929 virtutem

1457 3954 1740 4005 doctoribus
1784 3956 1906 4006 nihil
1945 3960 2236 4025 profuerunt
2252 3978 2278 4004 ι
2293 3997 2308 4011 .
2361 3960 2502 4010 Bell.

1454 4036 1569 4099 Jng.
1598 4050 1704 4101 cap.
1735 4036 1820 4085 81.
