2594 4537
301 248 454 347 572·
939 252 1036 319 Μ.
1091 254 1163 320 Τ.
1221 251 1803 322 clcssaoms

297 399 448 446 non
487 370 710 445 modo
745 372 1147 462 benefici0‚
1191 373 1318 445 sed
1360 376 1575 446 etiam
1616 372 2130 445 benivolentiae
2164 374 2453 471 signifi-

263 488 578 583 'catione
603 496 634 543 9
677 482 985 579 alligari3
1036 484 1218 555 nihil
1268 508 1491 583 porro
1534 499 1679 555 tam
1720 484 2249 572 inhumanum,
2297 500 2453 555 tam

295 597 651 682 immane,
702 608 846 665 tam
891 592 1126 667 ferum
1155 606 1242 683 ¹⁰,
1293 619 1511 693 quam
1552 600 2041 683 committere,
2086 610 2171 665 ut
2220 593 2452 667 bene—

293 704 461 776 ficio
499 728 648 775 non
679 702 912 774 dicam
948 704 1291 801 indignus
1314 760 1333 795 ,
1356 704 1481 777 sed
1508 708 1737 778 victus
1755 730 1911 777 esse
1934 704 2245 776 videare.
2264 708 2451 795 Quae

293 824 524 913 quum
571 816 668 884 ita
703 816 884 902 sint,
923 815 1072 910 jam
1103 815 1573 888 'succumbam
1597 869 1615 903 ,
1654 818 2095 903 LaterensiS,
2138 816 2259 885 isti
2300 830 2449 885 tuae

291 926 602 995 orationi
630 933 736 1013 ¹¹3
786 925 862 995 in
907 948 997 996 eo
1033 928 1235 1023 ipso,
1274 927 1353 997 in
1396 951 1548 1024 quo
1602 926 1786 996 nihil
1839 939 2078 1023 potest
2132 948 2287 996 esse
2330 928 2447 994 ni·-

291 1033 563 1119 mium,
599 1035 955 1130 'quoniam
995 1037 1094 1105 ita
1133 1050 1210 1106 tu
1257 1036 1399 1125 vis,
1450 1037 1755 1105 nimium
1796 1060 1913 1106 me
1950 1049 2237 1131 gratum
2284 1058 2449 1107 esse

293 1142 726 1231 concedam,
766 1158 1155 1241 petamque
1193 1169 1232 1214 a
1270 1142 1515 1234 vobis,
1548 1143 1866 1239 judices,
1896 1157 1981 1214 ut
2008 1168 2179 1214 eum
2212 1142 2447 1215 bene-

295 1249 462 1323 ficio
514 1252 1138 1349 complectamini,
1203 1276 1425 1350 quem
1486 1254 1614 1352 qui
1666 1252 2177 1351 reprehendit,
2224 1256 2299 1323 in
2356 1278 2445 1325 eo

293 1361 797 1460 reprehendit,
817 1362 1016 1461 quod
1041 1378 1328 1460 gratum
1353 1379 1614 1462 praeter
1636 1363 1937 1435 modum
1962 1375 2023 1407 ¹²
2050 1363 2244 1435 dicat
2262 1388 2443 1435 esse.

295 1476 550 1571 Neque
611 1476 804 1545 enim
865 1472 956 1543 ad
1016 1474 1523 1572 negligendam
1576 1498 1809 1545 meam
1870 1476 2168 1573 gratiam
2222 1474 2443 1545 debet

292 1582 532 1655 valere
555 1638 575 1672 ‚
614 1581 819 1680 quod
853 1581 1036 1654 dixit
1073 1582 1305 1673 idem,
1340 1610 1470 1655 vos
1512 1610 1648 1657 nec
1687 1600 2073 1672 nocenteS‚
2122 1609 2262 1657 nec
2299 1583 2439 1657 liti-

297 1696 539 1788 giosos
571 1718 726 1765 esse
749 1748 768 1779 ,
804 1718 954 1789 qno
984 1696 1222 1765 minus
1254 1718 1373 1765 me
1402 1693 1596 1793 apud
1620 1719 1749 1765 vos
1776 1694 2011 1765 valere
2044 1710 2441 1793 oporteret.

299 1804 518 1892 Quasi
549 1828 722 1875 vero
763 1803 833 1872 in
871 1803 1180 1873 amicitia
1213 1828 1376 1875 mea
1412 1829 1563 1874 non
1599 1804 1750 1875 haec
1788 1802 2113 1901 praesidia
2148 1805 2267 1901 (si
2298 1828 2443 1900 qua

296 1910 483 1983 forte
527 1927 699 1982 sunt
731 1914 806 1982 in
842 1912 1007 2004 me)
1045 1928 1288 2011 parata
1342 1939 1629 2013 semper
1676 1915 1923 1985 amicis
1972 1938 2127 1985 esse
2172 1914 2441 1985 malue-

297 2023 477 2111 rim,
528 2047 748 2120 quam
813 2028 1229 2094 necessaria.
1294 2028 1579 2096 Etenim
1643 2049 1786 2123 ego
1845 2025 1935 2096 de
1985 2050 2103 2097 me
2154 2040 2437 2095 tantum

297 2132 530 2204 audeo
583 2130 820 2203 dicere
851 2186 870 2221 ,
927 2135 1311 2205 amicitiam
1370 2160 1601 2206 meam
1660 2135 2017 2233 voluptati
2066 2135 2437 2233 pluribuS,

297 2268 518 2342 quam
562 2242 894 2342 praesidio
940 2242 1201 2330 fuisse3
1253 2270 1518 2342 meque
1564 2244 2031 2317 vehementer
2069 2246 2229 2315 vita·
2268 2268 2439 2316 meae

297 2356 680 2452 poeniteret
701 2407 720 2436 ‚
757 2358 816 2424 si
852 2357 930 2423 in
965 2379 1124 2426 mea
1156 2353 1628 2428 familiaritate
1659 2355 1865 2440 locus
1904 2369 2095 2426 esset
2128 2357 2437 2439 nemini,

299 2466 436 2536 nisi
474 2464 786 2560 litigioso
809 2517 828 2548 ,
864 2479 988 2535 aut
1023 2465 1337 2538 nocenti.

393 2577 714 2644 XXXIV.
780 2574 918 2645 Sed
974 2574 1114 2646 hoc
1169 2577 1415 2648 nescio
1466 2575 1839 2674 quomodo
1895 2573 2323 2672 frequenter
2360 2576 2433 2644 in

297 2705 414 2752 me
467 2683 931 2778 congessisti,
983 2708 1305 2782 saneque
1362 2687 1439 2757 in
1487 2709 1575 2756 eo
1632 2685 1885 2756 creber
1932 2683 2170 2774 fuisti,
2218 2699 2288 2755 te
2326 2683 2432 2754 id·

295 2793 487 2862 circo
538 2794 614 2862 in
666 2791 921 2864 ludos⁴1
977 2818 1267 2866 causam
1324 2797 1683 2890 conjicere
1730 2796 2087 2884 noluisse,
2126 2820 2223 2866 ne
2262 2819 2433 2890 ego,

296 2925 454 2974 mea
507 2901 1072 2992 consuetudine,
1109 2903 1378 3002 aliquid
1434 2905 1525 2978 de
1570 2906 1884 2994 thensis,
1928 2903 2432 2976 misericordiae

292 3037 537 3102 cansa,
570 3011 924 3100 dicerem;
963 3015 1158 3110 quod
1189 3017 1263 3086 in
1295 3015 1449 3085 aliis
1476 3015 1802 3087 aedilibus
1822 3027 1850 3057 ²
1890 3031 2058 3087 aute
2082 3015 2425 3087 fecissem.

296 3114 648 3227 Non'ni'hil
695 3123 898 3220 egisti
950 3123 1090 3194 hoc
1144 3125 1330 3196 loco.
1389 3129 1571 3196 Nam
1622 3124 1801 3195 mihi
1852 3127 2181 3223 eripuisti
2224 3148 2429 3195 orna-

295 3231 626 3304 mentum
693 3236 1038 3305 orationis
1111 3260 1305 3305 meae.
1374 3233 1802 3323 Deridebor,
1868 3235 1927 3305 si
1990 3236 2429 3305 mentionem

299 3343 716 3414 thensarum
741 3342 980 3415 fecero
1001 3398 1020 3432 ‚
1057 3369 1284 3441 quum
1308 3360 1393 3416 tu
1416 3344 1487 3414 id
1514 3345 1945 3444 praedixeris.
1974 3345 2140 3415 Sine
2161 3344 2429 3414 thensis

365 3535 414 3586 9.
433 3518 778 3570 Benivolentia·
793 3519 1167 3587 signficasione.
1195 3521 1319 3569 Brit.
1410 3520 1545 3570 dicae
1584 3536 1703 3571 esse.
1752 3520 1994 3568 Jnntim:
2040 3541 2069 3562 α
2088 3519 2228 3583 quod
2262 3531 2427 3583 praeter

295 3617 455 3664 nnus,
484 3621 506 3643 ι
529 3598 664 3647 omni
689 3594 1044 3661 significatione
1065 3623 1109 3646 a.
1364 3585 1370 3604 ’
1408 3599 1613 3648 modum
1634 3609 1825 3663 gratum
1852 3615 1953 3646 esse
1980 3597 2113 3646 dicat
2131 3619 2182 3646 ιι.

372 3696 452 3730 ιο.
491 3681 610 3728 Tam
629 3675 809 3739 strum.
847 3679 985 3726 Unus
1028 3681 1150 3728 Brit.
1177 3701 1201 3722 ιι
1218 3691 1317 3728 tam
1477 3679 1717 3726 XXXIV.
1742 3694 1787 3726 1.
1809 3681 1869 3724 1η
1890 3676 2046 3724 ludos.
2066 3679 2153 3726 Sc.
2172 3679 2423 3733 circeum,

294 3761 498 3808 semum
513 3779 554 3806 υ.
1406 3760 1458 3806 in
1488 3758 1669 3822 quibus
1695 3756 1899 3804 deorum
1926 3756 2160 3820 imagines
2193 3754 2423 3803 duceban-

364 3854 386 3884 1
401 3855 445 3886 1.
472 3835 562 3884 Isti
587 3848 687 3884 tuce
720 3836 946 3888 orationi.
987 3837 1088 3886 Alii
1133 3837 1315 3885 habent
1410 3848 1509 3887 tur.
1532 3839 1592 3885 In
1612 3837 1743 3885 locos
1758 3869 1775 3891 ,
1796 3834 1939 3884 male.

291 3939 314 3959 ι
333 3917 416 3964 isti
440 3926 529 3963 tuo
557 3915 748 3964 crimini
769 3937 809 3965 ι».
1480 3933 1528 3965 2.
1576 3915 1725 3980 Quod
1759 3913 1809 3962 ἰη
1852 3912 1965 3962 aliis
2008 3911 2250 3962 edilibus.
2294 3913 2418 3974 Quos

367 4010 447 4042 η.
479 3995 628 4056 Quod
655 4003 854 4061 gratum
893 4006 1076 4060 prater
1119 3993 1312 4042 modum
1405 4012 1534 4044 anno
1558 3995 1835 4060 superiore,
1858 3994 1970 4040 item
2000 3991 2060 4040 de
2078 3991 2265 4039 ambitu
2290 4005 2417 4038 accu—
