2594 4537
543 309 947 381 ORATIO
995 312 1202 382 PRO
1253 313 1327 379 P.
1384 311 1751 380 SULLA.
2131 303 2212 380 15

95 473 192 520 me
219 445 578 520 ambitio⁵
615 463 690 519 et
723 446 1028 519 forensis
1073 444 1329 519 labor⁶
1376 445 1469 517 ab
1502 447 1706 517 omni
1741 445 1905 516 iliav
1944 450 2213 544 cogita-

94 561 265 630 tione
300 557 794 631 abstrahebat.
851 559 1032 650 Quis
1083 582 1256 657 ergo
1302 559 1647 627 intererat
1681 557 1937 627 vestris
1974 559 2215 628 consi-

95 669 226 740 liis?
263 676 545 742 Omnes
581 669 698 758 hi,
737 693 926 766 quos
963 669 1164 742 vides
1199 668 1371 739 huic
1411 665 1657 739 adesse
1678 720 1697 753 ‚
1736 680 1813 738 et
1852 667 1927 737 in
1964 668 2217 765 primis

95 783 170 870 Q.
204 771 634 852 Hortensius
666 807 682 849 :
723 781 851 877 qui
891 803 1118 876 quum
1157 791 1461 877 propter
1490 776 1847 849 honorem
1880 799 1963 850 ac
1988 776 2221 876 digni-

95 905 288 963 tatem
311 947 332 980 ,
371 905 600 988 atque
631 895 952 963 animum
979 891 1325 962 eximium
1362 889 1437 959 in
1464 887 1982 986 rempublicam
2002 944 2023 978 ‚
2061 903 2218 959 turn

94 1015 374 1100 propter
420 1025 782 1073 summam
830 1000 1377 1074 familiaritatem
1398 1054 1417 1087 ‚
1460 1016 1979 1098 summumque
2020 1024 2223 1071 amo-

95 1136 226 1182 rem
263 1115 339 1184 in
383 1128 670 1210 patrem
709 1126 916 1184 tuum
939 1168 958 1201 ‚
996 1127 1154 1185 tum
1192 1107 1744 1198 communibuS‚
1779 1126 1935 1181 tum
1977 1115 2224 1208 praeci-

96 1225 237 1317 puis
275 1227 508 1322 pau-is
558 1226 669 1294 tui
719 1223 1058 1320 periculis
1107 1219 1721 1294 commovebatur.
1782 1223 1977 1318 Ergo
2019 1222 2225 1291 istius

95 1333 600 1427 conjurationis
632 1335 910 1406 crimen
942 1331 1327 1405 «defensum
1348 1325 1379 1378 ⁸
1418 1331 1509 1404 ab
1546 1355 1635 1404 eo
1668 1345 1776 1403 est
1797 1385 1817 1418 ‚
1850 1334 1975 1429 qui
2009 1333 2225 1402 inter-

97 1439 248 1528 fuit,
272 1445 404 1540 qui
437 1447 818 1541 cognovit,
853 1447 982 1542 qui
1014 1446 1375 1542 particeps
1402 1456 1476 1514 et
1504 1443 1785 1514 consilii
1810 1444 2028 1514 vestri
2050 1439 2225 1528 fuit,

96 1566 158 1621 et
187 1553 488 1627 timoris.
531 1554 757 1648 Cujus
797 1557 874 1626 in
913 1554 1057 1625 hoc
1101 1555 1401 1626 crimine
1451 1552 1953 1653 propulsando
1992 1573 2225 1651 quum

95 1677 260 1734 esset
312 1665 811 1761 copiosissima
873 1679 1092 1762 atque
1153 1666 1605 1736 ornatissima
1654 1665 1888 1735 oratio
1908 1717 1927 1751 ,
1980 1679 2225 1734 tamen

97 1795 229 1843 non
269 1777 518 1846 minus
550 1779 786 1847 inerat
826 1778 1270 1846 auctoritatis
1306 1778 1383 1846 in
1418 1797 1501 1847 ea
1524 1828 1544 1861 ‚
1584 1794 1809 1874 quam
1844 1772 2221 1847 facultatis.

97 1881 270 1956 Illius
308 1885 531 1982 igitur
570 1885 1138 1981 conjurationiS‚
1184 1906 1349 1980 quae
1392 1881 1579 1955 facta
1614 1899 1867 1954 contra
1900 1907 2067 1972 VOS,
2112 1883 2231 1954 de-

96 1993 220 2065 lata
269 1997 362 2068 ad
405 2018 539 2068 vos
559 2050 579 2083 ‚
631 2019 672 2067 a
713 1994 922 2067 vobis
961 1994 1248 2093 prolata
1295 2015 1449 2065 esse
1496 1992 1788 2079 dicitur,
1840 2019 1975 2090 ego
2028 1994 2227 2065 testis

95 2127 236 2178 esse
267 2127 440 2178 non‘
461 2108 696 2204 potui.
741 2109 914 2179 Non
965 2103 1184 2178 modo
1221 2105 1423 2178 enim
1476 2103 1658 2175 nihil
1700 2103 2057 2202 comperi,
2098 2103 2228 2174 sed

95 2215 198 2285 vix
247 2215 340 2288 ad
389 2237 602 2290 aures
723 2239 843 2289 eas
897 2218 1102 2290 istius
1151 2214 1585 2315 suspicionis
1639 2212 1827 2286 fama
1874 2214 2225 2313 pervenit.

99 2326 227 2415 Qui
259 2326 642 2399 vobiscum
709 2352 756 2399 n
796 2324 1101 2399 consilio
1151 2326 1453 2399 fuerunt
1474 2381 1495 2415 ,
1540 2326 1671 2423 qui
1700 2322 2081 2395 vobiscum
2109 2323 2232 2396 illa

97 2454 529 2533 cognorunt,
565 2438 839 2535 quibus
879 2440 1056 2537 ipsis
1099 2436 1506 2536 periculum
1552 2450 1713 2507 tum
1755 2432 2057 2507 conflari
2091 2458 2233 2533 pu-

97 2544 408 2635 tabatur,
455 2549 590 2646 qui
640 2549 1002 2620 Autronio
1047 2569 1200 2618 non
1255 2544 1649 2618 adfuerunt
1670 2600 1691 2635 ,
1734 2548 1863 2644 qui
1902 2547 1978 2616 in
2020 2544 2230 2615 ilium

97 2659 489 2728 testimonia
539 2660 778 2755 gravia
836 2658 1178 2730 dixerunt
1199 2714 1218 2747 ‚
1271 2657 1473 2729 hunc
1528 2654 1937 2729 defendunt
1952 2664 2011 2745 9,
2056 2654 2230 2727 huic

97 2764 382 2857 adsunt,
419 2771 497 2838 in
525 2768 746 2865 hujus
768 2770 1096 2869 periculo
1125 2769 1495 2842 declarant
1512 2824 1532 2857 ‚
1562 2789 1637 2840 se
1665 2792 1820 2840 non
1849 2768 2231 2839 crimine¹⁰

99 2876 638 2971 conjurationis,
673 2900 766 2950 ne
803 2878 1140 2952 adessent
1174 2880 1433 2951 ceteris
1450 2932 1471 2967 ‚
1504 2878 1631 2956 sed
1662 2879 2046 2951 hominum
2076 2900 2233 2948 ma-

101 2984 318 3058 leficio
339 3042 362 3075 ‚
403 2988 792 3061 deterritos
846 3012 1026 3063 esse.
1085 2992 1230 3063 Mei
1285 2989 1708 3061 consulatus
1747 3002 1989 3061 autem
2044 3002 2230 3058 tem-

101 3166 388 3218 maulam
405 3202 424 3229 ,
460 3186 607 3235 quem
624 3170 828 3221 biennio
847 3183 964 3238 poet
983 3188 1110 3237 ιπε-
1200 3173 1288 3221 Sin
1311 3209 1327 3235 ,
1386 3168 1755 3240 intelligendum
1803 3195 1828 3216 α
1845 3172 1908 3221 ab
1962 3173 2099 3221 omni
2146 3172 2228 3220 illa

103 3254 248 3293 turam
265 3264 312 3296 ne
336 3248 462 3298 dicit
481 3248 716 3315 adeptum
742 3250 796 3298 in
816 3250 1039 3299 oratione
1057 3251 1111 3300 in
1198 3254 1499 3318 cogitatione
1526 3254 1727 3303 illorum
1756 3264 2033 3318 temporum
2057 3262 2107 3301 et
2124 3268 2228 3301 aer-
2302 3266 2310 3275 ’

103 3322 287 3373 Rullum
304 3326 370 3375 nd
392 3328 628 3391 Quirites.
1101 3330 1106 3335 “
1196 3348 1435 3381 monum-
1450 3366 1468 3393 ‚
1492 3333 1630 3398 quod
1652 3333 1819 3381 minus
1836 3332 2017 3397 placet.

167 3398 220 3452 5.
261 3406 374 3455 Mea
417 3406 632 3457 ambitio.
669 3408 822 3473 Apud
857 3410 1112 3458 Romano·
1271 3414 1322 3461 8.
1352 3413 1543 3462 Crimen
1564 3410 1835 3479 differt-eum.
1854 3412 2059 3462 Cra-en
2080 3411 2181 3459 hoe
2200 3426 2229 3457 a

99 3480 326 3533 honorum
381 3487 556 3551 petitio
608 3488 771 3537 naim
831 3488 1114 3537 ambitionis
1200 3493 1335 3541 Sulla
1372 3494 1583 3541 removit
1618 3492 1913 3541 Hortensius
1953 3491 2041 3555 qui
2081 3490 2237 3537 inter·

97 3576 238 3622 qum
260 3564 434 3614 civium
465 3566 844 3617 existimationis
877 3566 1115 3633 cupidum
1203 3572 1327 3636 fuit,
1354 3584 1451 3621 etc.
1760 3617 1763 3623 ,

97 3642 363 3705 ⁸3⁰0me
383 3649 612 3696 Honora
636 3662 814 3712 nempe
830 3658 880 3696 et
897 3658 1116 3707 01:11⁸,st
1273 3668 1329 3715 9.
1362 3654 1504 3700 Hune
1538 3650 1834 3717 defendunt,
1880 3649 1993 3697 kuic
2028 3648 2229 3698 adsunt.

99 3734 274 3771 meet
304 3737 442 3776 >aaut
479 3742 590 3792 <pn
623 3727 702 3775 vir
734 3726 898 3777 bonu·
939 3738 1114 3793 optare
1204 3730 1406 3780 educet
1426 3731 1627 3780 Sullam.

99 3800 312 3853 *⁵⁸¹³*
1279 3823 1361 3863 ιο.
1381 3810 1607 3861 erimine.
1628 3810 1687 3859 ld
1712 3821 1811 3871 at,
1830 3808 2227 3858 amttam*

163 3882 220 3929 6.
246 3882 454 3933 :vermis
475 3883 638 3935 labor.
663 3884 830 3949 Quem
850 3887 909 3933 in
945 3885 1112 3933 amicis
1207 3893 1383 3943 emt-1⁸5
1400 3927 1415 3953 ‚
1434 3893 1529 3955 qui
1554 3890 1909 3953 conjurationis
1930 3888 2130 3937 crimine
2148 3888 2230 3935 in·

101 3958 404 4013 defendendi·
424 3965 736 4030 suscipiebat.
1205 3971 1419 4019 simulati
1436 3980 1572 4021 aunt.
1598 3997 1667 4009 —
1694 3969 1971 4018 Hominum.
1992 3968 2230 4027 Conium*

173 4057 220 4099 7.
262 4042 398 4091 Omni
430 4044 536 4095 illa.
581 4044 741 4111 Magia
781 4044 961 4095 arridet
990 4044 1110 4094 aiio.
1201 4062 1379 4099 torum.
