2594 4537
546 252 936 323 ORATIO
985 254 1186 323 PRO
1234 254 1387 324 CN.
1446 250 1909 324 PLANCIO.

2162 246 2301 346 569
2342 305 2349 315 .

163 399 429 448 moras.
468 376 606 446 Cui
640 373 938 472 quidem
977 398 1153 471 ege,
1185 376 1369 446 sicut
1399 377 1479 445 in
1516 373 1803 446 Plancio
1822 384 1877 461 ²,
1906 395 2303 474 numquam

167 483 616 558 dissimulavi
673 509 790 556 me
851 483 1248 582 plurimum
1314 482 1619 574 debere,
1674 506 2105 581 semperque
2158 506 2307 580 prae

166 621 291 668 me
333 594 578 666 seram.
629 593 876 666 Nullas
922 598 1114 666 enim
1152 594 1290 667 sibi
1328 594 1445 668 ille
1482 619 1721 690 neque
1767 594 2311 679 contentioneS,

169 731 415 804 neque
453 705 892 792 inimicitia5‚
939 728 1180 801 neque
1222 706 1384 776 vitae
1427 703 1957 790 dimicationes,
2000 726 2137 772 nec
2174 725 2312 799 pro

169 815 588 914 republica,
643 839 780 886 nec
837 838 976 912 pro
1029 837 1146 886 me
1203 811 1673 910 defugiendas
1730 811 2025 910 putavit.
2074 814 2317 906 Atque

173 930 454 998 utinam
473 979 492 1014 ,
521 949 742 1023 quam
771 949 906 1023 ego
935 949 1096 998 sum
1123 925 1200 996 in
1239 925 1445 994 illum
1477 937 1719 1020 gratus
1737 977 1757 1009 ‚
1792 935 1937 994 tam
1968 921 2322 1004 licuisset,

171 1061 310 1136 per
361 1036 738 1108 hominum
785 1035 932 1104 vim
958 1088 980 1122 ,
1038 1048 1113 1106 et
1172 1034 1503 1130 injuriam
1556 1031 1805 1130 populi
1852 1031 2132 1102 romani
2154 1026 2209 1114 3,
2250 1027 2319 1100 ei

173 1147 478 1244 gratiam
511 1141 852 1216 referi-N!
891 1141 1027 1215 Sed
1055 1197 1074 1228 ,
1111 1148 1169 1214 si
1211 1168 1367 1214 non
1398 1141 1647 1215 eadem
1680 1140 2059 1212 contendit
2088 1141 2163 1211 in
2193 1139 2319 1208 tri-

175 1257 458 1328 bunatu
505 1253 880 1340 Plancim,
933 1254 1340 1325 existimare
1376 1251 1638 1338 debe5‚
1676 1275 1827 1322 non
1858 1250 2029 1322 huic
2066 1250 2324 1320 volun-

175 1379 401 1438 tatem
440 1361 786 1450 defuisse;
825 1362 953 1434 sed
987 1388 1104 1434 me
1127 1417 1145 1449 ‚
1183 1387 1413 1461 quum
1443 1363 1591 1459 jam
1618 1362 1911 1434 Plancio
1937 1358 2277 1432 deberem
2300 1413 2318 1445 ,

251 1565 304 1596 a.
334 1545 470 1596 Sicut
491 1547 542 1595 in
563 1546 784 1595 Plancio.
809 1547 980 1596 lamb.
1010 1571 1036 1589 a
1058 1547 1208 1596 sicuti

176 1627 381 1676 Plancio
399 1649 442 1686 a,
463 1636 518 1674 ut
537 1626 729 1675 dativus
751 1626 993 1676 concinne
1013 1643 1074 1676 ac
1093 1628 1206 1676 sim-

177 1705 372 1770 pliciter
390 1705 555 1754 dativo
579 1705 886 1770 respondeat.

256 1787 303 1834 3.
331 1784 574 1850 Injuriam
591 1785 768 1848 populi
786 1784 996 1832 romani.
1025 1785 1084 1832 Id
1105 1796 1203 1845 est,

177 1865 404 1925 injuriam
427 1865 599 1911 factam
611 1863 801 1928 populo
818 1880 1035 1912 romano.
1051 1867 1206 1912 Tanta

180 1954 286 1992 erat
335 1957 504 1991 eorum
552 1953 823 2006 temporum
873 1942 1176 2007 perturbatio
1194 1980 1210 2006 ,

183 2032 315 2069 tanta
355 2022 699 2070 Clodianorum
745 2021 944 2070 audacia
959 2059 974 2084 ,
1019 2031 1074 2069 ut
1118 2039 1206 2070 nec

179 2100 394 2166 populo,
411 2117 500 2148 nec
514 2101 698 2148 senatui
711 2102 1036 2166 pepercerint.
1056 2100 1208 2164 Quod

181 2190 392 2228 testatur
407 2180 580 2229 Cicero
597 2180 650 2227 in
665 2179 831 2228 eadem
849 2195 932 2244 ep.
949 2179 1014 2227 ad
1032 2181 1096 2242 Q.
1117 2180 1210 2227 fra·

184 2272 332 2317 trem,
355 2258 444 2307 lib.
473 2261 547 2319 11,
585 2276 630 2318 1,
662 2275 814 2322 quum
833 2259 936 2308 ait:
963 2280 990 2302 ιι
1007 2258 1214 2307 Marcel-

181 2340 316 2387 linus
368 2355 516 2402 quum
575 2339 784 2401 graviter
846 2337 907 2385 de
961 2338 1211 2388 Clodianis

181 2416 456 2477 incendiis,
484 2416 916 2474 trucidationibns‚
953 2416 1210 2480 lapidatio-

183 2495 334 2545 nibus
351 2506 552 2559 questus
563 2507 690 2544 asset
698 2529 716 2557 ,
729 2497 1014 2545 sententiam
1034 2495 1212 2543 dixit...

185 2586 386 2640 repente
434 2574 594 2623 Clodii
640 2590 800 2639 operae
844 2592 873 2623 a
922 2577 1212 2625 Graecostasi

183 2658 206 2719 (
226 2655 338 2702 loco
362 2666 474 2702 ante
500 2656 681 2701 curiam
701 2652 720 2719 )
745 2664 793 2702 et
815 2655 1044 2719 gradibus
1067 2653 1086 2718 (
1105 2656 1212 2718 qui-

183 2734 282 2782 bus
292 2734 358 2781 ad
373 2734 556 2782 curiam
564 2732 944 2800 ascendebatur)
953 2734 1212 2781 clamorem

185 2814 306 2861 satis
344 2829 570 2877 magnum
614 2812 928 2861 sustulerunt.
968 2814 1042 2860 Eo
1079 2822 1212 2860 metu

187 2893 376 2952 iniecto
431 2902 629 2956 repente
689 2907 862 2955 magna
912 2890 1214 2954 querimonia

185 2971 409 3019 omnium
457 2970 760 3018 discessimus
794 2992 836 3017 n.
889 2970 1018 3017 Vide
1070 2972 1211 3017 etiam

185 3050 280 3101 lib.
319 3054 399 3110 11,
433 3066 512 3115 ep.
545 3052 596 3100 3.
625 3050 686 3097 In
716 3048 927 3098 comitiis
965 3050 1084 3113 ipsis
1115 3049 1216 3097 vim

188 3129 470 3193 coedemque
487 3146 513 3177 a
537 3128 784 3179 Clodianis
802 3126 1092 3178 confirmant
1115 3128 1213 3176 Dio

189 3208 416 3268 Cassius,
445 3209 702 3265 xxxix,
732 3208 796 3257 32
813 3244 828 3269 ‚
857 3218 905 3255 et
931 3206 1217 3256 Plutarchus

189 3288 247 3335 in
273 3290 448 3349 Pomp.
472 3303 516 3334 c.
548 3286 632 3334 53.
1113 3310 1120 3315 -

265 3372 315 3420 4.
369 3365 433 3413 Εἰ
469 3363 688 3430 gratiam
741 3360 926 3429 τῇσιν-ι’.
979 3362 1216 3412 Mendose

191 3444 446 3495 Manutius
495 3454 637 3492 notat
663 3442 923 3491 Racillium
975 3444 1218 3491 immerito

192 3525 476 3573 damnatum
514 3523 677 3573 fuisse.
737 3522 926 3571 Nullibi
971 3522 1100 3569 enim
1156 3520 1218 3569 de

186 3602 380 3665 judicio
403 3600 592 3665 agitur,
618 3618 708 3650 nec
737 3600 878 3650 datur
905 3600 1100 3664 quidem
1131 3616 1218 3648 co-

189 3696 424 3747 gnoscere
451 3680 570 3744 quid
595 3680 804 3729 Racillio
827 3680 1056 3729 acciderit
1089 3680 1220 3729 mali.

192 3759 410 3825 Historia
435 3760 630 3822 penitus
664 3759 760 3807 hoc
798 3771 924 3809 tacet
951 3759 1086 3809 loco.
1124 3760 1222 3810 Sed

192 3837 476 3885 scholiastes
503 3837 598 3885 hoc
621 3840 672 3885 in
697 3838 810 3886 loco
835 3838 1021 3901 aliquid
1046 3839 1224 3891 adtulit

193 3916 338 3965 novi.
365 3918 559 3976 Exstat,
583 3918 742 3982 iuquit
756 3954 773 3981 ,
793 3916 984 3982 libellus
1005 3918 1220 3980 ejusdem

193 3997 479 4057 Ciceronis,
508 3998 594 4060 qui
628 4000 696 4047 ita
721 3998 1001 4047 inscribitur
1021 4034 1035 4058 ‚
1065 4020 1088 4041 e«
1111 3998 1220 4047 edi-

1295 1561 1429 1597 ctum
1466 1547 1602 1596 Lucii
1626 1543 1822 1594 Racillii
1863 1543 2045 1598 tribuni
2086 1543 2240 1607 plebis
2259 1537 2320 1603 ι’,

1293 1627 1433 1691 quod
1450 1625 1541 1674 sub
1556 1625 1753 1674 nomine
1772 1625 1923 1688 ipsius
1937 1623 2109 1672 Cicero
2130 1621 2325 1686 scripsit

1295 1706 1347 1754 in
1362 1709 1415 1754 P.
1430 1705 1673 1754 Clodium.
1689 1703 1921 1760 Racillius
1936 1701 2121 1750 Plancii
2142 1701 2326 1766 collega

1297 1785 1349 1832 iu
1379 1783 1628 1832 tribunatu
1664 1784 1755 1831 fuit
1784 1799 1895 1830 aun.
1925 1781 2057 1844 698,
2094 1779 2325 1844 Philippo

1297 1873 1348 1911 et
1370 1861 1661 1910 Marcellino
1690 1876 1819 1908 coss.
1848 1875 1949 1923 quo
1974 1858 2170 1922 quidem
2196 1875 2326 1906 anno

1297 1943 1352 1990 P.
1406 1941 1633 1990 Clodium
1682 1949 1873 1988 constat
1920 1938 2110 1986 aedilem
2164 1937 2328 1986 fnisse.

1297 2021 1394 2069 Hic
1434 2021 1597 2083 itaque
1639 2018 1947 2067 turbulentus
1996 2016 2179 2076 aedilis,
2223 2018 2325 2064 sive

1295 2101 1351 2147 in
1364 2101 1617 2158 concione,
1629 2099 1730 2146 sive
1742 2114 1831 2162 per
1844 2095 2056 2143 edictum
2068 2095 2325 2143 Racillium

1300 2179 1553 2230 Cleeronis
1576 2187 1993 2242 propugnatorem
2008 2209 2023 2234 ,
2056 2185 2103 2222 et
2129 2175 2328 2224 Cicero-

1300 2276 1413 2307 uem
1453 2261 1615 2324 ipsum
1656 2258 1917 2307 insectatus
1964 2272 2067 2303 esse
2102 2253 2327 2313 videtum

1300 2340 1380 2385 cui
1427 2354 1580 2401 quum
1624 2338 1796 2386 Cicero
1839 2352 1929 2400 per
1976 2334 2191 2382 edictum
2234 2349 2325 2381 suo

1297 2419 1497 2465 nomine
1521 2418 1740 2482 privatus
1760 2414 2053 2479 respondere
2080 2430 2183 2462 non
2209 2430 2330 2478 pos·

1302 2508 1404 2557 set,
1430 2498 1484 2544 L.
1506 2496 1715 2545 Racillio
1740 2496 1939 2544 tribuno
1955 2529 1970 2553 ‚
1992 2494 2191 2557 quicum
2216 2494 2325 2558 ipse

1304 2576 1621 2641 compellatus
1662 2576 1845 2635 fuerat,
1878 2573 2093 2623 edictum
2128 2588 2327 2638 compo·

1303 2657 1401 2705 suit
1418 2656 1483 2704 ita
1506 2656 1732 2705 acerbum
1750 2672 1805 2703 ae
1828 2654 2100 2712 vehemens,
2115 2653 2175 2703 de
2193 2670 2327 2701 more

1302 2752 1423 2794 suo,
1470 2736 1525 2782 in
1572 2734 1800 2783 Clodium
1817 2770 1832 2792 ‚
1878 2745 1933 2782 ut
1978 2734 2152 2783 Cicero
2196 2733 2327 2781 illius

1301 2826 1474 2863 auctor
1486 2814 1549 2862 ab
1562 2814 1791 2861 omnibus
1802 2824 2159 2877 agnosceretur.
2178 2816 2330 2861 Erant

1302 2893 1431 2941 enim
1473 2894 1631 2943 edicta
1682 2894 1883 2957 propria
1930 2892 2294 2954 magistratuum
2311 2926 2327 2947 ,

1302 2969 1479 3035 quibus
1498 2971 1547 3017 in
1563 2972 1861 3019 dissensione
1872 2968 1935 3017 ad
1949 2970 2170 3017 convicia
2190 2970 2331 3017 facile

1302 3051 1644 3098 abutebantur.
1678 3052 1759 3098 Ex,
1785 3050 1951 3096 multis
1978 3049 2203 3113 exemplo
2229 3050 2327 3097 siut

1304 3125 1621 3177 Archilochia
1669 3128 1751 3175 illa
1793 3127 1955 3174 Bibuli
2009 3126 2225 3175 consulis
2274 3129 2327 3175 in

1306 3210 1399 3259 Cn.
1431 3206 1714 3271 Pompeium
1751 3206 1950 3269 ejusque
1986 3206 2147 3254 socios
2174 3206 2331 3255 edicta

1304 3287 1368 3335 ad
1394 3286 1643 3343 Atticum,
1663 3289 1743 3347 11,
1771 3298 1859 3349 19,
1888 3301 1973 3344 πο,
1999 3302 2085 3346 21,
2122 3296 2171 3334 et
2195 3286 2328 3351 apud

1306 3364 1551 3413 Plutarch.
1576 3366 1629 3412 in
1651 3367 1823 3429 Pomp.
1852 3382 1958 3429 cap.
1988 3368 2071 3425 43.
2098 3366 2330 3429 Quintius

1308 3460 1423 3493 vero
1458 3442 1651 3492 Atticus
1686 3444 1885 3506 consul,
1921 3444 2057 3507 quod
2093 3444 2251 3493 edicta
2279 3445 2332 3491 in

1307 3522 1547 3590 populum
1580 3538 1673 3587 pro
1709 3522 2007 3587 Vespasiano
2046 3521 2302 3586 magnifica
2320 3560 2335 3585 ‚

1308 3603 1545 3669 probrosa
1576 3602 1807 3651 adversus
1836 3603 2087 3651 Vitellium
2120 3604 2335 3663 jecerat,

1309 3698 1478 3747 poeuas
1497 3682 1771 3731 Vitellianis
1797 3682 1959 3740 dedit,
1982 3692 2038 3730 ut
2062 3698 2123 3729 ex
2142 3682 2335 3743 Tacito,

1311 3762 1495 3811 Hister.
1512 3762 1601 3811 lib.
1620 3764 1721 3824 111,
1748 3779 1855 3826 cap.
1881 3764 1962 3825 78.
1980 3762 2170 3809 Morem
2193 3761 2329 3809 illum

1312 3848 1423 3889 cnm
1455 3840 1703 3905 republica
1728 3841 2022 3890 exstinctum
2055 3858 2157 3889 nou
2184 3842 2329 3890 fuisse

1310 3921 1531 3969 sciamus.

1386 4002 1433 4048 5.
1472 4000 1773 4065 Palimpsest.
1816 4000 2045 4049 Ambros.
2094 4000 2337 4068 beneficii,
