2594 4537
551 300 932 369 ORATIO
981 302 1178 369 PRO
1220 302 1381 373 CN.
1437 302 1931 373 PLANCIO.
2168 290 2307 366 555

137 416 304 493 sed
346 434 428 491 ut
467 444 604 492 nos
619 474 641 509 ,
678 436 754 492 et
795 436 1083 494 nostros
1119 422 1388 495 liberos
1428 422 1517 495 ad
1556 422 1875 495 laborem
1916 434 1989 493 et
2022 416 2307 491 laudem

139 530 538 601 excitaret.

263 642 491 713 XXV.
531 642 810 732 Quaeris
827 696 846 727 ‚
882 643 1066 742 quid
1101 648 1423 744 potuerit
1454 642 1765 743 amplius
1796 642 2079 739 assequi
2105 638 2311 711 Plan-

141 751 362 837 cius,
410 752 470 822 si
506 755 636 825 Cn.
681 754 1040 853 Scipionis
1083 753 1345 827 fuisset·
1376 752 1590 826 filius.
1630 756 1857 851 Magis
1898 750 2119 823 aedilis
2144 748 2305 821 fieri

141 883 324 931 non
361 862 750 958 potuisset3
783 862 910 935 sed
949 863 1093 937 hoc
1120 874 1557 965 praestaret¹‚
1592 863 1795 961 quod
1829 866 1891 936 ei
1920 863 2165 933 minus
2190 862 2305 931 in·-

141 966 558 1041 videretur.
605 974 894 1045 Etenim
939 972 1309 1047 honorum
1354 974 1620 1073 gradus
1655 976 1955 1045 summis
1988 972 2305 1044 homini-

144 1076 312 1149 bus
373 1082 452 1151 et'
505 1079 774 1154 infimis
823 1098 994 1155 sunt
1063 1109 1319 1183 pares;
1380 1084 1623 1185 gloriae
1678 1084 1999 1182 dispares
2024 1092 2079 1153 ².
2127 1082 2309 1171 Quis

145 1204 504 1263 nostrum
557 1216 636 1265 se
685 1193 859 1267 dicit
898 1196 1013 1267 Μ’.
1063 1200 1288 1268 Curio
1306 1250 1327 1285 ,
1376 1199 1543 1294 quis
1593 1200 1674 1267 C.
1726 1193 2053 1267 Fabricio
2073 1248 2093 1281 ‚
2142 1194 2309 1291 quis

145 1302 247 1371 C.
287 1300 626 1374 Duellio-²³
663 1304 958 1403 parem?
997 1311 1164 1405 quis
1198 1307 1449 1379 Attilio
1488 1305 1861 1379 Calatino?
1888 1305 2051 1402 quis
2079 1308 2205 1375 Cn.
2234 1314 2311 1373 et

143 1415 238 1481 P.
297 1412 810 1511 Scipionibus?
853 1420 1018 1514 quis
1071 1414 1413 1489 Africano
1434 1472 1455 1505 ‚
1506 1416 1848 1488 Marcello
1876 1470 1895 1505 ‚
1944 1414 2309 1484 Maximo?

150 1534 413 1593 tamen
472 1524 768 1597 eosdem
827 1551 1080 1599 sumus
1136 1527 1507 1601 honorum
1552 1526 1827 1627 gradus
1854 1580 1873 1615 ,
1928 1548 2117 1623 quos
2166 1523 2308 1610 illi,

145 1634 556 1729 assequuti.
603 1639 888 1709 Etenim
938 1639 1015 1708 in
1051 1640 1317 1711 virtute
1352 1641 1563 1711 multi
1598 1638 1987 1711 adscensus
2010 1638 2043 1687 4
2074 1661 2092 1705 ε
2132 1648 2216 1711 ut
2254 1638 2311 1704 is

147 1742 394 1839 gloria
449 1751 760 1819 maxime
814 1748 1114 1821 excellat
1141 1804 1160 1837 ,
1201 1751 1333 1848 qui
1373 1751 1641 1825 virtute
1691 1749 2085 1846 plurimum
2132 1768 2309 1844 prae-

147 1868 328 1925 stet.
381 1861 764 1929 Honorum
822 1860 1078 1957 populi
1117 1856 1282 1931 finis
1330 1874 1442 1931 est
1466 1914 1487 1947 ‚
1540 1853 2050 1931 consulatus⁵z
2084 1878 2303 1953 quem

149 1967 664 2063 magistratum
729 1970 879 2064 jam
944 1972 1347 2069 octingenti
1415 1968 1566 2042 fere
1631 1968 2063 2065 consequuti
2114 1982 2305 2037 sunt.

151 2081 446 2147 Horum
468 2132 488 2167 ,
541 2080 600 2151 si
651 2078 1030 2177 diligenter
1073 2105 1352 2178 quaeras
1372 2078 1431 2168 ⁶,
1474 2083 1597 2150 vix
1636 2079 1989 2151 decimam
2024 2090 2303 2174 partem

147 2192 482 2286 reperies
519 2182 745 2288 gloria
773 2191 1090 2292 dignam.
1133 2191 1273 2280 Sed
1309 2215 1529 2263 nemo
1556 2212 1907 2287 umquam
1941 2191 2041 2259 sic
2063 2198 2089 2242 ⁷
2125 2187 2269 2284 egit
2290 2242 2307 2267 ‚

150 2312 252 2369 ut
285 2313 370 2369 tu
411 2325 428 2368 ε
477 2303 626 2372 Cur
671 2307 807 2374 iste
851 2303 938 2374 fit
981 2303 1293 2377 consul?
1336 2301 1513 2401 quid
1560 2302 1803 2401 potuit
1850 2297 2197 2397 amplius,
2250 2299 2303 2367 si

151 2415 242 2482 L.
281 2413 551 2483 Brutus
593 2427 816 2501 esset,
862 2419 990 2510 qui
1033 2415 1396 2486 civitatem
1444 2411 1827 2485 dominatu
1876 2410 2080 2506 regio
2122 2406 2303 2478 lihe-

151 2521 396 2591 ravit?
437 2521 722 2596 honore
751 2523 932 2594 nihil
963 2525 1305 2624 amplius,
1338 2519 1552 2595 laude
1578 2521 1913 2592 multum.
1946 2519 2063 2590 Sic
2083 2519 2305 2616 igitur

153 2627 495 2702 Plancius
531 2631 764 2704 nihilo
797 2635 1037 2706 minus
1063 2649 1386 2732 quaestor
1412 2648 1519 2706 est
1546 2632 1777 2705 factus
1798 2689 1819 2722 ‚
1848 2645 1923 2702 et
1966 2627 2305 2702 tribunus

153 2738 438 2840 plebis,
483 2756 560 2815 et
599 2742 817 2815 aedilis
841 2799 862 2834 ‚
904 2769 1125 2842 quam
1171 2747 1230 2818 si
1272 2758 1461 2817 esset
1510 2768 1799 2815 summo
1838 2741 2001 2812 loco
2042 2753 2300 2812 natus:

151 2945 316 2996 qaam
352 2941 514 2981 want.
555 2932 616 2981 Id
651 2944 754 2993 eet,
778 2935 866 3000 qui
903 2933 1191 2997 jamdudum
1279 2945 1397 2982 eunt
1424 2933 1687 2981 adscensus
1702 2953 1745 2980 n.
1772 2931 1875 2978 Erf-
1902 2929 2052 2978 hebet
2086 2929 2304 2978 «etenim

151 3020 306 3058 erant
331 3010 565 3062 defuncti.
1277 3013 1333 3060 in
1346 3011 1526 3059 virtute
1542 3011 1685 3059 multi
1702 3019 1819 3058 eunt
1836 3009 2099 3058 adscensu·
2112 3029 2155 3066 ο,
2168 3009 2303 3072 qnod

231 3091 402 3138 XXV.
443 3104 492 3138 ι.
529 3091 630 3140 Sed
662 3091 758 3140 Ιιοο
789 3102 1068 3156 prasearee.
1108 3095 1191 3144 Βία
1277 3091 1470 3155 aceepit
1495 3093 1687 3138 Erneet.
1714 3089 1805 3137 sed
1840 3087 2149 3153 pretermisit
2173 3099 2307 3136 sune.

157 3169 416 3219 Eme-tiu·
451 3185 516 3217 ex
551 3169 769 3219 editione
805 3172 1024 3236 Angelii.
1053 3171 1186 3232 Alii,
1277 3169 1473 3234 Augen}
1495 3171 1637 3218 Junt.
1654 3169 1838 3218 omer.
1860 3169 2022 3215 θην.
2039 3177 2151 3215 «est
2174 3167 2303 3214 enim

147 3259 418 3314 praestare.
1275 3250 1333 3298 in
1358 3251 1539 3297 virtute
1564 3247 1732 3296 multi·
1757 3245 2081 3296 aducamus..

237 3341 292 3376 ει.
325 3325 511 3375 Gloria·
546 3327 781 3393 dispares.
825 3329 1047 3381 snhaud.
1088 3345 1190 3395 gre-
1351 3330 1401 3378 5.
1426 3327 1561 3376 Finis
1586 3340 1660 3375 ese
1682 3326 1980 3375 consulatus.
2016 3325 2151 3374 Hinc
2182 3325 2303 3376 dici-

155 3407 275 3456 dne.
302 3407 435 3456 Male
471 3409 769 3457 remilinus
808 3421 860 3458 et
901 3411 1094 3459 Erneet.
1126 3410 1190 3459 ad
1277 3417 1361 3456 tur
1385 3423 1515 3471 apex
1543 3408 1765 3456 omnium
1787 3408 2053 3456 honorum.

151 3487 323 3537 Tacit.
355 3488 534 3536 Annal-
562 3491 662 3550 111,
691 3485 784 3548 45,
815 3489 994 3555 glonae
1017 3505 1191 3538 nnme-
1348 3487 1401 3534 6.
1435 3485 1490 3535 Se·
1517 3485 1779 3553 diligenter
1802 3503 2013 3550 quar-as.
2030 3487 2302 3536 Erfurtens.

157 3583 273 3616 rum
291 3567 531 3632 pini-ele·
550 3585 653 3618 esee
673 3568 867 3619 volunt.
1279 3581 1484 3630 queres.
1505 3565 1670 3632 Neug.
1702 3567 1900 3616 Gruter.
1927 3581 2151 3632 qum-as,
2172 3581 2307 3629 r-epe

235 3647 290 3695 3.
319 3647 437 3712 Quis
465 3647 520 3696 0.
541 3649 754 3698 Duellio.
782 3649 868 3697 Al.
913 3670 936 3692 ι
965 3652 1021 3698 Ρ.
1042 3649 1191 3697 Duel-
1277 3643 1398 3694 rias.
1426 3645 1664 3710 ApudTe
1666 3657 1789 3694 rent.
1816 3647 1946 3694 Eun.
1965 3647 2015 3704 1,
2122 3647 2211 3702 ιθ,
2229 3645 2304 3692 «εἰ

157 3726 232 3774 lio
255 3747 304 3776 -.
347 3728 632 3776 Pte-:omen
675 3727 726 3777 6.
753 3728 968 3778 nstituit
999 3731 1189 3778 Eme-t.
1279 3723 1522 3788 postulet,
1542 3723 1699 3774 nihilo
1718 3723 1831 3789 plu·
1856 3739 2009 3788 ungu
2022 3725 2303 3788 ,etp-ssim

159 3807 204 3853 is
239 3806 370 3854 euim
399 3816 504 3864 eet,
555 3807 642 3871 qni
689 3807 878 3872 primae
917 3806 981 3856 de
1027 3807 1190 3858 Poenie
1277 3801 1413 3867 apud
1458 3818 1573 3850 omn
1576 3819 1627 3851 en
1670 3803 1899 3867 optimos.
1940 3829 2009 3839 -
2048 3803 2117 3850 fle
2090 3801 2297 3866 eperias.

159 3883 382 3934 navalem
411 3885 710 3950 tdnmphum
739 3888 852 3950 egit.
1278 3880 1412 3940 Alii,
1435 3881 1653 3947 reperies.

236 3972 286 4020 4.
316 3964 514 4014 Eoem'm
541 3964 596 4012 ιἰι
614 3965 799 4013 virtute
817 3966 959 4014 multi
977 3967 1189 4014 adscen-
1355 3978 1401 4022 7.
1425 3961 1525 4010 Sed
1555 3977 1695 4010 nemo
1727 3979 1957 4026 tamqnam
1994 3961 2065 4010 εἰσ
2088 3961 2201 4028 egit.
2222 3962 2303 4013 δίο

161 4062 261 4094 sus.
285 4044 417 4104 Alii,
447 4067 474 4088 ιι
494 4045 676 4094 etenim
703 4043 767 4093 ed
790 4044 1018 4093 virtutem
1047 4045 1190 4095 multi
1277 4041 1512 4107 loquutus
1536 4055 1638 4104 eet,
1665 4053 1719 4092 nt
1740 4053 1811 4092 tu.
