2594 4537
566 271 943 389 o'RATm
992 320 1196 388 PRO
1246 323 1326 389 1..
1375 319 1807 389 FLACCO.
2112 346 2241 422 ¹77

220 448 425 516 XXV.
487 448 583 515 At
630 445 826 514 enim
872 444 1077 514 istam
1130 442 1512 540 pecuniam
1557 441 1727 515 huic
1782 465 2038 542 capere
2091 471 2246 518 non

139 554 339 624 licuit.
372 559 637 626 Utrum
671 552 891 623 vultis
926 554 1109 648 patri
1154 550 1386 624 Flacci
1408 561 1450 602 1·
1483 551 1798 642 licuisse,
1853 557 2131 626 necue?
2171 558 2245 628 Si

138 663 355 750 licuit,
396 665 609 735 sicuti
650 677 845 734 certe
882 662 1086 734 licuit
1106 673 1163 750 ²,
1196 661 1289 734 ad
1327 662 1481 757 ejus
1512 660 1830 735 honores
1867 665 2240 756 collatam3

136 798 210 844 ex
258 774 527 872 quibus
580 778 737 872 ipse
798 773 977 845 nihil
1039 772 1376 873 capiebat
1397 769 1450 860 3,
1521 773 1796 871 patris‘*
1861 781 2246 874 pecuniam

132 899 308 956 recte
356 885 651 957 abstulit
697 882 933 956 filius:
975 888 1035 956 si
1076 909 1228 954 non
1267 883 1502 968 licuit,
1539 897 1776 956 tamen
1803 939 1823 970 ,
1865 885 1990 958 illo
2040 913 2241 959 mor-

132 1009 247 1066 tuo
270 1051 290 1085 ,
336 1021 492 1066 non
548 995 771 1066 modo
832 993 1065 1084 filius,
1118 994 1245 1066 sed
1303 995 1532 1092 quivis
1593 993 1804 1066 heres
1851 1000 2246 1072 rectissime

134 1107 358 1202 potuit
408 1103 694 1176 auferre
722 1100 771 1174 ⁵.
838 1108 939 1176 Ac
1000 1119 1163 1176 tum
1229 1103 1522 1202 quidem
1583 1105 1961 1197 Tralliani,
2014 1135 2245 1208 quum

134 1217 253 1313 ipsi
287 1219 483 1314 gravi
530 1215 815 1288 foenore
858 1217 1067 1288 istam
1114 1217 1494 1312 pecuniam
1549 1217 1814 1288 multos
1858 1242 2085 1292 annos
2121 1244 2246 1293 oc-

134 1332 616 1426 cupavissent,
657 1352 700 1399 a
744 1328 998 1400 Flacco
1035 1342 1280 1399 tamen
1317 1328 1588 1414 omnia,
1627 1353 1787 1424 quae
1821 1328 2251 1419 voluerunt,

135 1439 736 1536 impetraverunt:
780 1461 1020 1536 neque
1072 1452 1220 1510 tam
1272 1436 1568 1510 fuerunt
1616 1437 2076 1538 impudentes
2099 1497 2118 1530 ,
2171 1459 2256 1516 ut
2333 1443 2338 1446 ’

136 1547 233 1637 id,
272 1548 475 1646 quod
527 1549 784 1620 Laelius
830 1549 1057 1634 dixit,
1101 1548 1343 1621 dicere
1387 1547 1770 1636 auderent,
1816 1547 2006 1621 hanc
2047 1550 2138 1622 ab
2178 1577 2254 1625 se

43 1715 45 1718 >
138 1661 501 1755 pecuniam
562 1657 937 1731 abstulisse
998 1659 1508 1731 Mithridatem.
1572 1659 1752 1749 Quis
1812 1662 2002 1730 enim
2064 1677 2252 1752 erat,

140 1771 253 1863 qui
292 1796 445 1842 non
489 1772 747 1860 sciret,
802 1774 877 1842 in
930 1769 1279 1844 ornandis
1327 1769 1830 1843 studiosiorem
1878 1769 2253 1844 Mithrida-

140 1891 305 1968 tem,
350 1906 573 1980 quam
619 1883 697 1952 in
740 1880 1135 1979 spoliandis
1170 1880 1538 1952 Trallianis
1572 1877 1841 1952 fuisse?
1878 1883 2056 1971 Quae
2089 1883 2252 1980 qui-

43 2025 45 2032 ·
144 1987 287 2062 dem
334 2017 375 2063 a
414 2016 537 2063 me
588 1993 686 2080 si,
728 2005 813 2062 ut
868 1990 1169 2063 dicenda
1224 2005 1430 2078 sunt,
1477 1989 1914 2079 dicerentur,
1965 1994 2252 2089 gravius

43 2171 45 2174 ,
144 2121 400 2196 agerem
414 2099 473 2190 ⁶,
502 2099 820 2198 judiceS,
858 2125 1077 2198 quam
1109 2099 1347 2171 adhuc
1375 2099 1527 2196 egi,
1555 2113 1902 2194 quantam
1935 2103 2253 2174 Asiaticis

146 2209 421 2283 testibus
454 2209 681 2283 fidem
712 2209 983 2283 habere
1006 2235 1135 2283 vos
1156 2211 1619 2297 conveniret3
1662 2233 2074 2281 revocarem
2097 2215 2252 2283 ani-

43 2368 45 2371 >
144 2340 277 2390 mos
304 2336 575 2393 vestros
603 2320 694 2391 ad
719 2319 1187 2392 Mithridatici
1220 2319 1395 2391 belli
1425 2322 1886 2409 memoriam,
1923 2319 2014 2392 ad
2055 2321 2252 2395 illam

143 2432 621 2503 universorum
668 2432 933 2502 civium
976 2454 1444 2501 romanorum
1484 2454 1616 2528 per
1647 2442 1758 2501 tot
1793 2428 2014 2502 urbes
2036 2486 2055 2520 ,
2098 2456 2250 2504 uno

142 2556 390 2634 puncto
452 2543 803 2641 temporis
828 2595 849 2630 ,
916 2528 1252 2613 miseram
1307 2538 1824 2639 crudelemque
1842 2551 1868 2596 ⁷
1929 2540 2245 2615 caedem:

199 2780 353 2834 XXV.
378 2801 401 2834 ι
414 2821 429 2835 .
457 2784 683 2835 hmbin.
704 2786 848 2835 Beck.
872 2784 939 2836 sl.
967 2802 996 2833 e
1028 2786 1137 2851 plu·
1222 2800 1352 2845 nam,
1370 2786 1473 2835 sive
1492 2802 1626 2835 suam
1641 2786 1896 2851 pecuniam
1923 2799 2247 2853 recuperaret.

143 2860 415 2924 ribusMSS,
442 2866 639 2915 flacco.
658 2866 709 2915 J.
728 2870 791 2915 V.
817 2866 871 2913 L.
1294 2868 1350 2926 4.
1372 2865 1536 2913 Patris
1553 2864 1832 2929 pecuniam.
1870 2866 1954 2915 Ad
1981 2867 2244 2917 colendum

202 2958 243 2989 a.
274 2943 425 2991 Sicuti
445 2955 575 2993 ceree
590 2944 741 2995 licuit.
759 2944 919 2993 Miror
934 2943 1135 3010 quidem
1221 2954 1410 3010 petrem
1433 2943 1790 3009 suppeditatum
1814 2946 2088 3008 pecuniam.

144 3020 268 3069 'I'ullii
301 3023 557 3073 fallaciam.
601 3025 850 3073 Ludorum
891 3026 946 3071 in
982 3024 1135 3087 magi-

144 3110 349 3151 stratuum
372 3102 611 3151 honorem
632 3102 891 3151 celebratio
912 3118 1015 3151 nou
1034 3114 1137 3151 erat

144 3176 303 3241 legibus
328 3182 511 3231 sancita
529 3216 547 3241 ,
596 3182 685 3231 sed
711 3182 1033 3229 assentatione
1059 3196 1137 3231 ex-

146 3258 343 3320 cogitanta.
363 3260 577 3309 Pecunia
590 3261 785 3327 publice
798 3260 1139 3309 conferebatur

146 3350 171 3380 ι
189 3340 551 3399 provincialibus
566 3340 630 3388 ad
652 3340 765 3388 illos
783 3350 1005 3403 sumptus
1020 3353 1035 3399 3
1050 3338 1140 3388 sed
1167 3402 1175 3410 ,

148 3415 255 3463 cives
267 3418 391 3466 ludis
406 3418 605 3467 aderant
616 3453 631 3477 ,
651 3418 935 3467 fruebantur
952 3429 1138 3483 specta-

150 3493 272 3557 culi-³,
303 3508 351 3544 et
374 3498 741 3547 delectabantur
761 3514 855 3563 pro
879 3515 963 3547 sua
987 3514 1139 3562 pecu·

152 3571 229 3618 Bia·
244 3576 389 3624 Nemo
406 3594 635 3641 umquam
652 3578 973 3641 magistratus,
984 3592 1139 3639 qusn—

154 3655 371 3717 ¹”tulitque
390 3656 573 3705 fureret
599 3657 875 3720 rapacitatis
899 3656 1130 3715 libidine,

153 3724 265 3778 istm
285 3734 448 3783 tollere
475 3738 737 3799 pecuniam
762 3752 907 3784 ausus
927 3746 1026 3785 est:
1050 3736 1137 3799 qui

43 3810 45 3817 '
154 3802 199 3854 fit
218 3823 265 3861 nt
280 3814 331 3863 1..
348 3814 551 3863 Flaccus
568 3814 703 3863 illam
728 3814 980 3863 abstulerit
994 3816 1017 3863 ?
1036 3829 1136 3880 quo

156 3884 269 3937 'urei’

152 3900 167 3943 J
211 3966 251 4016 3.
277 3973 382 4037 Ipse
425 3970 557 4022 nihil
588 3971 830 4037 capiebat.
873 3973 1041 4035 Quum
1077 3988 1143 4021 ex

155 4044 375 4101 Trallianis
420 4052 549 4101 nihil
592 4062 813 4117 caperet,
860 4052 946 4101 sed
982 4062 1142 4117 peter·
1175 4040 1181 4047 ’

312 4140 429 4210 IV.
486 4156 579 4203 Cio.
595 4169 709 4215 pars
726 4156 938 4202 scema«.

1230 3056 1239 3067 .
1296 3023 1344 3072 5.
1371 3022 1540 3070 Potuit
1559 3021 1774 3086 auferre.
1799 3024 1943 3070 More
1974 3024 2250 3073 causidico·

1222 3118 1330 3151 rum
1347 3138 1363 3165 ,
1399 3102 1572 3151 Cicero
1600 3100 1892 3166 persuadere
1920 3104 2093 3162 vellet,
2113 3105 2250 3169 quod

1222 3183 1328 3247 ipse
1356 3198 1458 3229 uon
1483 3180 1659 3229 credit.
1693 3181 1791 3229 Sed
1829 3180 2119 3232 dilemmatis
2155 3184 2248 3231 mi-

1223 3278 1333 3309 rum
1381 3272 1455 3309 est
1513 3258 1712 3324 quidem
1777 3262 2045 3311 secundum
2103 3280 2254 3313 mem·

1223 3340 1368 3387 hrum
1403 3354 1418 3389 τ
1463 3340 1556 3388 «Si
1593 3339 1740 3403 patri·
1760 3340 1924 3389 Flacci
1967 3358 2070 3391 uon
2110 3342 2253 3391 licuit

1224 3419 1482 3483 pecuniam
1528 3434 1700 3483 capere
1713 3456 1728 3482 ,
1767 3419 1854 3467 illo
1903 3433 2102 3470 mortuo
2146 3438 2250 3469 non

1224 3498 1376 3546 modo
1399 3497 1557 3559 filins,
1587 3497 1674 3545 sed
1709 3498 1872 3562 quivis
1903 3499 2062 3549 hares
2082 3502 2258 3548 metis-

1224 3577 1344 3626 sime
1371 3580 1536 3642 potuit
1558 3578 1746 3627 aufem
1756 3599 1801 3627 u.

1296 3658 1348 3705 6.
1364 3655 1566 3705 Gravius
1581 3672 1794 3723 agerem.
1810 3656 1970 3721 Fingit
1988 3673 2040 3706 se
2055 3672 2255 3722 parcere

1225 3734 1481 3785 Trallianis
1519 3752 1613 3801 pro
1649 3752 1736 3784 sua
1755 3770 1772 3795 ,
1797 3736 2054 3801 fratrisque
2092 3736 2256 3785 amici·

1228 3816 1324 3875 εἰη
1363 3826 1413 3863 et
1457 3826 1616 3863 tamen
1670 3815 1925 3880 subjungit
1973 3832 2028 3865 ea
2074 3816 2253 3882 quibus

1227 3894 1476 3943 acerbiore
1499 3895 1709 3960 reperire
1731 3910 1836 3943 non
1857 3906 2066 3961 potent.

1303 3989 1350 4034 7.
1404 3975 1635 4023 Miseram
1676 3975 2015 4041 crudelemque
2055 3976 2258 4025 aedem.

1233 4052 1438 4103 circiter
1459 4063 1660 4103 centum
1683 4053 1854 4103 millia.

1979 4164 2060 4209 12
