2594 4537
323 223 464 297 528
961 220 1059 287 M.
1092 219 1183 291 ,Τ.
1237 219 1803 291 CICERONIS

321 346 960 440 tribunatusque¹⁷
1003 339 1475 428 constabant3
1518 338 1631 411 vel
1688 338 1891 438 quod
1937 339 2043 412 illi
2068 334 2133 385 ¹⁸
2192 343 2273 411 in
2322 340 2463 414 hoc

319 453 650 527 ornando
676 450 1006 523 ordinem
1043 472 1122 521 se
1159 472 1418 523 ornare
1441 504 1461 539 ‚
1507 463 1580 523 et
1622 450 2003 525 consulere
2040 450 2291 523 liberis
2318 454 2461 525 suis

319 561 872 637 arbitrabantur.

414 682 504 749 X.
539 668 830 769 Aliquid
865 683 1208 768 praeterea
1243 668 1274 767 (
1302 668 1553 742 timide
1608 668 1773 741 dico
1800 680 1825 713 ¹
1847 724 1867 755 ,
1902 668 2032 742 sed
2067 686 2317 743 tamen
2358 670 2459 742 di·

317 786 630 862 cendum
658 777 839 875 est),
875 804 1030 851 non
1051 780 1244 849 enim
1277 778 1573 879 opibuS,
1602 806 1754 852 non
1801 780 2157 851 invidiosa
2198 784 2452 879 gratia,

319 923 470 970 non
503 896 829 994 potentia
851 892 972 961 vix
997 890 1332 979 ferenda,
1369 890 1496 964 sed
1520 894 2213 964 commemoratione
2239 892 2455 964 bene-

315 1006 506 1079 ficii2
524 1057 544 1092 ‚
602 1001 728 1075 sed
771 997 1259 1079 misericordia
1279 1054 1300 1089 ‚
1340 1000 1469 1073 sed
1516 1000 1855 1100 precibus
1896 1002 2170 1099 aliquid
2222 1002 2457 1073 attuli·

317 1142 478 1189 mus
513 1118 728 1187 etiam
755 1136 912 1184 nOS.
947 1110 1321 1209 Appellavi
1346 1112 1746 1210 populum,
1782 1110 2121 1184 tribubus
2156 1111 2453 1183 submisi

315 1252 474 1315 me,
513 1240 587 1299 et
629 1223 1062 1322 supplicavi3
1109 1221 1305 1294 ultro
1350 1218 1846 1294 mehercules-'⁹
1900 1247 1978 1294 se
2018 1222 2201 1293 mihi
2240 1228 2451 1295 etiam

318 1336 741 1422 offerente5‚
781 1333 973 1404 ultro
1023 1331 1447 1430 pollicentes
1488 1335 1756 1431 rogavi.
1796 1331 2041 1405 Valuit
2089 1357 2309 1405 causa
2340 1360 2453 1405 ro·

315 1446 577 1546 gandi‘*
595 1500 616 1533 ‚
651 1468 802 1515 non
835 1443 1080 1540 gratia.
1107 1444 1296 1531 Nec,
1330 1444 1391 1515 si
1415 1444 1522 1513 vir
1541 1443 2025 1541 amplissimus
2038 1440 2093 1529 ⁵,
2124 1448 2249 1514 cui
2274 1442 2451 1515 nihil

312 1573 422 1631 est
439 1612 460 1646 ,
495 1553 698 1654 quod
718 1552 1002 1650 roganti
1027 1551 1329 1623 concedi
1354 1578 1505 1625 non
1534 1556 1701 1651 jure
1730 1556 1993 1652 possit,
2020 1550 2147 1625 de⁶
2167 1553 2449 1651 aliqu0‚

313 1682 396 1739 ut
431 1666 643 1753 dicis,
679 1688 832 1735 non
856 1663 1308 1761 impetravit⁷
1338 1718 1359 1755 ,
1392 1689 1528 1763 ego
1572 1658 1782 1736 sum⁸
1824 1688 2173 1761 arrogans
2195 1716 2215 1751 ‚
2254 1662 2447 1761 quod

387 1840 470 1886 17.
505 1826 776 1889 Quaestum
815 1820 1202 1887 tribunatusque.
1240 1822 1332 1872 Cn.
1424 1823 1568 1887 pium
1590 1819 1644 1871 in
1666 1819 1926 1873 tribunatu
1942 1822 2097 1887 legem
2126 1821 2191 1870 de
2216 1825 2447 1887 Pompeio

313 1905 538 1953 Plancina
579 1902 801 1951 tribunus
837 1901 1048 1951 militum
1087 1902 1246 1949 fuerat
1279 1902 1336 1949 in
1422 1902 1589 1951 tulisse
1616 1902 1789 1951 scribit
1806 1936 1823 1959 ,
1864 1923 1885 1945 ι
1906 1912 1961 1951 ut
1997 1902 2041 1949 ia
2065 1901 2199 1949 ludis
2226 1903 2449 1951 circensi·

311 1982 608 2035 Macedonia
629 2014 644 2041 ‚
662 1982 724 2030 C.
745 1979 966 2029 Antonio
987 1996 1090 2029 eam
1103 1980 1335 2029 obtinen-
1420 1982 1514 2031 bue
1551 1997 1733 2031 corona
1787 1982 1948 2030 laurea
1961 2014 1977 2039 ,
2032 1990 2084 2029 et
2122 1981 2263 2029 omni
2316 1968 2448 2031 cultu

313 2064 468 2113 te.Ad
485 2066 596 2113 Seu.
615 2070 729 2126 post
739 2054 992 2123 Reditum,
1007 2068 1084 2117 ¹4·
1099 2062 1336 2108 Fuci-atet
1420 2060 1829 2126 triumphantium
1862 2070 2107 2120 uteretur,
2130 2060 2344 2111 scenici·
2370 2076 2447 2108 an-

314 2156 528 2211 quaeetor
547 2139 764 2205 ejusdem
781 2138 1070 2203 provincie,
1087 2138 1177 2187 ubi
1189 2139 1334 2188 Cice·

309 2242 478 2276 rone·
497 2222 650 2274 tuitus
671 2230 743 2270 est
764 2218 996 2267 exsulem.

385 2323 407 2354 1
420 2307 468 2354 8.
489 2304 580 2351 Vel
590 2302 726 2367 quod
736 2299 830 2350 illi.
847 2299 1046 2348 Scilicet
1061 2296 1333 2366 publicani.

311 2389 371 2434 In
401 2383 510 2434 hoe.
536 2383 628 2432 Cn.
657 2379 880 2428 Plancio.

379 2466 448 2512 Χ.
489 2476 536 2510 ι.
567 2457 752 2507 Tim'de
776 2455 906 2505 dieo.
933 2453 1257 2519 Scholiasta,
1275 2456 1332 2505 εἰ·

309 2541 439 2590 mide
457 2539 638 2588 ᾱίοαω.

383 2644 432 2677 2.
467 2625 568 2674 Sed
592 2621 1050 2671 commemoratione
1089 2620 1330 2690 beneficii.

309 2706 461 2770 Quod
493 2706 546 2753 in
583 2705 866 2753 Ciceronem
902 2700 1116 2748 exsulem
1157 2711 1332 2749 contu·

305 2787 428 2834 lerat
465 2783 708 2833 Plancius.

379 2868 429 2915 3.
475 2861 787 2914 Mulierculas.
824 2860 1026 2909 Rectius
1075 2873 1190 2907 eane
1223 2875 1327 2906 me-

309 2945 504 2996 hercule
539 2959 602 2992 ex
627 2940 794 2989 multis
820 2933 936 2987 cod.
973 2953 1122 3001 quum
1153 2937 1329 2988 Cicero

305 3027 412 3091 ipae
443 3025 499 3072 in
535 3025 677 3072 Orat.
705 3035 813 3084 cap.
847 3027 933 3079 47,
972 3016 1218 3082 professus
1255 3027 1331 3065 eat

307 3123 359 3154 se
398 3103 666 3152 mehercule
703 3099 933 3151 libentius
981 3098 1142 3146 dicere
1207 3113 1329 3161 pro—

305 3195 418 3248 pter
457 3179 856 3231 consuetudinem
871 3213 888 3238 ,
926 3193 1036 3242 quae
1079 3175 1328 3225 suavitatis

309 3279 451 3312 causa
473 3261 729 3326 peccabat.

380 3350 429 3397 4.
466 3337 636 3388 Valuit
660 3352 814 3384 causa
839 3335 1064 3402 rogandi.
1101 3331 1329 3394 Scilicet,

305 3421 359 3467 in
397 3435 476 3466 me
517 3417 704 3465 Plancii
747 3415 924 3464 collata
964 3411 1227 3474 beneficia,
1279 3423 1330 3460 et

305 3515 441 3548 meus
477 3506 642 3561 gratus
677 3496 888 3544 animus.

376 3582 423 3628 5.
459 3578 550 3626 Vir
581 3575 918 3641 ampIIssimus.
957 3571 1154 3622 Scilicet
1177 3573 1327 3619 Pom-

341 3675 458 3708 eina.

303 3677 337 3725 P
371 3741 419 3789 6.
437 3739 512 3786 De
531 3735 724 3801 aliquo.
754 3731 1046 3783 scholiastes
1071 3743 1152 3780 an.
1186 3731 1323 3786 1814

300 3819 376 3866 ed.
399 3819 544 3866 docet
567 3816 666 3863 hoc
695 3815 748 3862 in
769 3813 884 3861 loco
901 3811 959 3857 Τ.
988 3811 1222 3877 Ampium
1253 3810 1321 3858 si·-

301 3895 548 3963 gniflcari;
599 3895 692 3942 fuit
751 3893 880 3940 enim
923 3891 1020 3940 Cn.
1081 3891 1321 3954 Pompeio

1424 2152 1521 2191 tem
1560 2150 1793 2205 pra-,texta
1815 2175 1832 2201 ,
1886 2154 2175 2204 coronaque
2219 2141 2385 2189 laurea
2406 2162 2445 2188 a.

1421 2222 1568 2286 Δωρί
1574 2236 1632 2270 ne
1641 2218 1948 2285 Pompeiane
1962 2218 2201 2284 partitam
2212 2220 2447 2280 studiose,

1420 2313 1521 2349 tam
1544 2310 1822 2350 constanter
1846 2297 2049 2347 adhaeait
2066 2333 2085 2356 ,
2120 2310 2178 2347 nt
2205 2301 2270 2348 ab
2288 2303 2447 2348 inimi-

1420 2382 1492 2430 cia
1521 2381 1639 2428 tuba
1658 2378 1773 2430 belli
1799 2377 1951 2427 civilis
1972 2379 2325 2442 appellaretur.
2350 2383 2445 2428 Ex·

1416 2459 1595 2508 culavit
1622 2458 1782 2507 victua
1816 2473 1971 2522 quum
2006 2459 2367 2522 Pompeiauua;
2398 2469 2445 2506 et

1418 2538 1627 2588 reditum
1663 2538 1864 2586 Caesaris
1886 2537 2192 2600 benignitate
2222 2538 2445 2603 impetn·

1418 2621 1507 2668 vit.
1528 2620 1717 2678 Cicero,
1726 2619 1884 2675 xnl,
1900 2619 2039 2682 epist.
2056 2632 2121 2678 '70
2136 2652 2151 2674 ,
2168 2619 2243 2666 ait
2256 2654 2274 2679 ,
2294 2641 2323 2661 n-
2336 2635 2443 2668 cum

1418 2699 1477 2746 T.
1514 2698 1697 2762 Ampio
1730 2697 1855 2749 mihi
1892 2711 2078 2744 summa
2114 2697 2438 2754 familiaritas,

1418 2777 1822 2840 necessitudoque
1838 2787 1961 2824 eat».
1974 2777 2051 2824 Ex
2066 2775 2244 2824 eodem
2258 2779 2333 2825 vl
2342 2811 2357 2838 ,
2368 2793 2442 2841 ep.

1426 2871 1507 2906 η.
1548 2855 1785 2920 Ampium
1824 2855 1998 2904 litteris
2032 2852 2259 2904 deditum
2298 2857 2441 2904 naim

1418 2936 1789 2999 cognoscimus:
1830 2956 1857 2976 ιι
1874 2949 2027 2997 quum
2058 2933 2289 2983 studium
2310 2947 2441 2984 tumn

1418 3029 1676 3063 consumas
1708 3016 1762 3062 in
1796 3013 2013 3061 virorum
2061 3013 2267 3062 sortium
2304 3014 2443 3062 factis

1416 3094 1663 3142 memorioe
1688 3087 1961 3158 prodendis
1976 3128 1992 3153 ‚
2018 3091 2331 3142 considerare
2368 3094 2445 3142 de·

1418 3172 1531 3232 beo,
1568 3172 1693 3220 nihil
1731 3171 1823 3220 nbi
1860 3187 1965 3218 esee
2002 3171 2441 3230 committendum,

1416 3252 1730 3317 quamobrem
1767 3265 1937 3300 eorum
1950 3284 1968 3308 ,
2002 3264 2131 3313 qnos
2158 3250 2367 3313 laudan,
2396 3263 2443 3300 te

1415 3346 1519 3380 non
1549 3329 1847 3380 simillimum
1873 3327 2091 3393 praebeea
2120 3351 2163 3376 ο.

1492 3427 1539 3472 7.
1562 3407 1675 3458 Non
1702 3408 1991 3474 impetravit.
2014 3409 2289 3473 Pompeius
2313 3419 2439 3458 tanta

1417 3489 1693 3540 celebritate
1718 3488 2035 3553 conspicuus,
2062 3498 2120 3537 ut
2142 3487 2351 3536 cliente·
2366 3489 2439 3537 aui

1414 3570 1479 3618 ad
1496 3571 1709 3619 honores
1722 3567 2055 3624 eveherentur,
2066 3569 2207 3630 qnaai
2220 3567 2439 3616 debitum

1413 3661 1577 3715 petere
1616 3647 1898 3709 videbatnr;
1924 3647 2103 3695 Cicero
2136 3657 2311 3694 contra
2350 3663 2439 3712 po·

1411 3729 1533 3794 pulo
1554 3727 1741 3793 peritae
1765 3725 2074 3785 blandiendi,
2098 3726 2333 3791 precibu·
2356 3743 2439 3774 no·

1408 3808 1595 3872 bilique
1634 3807 1873 3872 obsequio
1916 3807 2119 3856 Plancio
2158 3806 2435 3872 impetn-avit

1410 3887 1705 3938 aedilitate-n.

301 3975 748 4040 conjunctissimum
771 3969 1003 4032 Velleius,
1022 3972 1090 4034 11,
1101 3977 1190 4033 4ο,
1207 3972 1321 4020 Am-
1378 3987 1403 4016 0
1482 3971 1531 4016 8.
1564 3969 1679 4033 Ego
1712 3981 1817 4016 sum
1840 3981 2085 4032 arrogans
2102 4001 2118 4028 ,
2136 3967 2290 4032 qnod.
2320 3965 2430 4016 Non
