2594 4537
841 334 1621 415 PRAEFATJONES.
2162 341 2299 427 2'45

157 464 362 529 Hanc
403 463 599 553 igitur
629 463 1010 552 opinionem
1045 464 1100 529 si
1131 486 1401 553 sequare
1420 514 1441 548 ,
1480 466 1657 531 nulla
1692 466 2095 555 relinquetur
2130 464 2305 529 diffi-

154 570 368 635 cultas
386 617 405 651 ‚
439 590 584 657 quae
613 590 749 632 non
775 568 1196 658 probabiliter
1221 571 1383 636 solvi
1411 588 1641 660 queat:
1668 572 1886 660 potuit
1913 570 2305 635 declamator

155 674 449 739 mutuari
481 674 830 739 sententias
863 697 1011 739 suas
1039 676 1122 738 ab
1159 676 1415 741 Valerio
1431 724 1451 759 ‚
1484 700 1720 766 easque
1756 675 1949 742 edere
1974 674 2099 740 sub
2126 676 2300 741 Cice·

154 780 342 845 ronis
378 781 680 861 nomine,
713 802 867 845 mox
901 780 972 844 in
1004 780 1299 846 fraudem
1324 780 1637 848 inducere
1663 783 2017 848 Asconium
2031 829 2051 865 ,
2073 798 2299 871 postea

158 884 646 968 Quintilianum
680 902 748 950 et
775 886 1142 953 Arnobium
1171 910 1187 954 t
1219 910 1300 952 ex
1324 890 1680 971 contrario,
1710 889 1767 955 si
1802 904 2078 971 statuas,
2110 888 2302 953 Vale-

155 992 338 1057 rium
375 992 484 1056 illa
519 1008 751 1057 mutua
791 994 1142 1082 sumpsisse
1174 1016 1252 1059 ex
1286 995 1616 1077 oratione,
1652 1017 1849 1083 quam
1880 1017 2003 1084 pro
2041 988 2339 1059 Cicero-⁵

160 1096 356 1162 niana
390 1096 694 1161 habuerit
711 1145 732 1181 ,
769 1097 944 1163 nulla
977 1099 1218 1187 poterit
1237 1100 1405 1163 ratio
1428 1100 1643 1165 afferri
1662 1148 1681 1181 ‚
1718 1122 1839 1164 cur
1862 1098 2159 1163 Valerius
2180 1120 2305 1189 pro
2336 1092 2343 1099 ’

157 1202 608 1291 -pontifioetm
616 1219 819 1293 ponat
833 1203 1245 1292 «pontificum
1255 1205 1429 1271 scien
1436 1205 1569 1289 tian,
1580 1221 1646 1271 et
1654 1228 1763 1270 «au
1770 1228 2007 1296 gutum
2018 1206 2309 1280 observa·

161 1308 388 1374 tione·
407 1332 534 1398 pro
554 1310 868 1398 aaugurio
880 1340 906 1367 a·
923 1333 944 1391 3
963 1310 1090 1375 nisi
1105 1311 1275 1375 forte
1297 1312 1570 1401 putarit,
1584 1311 1959 1401 improbum
1976 1309 2309 1375 latinitatis

161 1426 505 1481 auctorem
528 1436 666 1482 esse
688 1416 1092 1481 Ciceronem.
1123 1417 1445 1498 Quocirca
1472 1417 1699 1491 videor
1720 1415 1880 1481 mihi
1900 1415 2307 1495 conjiciendo
2334 1500 2339 1507 ἡ

163 1541 304 1585 non
353 1520 682 1585 aben-asse
730 1543 768 1584 a
815 1544 972 1585 vero
1023 1536 1317 1610 tempore
1366 1522 1833 1613 suppositionis
1881 1521 2117 1585 harum
2162 1544 2307 1585 ora-

164 1640 448 1691 nonum.
953 1680 957 1687 .

252 1732 433 1797 xlv,
481 1732 609 1797 Sed
657 1749 736 1798 ut
782 1734 971 1799 fallax
1013 1735 1100 1799 sit
1138 1735 1245 1801 illa
1281 1737 1653 1817 conjectura
1670 1786 1689 1821 ,
1726 1740 1881 1826 ipsae
1912 1738 2065 1803 satis
2096 1737 2307 1799 mani·

166 1836 344 1902 festae
376 1837 640 1903 fraudes
669 1854 824 1903 sunt
843 1887 862 1922 ,
897 1840 1029 1905 sive
1062 1841 1544 1925 anteValerium
1576 1842 1959 1925 Maximum,
1995 1838 2127 1907 sive
2158 1832 2341 1931 post'

168 1965 321 2008 eum
351 1946 728 2033 compositae
754 1970 770 2010 :
807 1969 1204 2035 quamquam
1231 1947 1601 2026 conjectura
1634 1947 1717 2011 de
1748 1949 2105 2036 posteriore
2126 1964 2313 2011 aetate

167 2050 574 2115 verisimilior
594 2067 714 2116 est.
733 2052 1006 2139 Reliqua
1028 2069 1185 2116 sunt
1204 2052 1396 2116 nobis
1423 2051 1751 2140 hodieque
1771 2054 2052 2141 plurima
2074 2052 2311 2140 scripta

169 2155 498 2221 Ciceronis
519 2204 538 2238 ‚
568 2179 850 2245 quorum
875 2159 1012 2223 istae
1039 2158 1366 2223 orationes
1390 2174 1521 2222 tam
1544 2173 1765 2245 aperte
1790 2157 2133 2223 dissimiles
2156 2174 2314 2222 sunt

172 2277 237 2326 et
275 2246 615 2328 sententiis
663 2279 731 2328 et
771 2279 912 2330 toto
961 2287 1198 2354 genere
1234 2262 1531 2348 dicendi3
1572 2262 1825 2328 codices
1862 2279 2079 2328 autem
2112 2287 2315 2328 manu

173 2371 410 2435 exarati
463 2378 729 2460 prorsus
792 2372 1195 2436 conveniunt
1248 2372 1319 2434 in
1370 2386 1471 2435 tot
1520 2371 1907 2460 gravissimis
1954 2369 2127 2434 vitiis
2171 2390 2310 2433 non

171 2475 368 2540 unius
409 2474 630 2559 modi,
671 2499 816 2565 quae
847 2499 1028 2542 nunc
1059 2478 1129 2541 in
1159 2478 1238 2541 iis
1269 2475 1567 2542 videmus
1586 2525 1605 2558 ‚
1640 2493 1708 2541 et
1735 2497 2019 2566 quorum
2052 2476 2313 2564 culpam

174 2602 306 2645 non
343 2580 414 2644 in
443 2581 740 2646 librarios
774 2583 1072 2648 conferre
1091 2630 1112 2664 ‚
1147 2575 1532 2671 textumque
1562 2583 1783 2648 critica
1803 2583 1944 2670 lege
1970 2580 2055 2646 ad
2070 2581 2312 2662 justam

171 2685 665 2750 similitudinem
699 2687 1029 2752 Ciceronis
1060 2710 1363 2752 revocare
1394 2710 1761 2777 possumus.
1793 2689 2056 2776 Itaque,
2086 2709 2316 2775 quam·

171 2791 264 2856 vis
291 2791 444 2857 licet
467 2793 686 2858 multis
718 2793 994 2857 aliorum
1027 2794 1425 2882 scriptorum
1462 2793 1851 2859 testimoniis
1878 2793 2313 2858 defendantur

171 2892 306 2958 istae
341 2893 666 2959 orationes
682 2944 702 2973 ‚
735 2895 1024 2960 manebit
1052 2896 1120 2959 in
1151 2895 1303 2984 ipsis
1334 2911 1727 2985 perpetuum
1758 2893 2092 2983 quoddam
2114 2909 2312 2982 atque

173 2997 671 3088 inexpugnabile
716 3001 1164 3066 testimonium
1178 3049 1198 3086 ‚
1245 3025 1382 3090 quo
1416 3018 1745 3088 tamquam
1788 2999 1969 3086 falso·
1988 3000 2311 3087 inscripta

173 3121 238 3169 et
278 3103 635 3169 subdititiae
679 3106 1172 3172 convincantur.
1218 3107 1478 3172 Etenim
1521 3106 1578 3170 si
1621 3105 1767 3193 quis
1800 3120 1987 3194 putet
2020 3103 2162 3168 fieri
2189 3105 2312 3191 poa·

173 3210 404 3292 tuisse,
441 3225 556 3293 ut,
591 3233 798 3298 quum
833 3212 1208 3301 compositae
1242 3228 1461 3277 essent
1490 3235 1528 3276 a
1562 3211 1877 3275 Cicerone
1896 3257 1915 3292 ,
1944 3209 2095 3277 dein
2123 3205 2311 3298 paul-

171 3313 350 3380 latim
393 3315 466 3378 in
501 3337 606 3380 eas
645 3316 747 3380 vel
781 3316 1194 3382 librariorum
1228 3315 1607 3402 oscitatione
1636 3315 1740 3379 vel
1769 3313 2310 3407 interpolatorum

171 3419 422 3486 artibus
457 3419 905 3511 immigrarent
935 3422 1043 3487 illa
1073 3423 1411 3488 manifesta
1442 3436 1741 3510 peccata;
1775 3421 1843 3484 in
1872 3437 2185 3512 promptu
2214 3443 2317 3484 re-

172 3526 441 3616 sponsio
477 3543 612 3609 est,
650 3527 845 3592 etiam
891 3527 1027 3592 fieri
1063 3528 1351 3617 potuisse
1374 3573 1394 3608 ‚
1431 3543 1511 3591 ut
1550 3527 1619 3590 in
1653 3524 1910 3592 codices
1952 3527 2315 3590 insinuaret

173 3634 325 3699 falsa
370 3633 708 3722 inscriptio
729 3681 747 3716 ,
786 3648 852 3696 et
871 3681 888 3715 ‚
923 3655 1124 3726 quum
1155 3632 1239 3698 ab
1265 3632 1484 3722 aliquo
1512 3631 1777 3724 Thusco
1796 3631 1900 3696 vel
1926 3627 2313 3695 Murrhedio

171 3735 382 3826 (quos
415 3735 584 3803 duos
610 3736 855 3828 insigni
893 3738 1183 3802 fatuitate
1216 3739 1511 3802 rhetores
1540 3737 1664 3802 sub
1691 3737 1991 3824 Augusto
2018 3733 2317 3800 docuisse

173 3857 446 3907 testatur
474 3841 568 3907 M.
605 3841 850 3907 Seneca
877 3842 1056 3907 Suas.
1085 3842 1201 3931 2),
1230 3841 1332 3906 vel
1360 3843 1441 3906 ab
1471 3842 1597 3906 alio
1630 3841 1821 3906 nobis
1850 3841 2079 3931 ignoto
2107 3838 2318 3905 decla-

176 3965 418 4014 matore
453 3948 834 4037 compositae
871 3963 1084 4012 essent
1101 3995 1120 4030 ,
1151 3949 1509 4037 posteriore
1538 3963 1724 4013 aetate
1761 3969 2007 4012 nomen
2049 3947 2312 4012 Cicero-

182 4053 440 4120 nianum
474 4055 544 4118 in
575 4054 853 4118 'titulum
885 4051 1330 4120 adsciscerent.
1362 4056 1531 4122 Nam
1564 4057 1618 4122 si
1655 4073 1788 4122 tam
1818 4079 2064 4146 magnae
2096 4069 2309 4118 muta-
