2594 4537
585 331 967 402 ORATIO
1016 331 1222 400 PRO
1269 331 1343 400 P.
1396 329 1761 400 SULLA.
2148 355 2229 404 ’,ιι

130 455 191 525 Si
211 454 352 549 J'am
382 453 530 526 hoc
557 452 695 525 tibi
732 451 1159 541 concedam,
1192 456 1280 544 Q.
1316 453 1817 541 Hortensium,
1852 463 2050 523 tanta
2088 475 2243 550 gra-

127 564 322 636 vitate
364 563 740 636 hominem
761 617 781 652 ,
801 563 877 635 si
897 616 918 649 ‚
955 561 1092 634 hos
1129 563 1307 635 tales
1341 564 1534 634 viros
1566 586 1719 635 non
1746 587 1882 636 suo
1916 577 2103 634 stare
2132 564 2245 659 ju·
2284 579 2301 596 ·

128 673 334 764 dicio,
366 675 495 748 sed
533 701 739 763 meo3
781 678 840 746 si
873 675 1016 747 hoc
1048 672 1184 745 tibi
1217 675 1377 746 dem
1403 727 1423 763 ‚
1460 673 1662 771 quod
1698 673 1893 746 credi
1927 699 2079 746 non
2116 699 2247 770 po-

126 797 250 857 test
270 841 290 874 ,
321 789 461 858 nisi
487 811 623 885 ego
649 788 824 859 huic
851 785 1174 858 adessem
1190 840 1211 875 ,
1241 785 1378 856 hos
1404 783 1781 858 adfuturos
1808 811 1959 856 non
1986 782 2239 856 fuisse:

125 909 274 966 uter
303 896 600 968 tandem
633 921 762 968 rex
801 912 945 984 est3
985 897 1174 986 isne,
1210 897 1333 968 cui
1364 898 1872 969 innocentes¹⁰
1908 896 2247 967 homines

125 1029 258 1078 uon
297 1009 684 1096 resistunt,
721 1033 811 1080 an
853 1009 912 1078 is
933 1062 950 1095 ,
992 1008 1125 1105 qui
1159 1007 1609 1079 calamitosos
1640 1019 1693 1051 ¹¹
1734 1032 1887 1078 non
1930 1007 2247 1078 deserit?

134 1119 212 1186 At
245 1116 364 1190 hic
397 1120 650 1207 etiam,
692 1118 764 1190 id
803 1116 1006 1216 quod
1049 1116 1184 1189 tibi
1226 1141 1521 1190 necesse
1562 1119 1859 1190 minime
1910 1114 2088 1204 fuit,
2138 1113 2245 1186 fa-

125 1240 308 1299 cetus
341 1251 492 1301 esse
526 1229 858 1316 voluisti,
897 1253 1126 1327 quum
1158 1230 1633 1326 Tarquinium
1656 1235 1747 1316 ¹²,
1787 1243 1859 1300 et
1895 1229 2243 1313 Numam,

125 1351 188 1407 et
209 1363 320 1410 me
347 1342 643 1410 tertium
675 1340 1143 1438 peregrinum
1166 1335 1226 1384 ¹3
1255 1363 1537 1436 regem,
1562 1363 1717 1410 esse
1746 1337 2008 1409 dixisti.
2028 1340 2243 1407 Mitto

123 1447 249 1540 jam
289 1447 378 1522 de
430 1473 600 1547 rege
639 1473 964 1548 quaerere
994 1477 1010 1519 ε
1052 1448 1231 1521 illud
1272 1474 1521 1546 quaero
1541 1505 1560 1536 ,
1610 1449 2072 1547 peregrinum
2112 1471 2245 1519 cur

123 1581 227 1628 me
259 1583 408 1631 esse
452 1558 739 1632 dixeris.
783 1564 1007 1646 Nam,
1044 1560 1103 1630 si
1140 1561 1238 1630 ita
1273 1585 1472 1647 sum,
1510 1585 1664 1632 non
1695 1574 1841 1631 tam
1870 1573 1980 1632 est
2015 1557 2241 1646 admi-7

123 1667 406 1740 randum
433 1724 452 1758 ,
491 1693 738 1766 regem
773 1694 930 1741 esse
964 1694 1120 1758 me,
1158 1673 1365 1768 quia,
1411 1686 1497 1742 ut
1530 1667 1633 1742 tu*
1649 1672 1791 1759 vis,
1844 1671 2058 1742 etiam
2109 1694 2240 1767 pe-

121 1781 364 1874 regrini
383 1797 590 1877 reges
619 1785 862 1851 Romae
888 1778 1219 1868 fueraut,
1251 1807 1473 1880 quam
1501 1781 1879 1855 consulem
1898 1785 1962 1835 ¹4
1994 1787 2239 1854 Romae

123 1885 318 1961 fuisse
357 1892 848 1988 peregrinum.

205 2004 349 2073 Hoc
389 2002 595 2090 dico,
641 2003 917 2100 inquit,
957 2017 1030 2074 te
1069 2027 1225 2076 esse
1261 2027 1354 2076 ex
1396 2004 1817 2103 municipia
1847 2009 2129 2091 Fateor,
2164 2017 2239 2074 et

125 2107 290 2182 addo
331 2114 546 2182 etiam
573 2165 594 2198 ,
649 2136 740 2183 ex
792 2137 882 2184 eo
939 2115 1341 2211 municipio
1368 2111 1453 2201 ¹⁵,
1512 2114 1709 2185 unde
1770 2116 2036 2185 iterum
2090 2112 2239 2208 jam

123 2219 289 2295 salus
323 2219 497 2295 huic
531 2219 700 2294 urbi
729 2224 1185 2321 imperioque
1225 2224 1443 2296 missa
1481 2237 1609 2296 est.
1644 2223 1783 2296 Sed
1822 2227 2005 2295 scire
2046 2246 2133 2293 ex
2169 2235 2238 2293 te

123 2333 486 2427 pervelim,
527 2332 1052 2432 quamobrem,
1100 2334 1228 2433 qui
1261 2360 1353 2407 ex
1384 2329 1881 2432 municipiis¹⁶
1921 2332 2240 2420 veniant,

123 2445 461 2543 peregrini
501 2443 635 2517 tibi
671 2468 828 2517 esse
860 2443 1258 2516 videantur.
1295 2449 1529 2517 Nemo
1558 2445 1757 2517 enim
1788 2445 1974 2514 istuc
2000 2444 2099 2513 M.
2135 2439 2239 2511 illi

1206 2630 1381 2681 Cicero
1401 2630 1714 2696 amplectitur
1740 2629 2001 2694 municipii
2032 2630 2111 2676 sui
2135 2630 2235 2675 Ar-

1204 2710 1387 2774 pin‘atis
1410 2711 1651 2775 egregiam
1676 2708 2001 2767 nobilitatem,
2034 2706 2167 2755 unde
2186 2716 2235 2755 et
2260 2702 2273 2709 ’

185 2645 254 2680 ιο.
280 2629 366 2681 Cen·
385 2630 685 2681 innoeentes.
703 2633 764 2678 In
787 2612 1118 2679 adversarium

118 2716 368 2775 retorquet,
404 2711 542 2775 quod
559 2710 602 2758 is
626 2710 678 2758 iu
701 2726 754 2759 se
780 2710 1080 2771 conjecerat.

179 2802 250 2837 ιι.
277 2788 594 2839 Galaniitosos
605 2804 706 2838 non
723 2790 912 2839 deserit.
945 2788 1005 2837 Id
1026 2800 1116 2851 eet,

118 2864 362 2918 infelicibus
415 2868 690 2935 opitulatur
713 2854 730 2929 ξ
775 2869 891 2917 illos
935 2879 1118 2934 sponte

119 2941 324 2998 defendit.

177 3024 574 3093 12.Tarqm'm'um
591 3038 642 3075 ee
655 3027 887 3076 Numam.
902 3026 1115 3075 Numam

119 3095 386 3170 Pompilium
421 3106 686 3166 Sabinum,
723 3117 774 3155 et
793 3106 1114 3171 Tarquinium

119 3178 304 3233 Priscum
351 3186 612 3235 Etru-cum
657 3186 922 3235 Corinthio
975 3196 1114 3249 patre

123 3272 280 3313 utum.

179 3343 250 3391 13.
279 3342 606 3411 Peregrinum.
639 3342 698 3393 ld
732 3353 836 3402 est,
881 3342 970 3407 qui
1013 3358 1118 3392 nou

120 3426 178 3465 ot
197 3422 326 3472 civis.

181 3507 252 3555 ιι.
277 3498 538 3549 Consulem
558 3500 746 3550 Itomae.
775 3498 956 3549 Nullus
982 3500 1115 3550 euim

118 3570 254 3625 ullum
277 3578 448 3627 consul
473 3578 594 3640 fuit,
604 3579 694 3643 qui
709 3578 834 3627 civis
855 3592 958 3627 uon
972 3593 1115 3641 esset,

120 3652 258 3703 nllus
273 3658 554 3723 peregrinus
573 3668 678 3719 ατς
713 3673 810 3723 ego
835 3658 986 3723 igitur
1010 3659 1114 3723 pri-

121 3746 211 3781 mus
230 3746 278 3784 et
293 3738 424 3787 nolus
443 3738 520 3786 {ui
545 3736 716 3787 oonsul
739 3736 1042 3802 peregrinus.

185 3813 256 3861 15.
279 3816 360 3865 Ex
381 3832 440 3865 eo
456 3815 738 3881 municipio.
761 3816 822 3865 m
847 3827 949 3879 est,
971 3817 1115 3882 Arpi-

128 3898 233 3939 unte.
248 3918 308 3929 —
327 3896 463 3945 Unde
475 3896 666 3945 imm.
688 3898 732 3943 Α
753 3896 812 3947 C.
829 3896 990 3945 Mario
1007 3897 1112 3962 pri-

130 3980 261 4028 m,
289 3972 458 4025 deiude
491 3975 556 4026 ab
590 3976 703 4041 ipso
739 3974 975 4026 Cimone
999 3974 1118 4025 libe-

133 4056 218 4095 m·
249 4051 334 4100 fuit
372 4057 547 4105 Roma.
590 4056 772 4120 magua
809 4070 920 4104 eum
963 4054 1118 4121 gloria

1207 2788 1264 2838 C.
1287 2790 1473 2837 Marius
1499 2788 1767 2847 exstiterit,
1804 2787 2050 2836 bellorum
2070 2785 2231 2834 maxi-

1204 2884 1396 2917 momm
1429 2866 1786 2915 strenuissimus
1816 2867 2002 2924 victor,
2020 2874 2069 2913 et
2100 2865 2229 2931 ipse,

1205 2948 1347 3009 cujus
1405 2947 1685 2996 consulatus
1732 2944 1797 2993 ud
1855 2943 2231 3010 opprimendam

1203 3026 1427 3076 catilina
1468 3023 1855 3087 eonius-ationem
1902 3021 2127 3072 salutaris
2164 3022 2231 3070 il-

1201 3104 1397 3153 luxerit.

1282 3183 1363 3232 16.
1384 3184 1471 3230 Ex
1488 3181 1768 3247 municipiis
1789 3180 2025 3230 veniant.
2055 3178 2230 3229 Cicero

1205 3264 1258 3311 in
1295 3262 1383 3311 lib.
1410 3264 1459 3310 11
1496 3260 1557 3311 de
1593 3261 1837 3327 Legibus:
1873 3262 2016 3328 «Ego
2043 3258 2233 3307 meher-

1207 3342 1349 3403 cule,
1392 3342 1587 3405 iuquit,
1637 3340 1867 3389 omnibus
1902 3338 2231 3403 municipibus

1207 3420 1328 3469 duae
1346 3436 1449 3469 enee
1474 3434 1647 3468 censeo
1665 3419 1875 3485 patrias,
1912 3433 2059 3467 uuam
2087 3428 2231 3465 mtu-

1205 3516 1304 3559 τε,
1339 3499 1536 3547 alteram
1576 3499 1804 3548 civitatis.
1862 3499 1932 3546 Ut
1985 3496 2068 3545 ille
2103 3497 2230 3546 Cato

1202 3594 1357 3643 quum
1383 3592 1506 3629 esset
1529 3579 1733 3629 Tusculi
1762 3588 1933 3637 uatus,
1972 3578 2026 3623 iu
2056 3576 2231 3642 populi

1201 3659 1391 3707 romani
1412 3660 1655 3707 civitatem
1673 3668 1931 3723 susceptus
1946 3666 2036 3705 ent.
2058 3658 2231 3720 Itaque

1201 3752 1357 3802 quum
1382 3748 1497 3787 ortu
1520 3736 1827 3786 Tusculanus
1852 3746 1998 3796 emet,
2031 3736 2229 3784 civitate

1201 3818 1475 3878 Romanus,
1500 3816 1671 3865 habuit
1687 3817 1882 3865 alteram
1893 3815 1993 3865 loci
2006 3815 2231 3880 patriam,

1205 3896 1403 3945 alteram
1425 3898 1551 3959 juris
1564 3920 1609 3946 ι».
1638 3894 1917 3960 Municipes
1933 3896 2135 3960 proprie
2154 3894 2229 3941 di-

1207 3975 1444 4025 cebantur
1477 3976 1563 4041 qui
1608 3975 1661 4023 in
1701 3974 1945 4023 civitatem
1984 3988 2229 4023 romanam

1205 4057 1389 4122 recepti
1405 4090 1423 4120 ,
1450 4071 1705 4105 munerum
1726 4053 1987 4121 participes
2004 4052 2203 4101 fiebant.
