2594 4537
313 318 2241 344 mmmmmmmmmmmmmmmmmmm
2249 320 2453 341 mm

363 532 523 633 IN
586 526 1466 635 ORATIONEM
1542 516 2387 661 SULLANAM*

678 758 1327 863 scHoLlAs‘rAE
1394 756 2066 827 AMBROSIAM

777 944 1834 1034 COMMENTARIUS
1870 940 1966 1028 *⁴2

1091 1159 1176 1166 ρ.-

391 1324 499 1381 ΙΠ.
545 1341 683 1380 1....
804 1321 1072 1381 videatur
1103 1319 1456 1388 adsciscere;
1486 1320 1567 1378 ait
1591 1340 1653 1377 se
1683 1339 1802 1378 non
1830 1320 2151 1398 periculum
2184 1340 2451 1379 commu-

309 1418 522 1491 nicare,
539 1418 640 1478 sed
671 1418 926 1491 laudem,
955 1439 1062 1477 nec
1089 1431 1156 1476 ut
1185 1418 1382 1497 plures
1404 1416 1821 1497 periclitentur,
1836 1416 1939 1476 sed
1966 1431 2031 1476 ut
2060 1418 2225 1477 multi
2250 1438 2453 1496 aequa-

309 1516 442 1575 liter
473 1516 810 1595 glorientur.

405 1695 472 1738 2.
501 1674 586 1739 In
606 1670 1036 1739 Autronium
1063 1669 1555 1739 testimonium
1586 1664 1861 1755 dixisti,
1885 1668 2158 1765 inquit,
2177 1666 2449 1739 Sullam

314 1776 657 1851 defendis·
696 1801 771 1856 Et
793 1792 879 1875 (1)
899 1794 1202 1873 reliquum.

393 1944 1076 2021 Acutissimum'torquet
1099 1956 1487 2019 argumentum
1506 1943 1590 2021 (α)
1638 1962 1825 2020 prope
1857 1942 1933 2001 ad
1963 1942 2083 2001 vim
2116 1943 2453 2002 dialectico-

311 2060 471 2115 rum,
501 2054 567 2101 ut
589 2040 903 2101 adversarii
933 2042 1257 2119 propositio
1288 2041 1581 2119 utrimque
1608 2043 1878 2101 conclusa
1908 2054 2184 2099 teneatur.
2210 2041 2452 2109 Dixisti,

311 2142 530 2221 inquit,
559 2141 619 2201 in
645 2142 994 2202 Autronium
1021 2140 1445 2213 testimonium,
1473 2152 1533 2198 et
1560 2139 1991 2217 quodammodo
2017 2160 2171 2199 nunc
2196 2140 2395 2201 deficis
2418 2160 2453 2197 a

305 2239 632 2298 constantia
661 2252 789 2311 tua,
832 2238 934 2318 qui
957 2242 1018 2297 P.
1049 2240 1222 2298 Sullae
1255 2236 1655 2316 patrocinaris.
1695 2237 1847 2316 Huic
1876 2236 1959 2295 ita
1988 2237 2151 2296 factae
2181 2236 2451 2317 proposi-

315 2336 454 2394 tioni
476 2335 560 2414 (3)
585 2337 902 2414 opponitur
920 2379 936 2408 ,
967 2349 1030 2394 ut
1055 2335 1486 2407 animadvertis,
1517 2347 1682 2394 acuta
1709 2336 2026 2412 responsiO.
2050 2335 2113 2394 Si
2140 2334 2331 2394 minus
2360 2335 2451 2392 in—

315 2446 503 2510 tegre,
539 2432 742 2508 inquid
784 2431 900 2512 (4),
929 2434 1318 2491 testimonium
1360 2432 1513 2504 dixi3
1558 2453 1666 2491 nec
1708 2432 2029 2490 defensioni
2058 2452 2231 2504 meae,
2276 2451 2453 2510 quam

317 2549 472 2586 nunc
495 2529 818 2606 aggredior,
845 2529 1030 2588 inesse
1060 2529 1240 2588 debet
1263 2531 1607 2589 auctoritas:
1634 2530 1682 2590 si
1704 2550 1837 2589 vero
1861 2530 2005 2589 fides
2026 2531 2287 2589 constitit
2314 2530 2451 2588 mihi

318 2626 707 2684 testimonium
751 2625 994 2698 dicenti,
1028 2647 1132 2684 cur
1169 2647 1288 2685 non
1337 2626 1411 2686 ab
1464 2625 1665 2686 eadem
1715 2627 1829 2686 fide
1876 2629 2049 2686 etiam
2102 2627 2453 2686 defensionis

315 2722 490 2802 hujus
524 2721 762 2798 aequitas
793 2720 1144 2780 descendat?
1193 2727 1268 2782 Et
1295 2723 1394 2782 hic
1428 2722 1545 2800 jam
1588 2743 1649 2782 se
1681 2723 1885 2782 animis
1914 2723 2179 2800 judicum
2206 2723 2454 2784 latenter

312 2819 596 2892 insinuat,
627 2831 695 2878 ut
720 2839 970 2897 praesens
1001 2819 1261 2880 defensio
1291 2820 1354 2878 in
1386 2819 1699 2880 testimonii
1725 2822 1913 2880 vicem
1946 2819 2130 2880 cedat.

387 2993 414 3019 *
461 2993 692 3044 Cellsrius
717 2993 1044 3059 Onhogrsph.
1091 2992 1208 3061 (ed.
1233 2996 1400 3044 Patu-
1425 3001 1559 3056 1724
1577 3028 1592 3053 ,
1627 3009 1741 3058 pag.
1766 2993 1831 3059 7)
1867 2993 1963 3042 sit:
1996 3016 2023 3037 σι
2046 2993 2203 3054 Sulla,
2242 2996 2339 3044 viri
2364 3011 2457 3043 no-

313 3093 444 3138 meu,
458 3077 594 3142 quod
613 3079 770 3126 Graeci
783 3075 940 3128 Σύλλα
951 3079 1186 3137 scribunt,
1205 3079 1411 3128 latinum
1430 3088 1503 3127 est
1514 3109 1530 3135 ,
1550 3077 1759 3141 ideoque
1772 3077 1957 3142 ubique
1970 3079 2068 3126 fere
2090 3095 2121 3126 u
2140 3090 2389 3129 servatum
2406 3101 2451 3124 a·

318 3161 493 3210 Codex
515 3173 676 3210 tamen
695 3161 1060 3226 antiquissimus
1083 3162 1437 3211 Ambrosianus
1453 3177 1645 3226 semper
1658 3159 1807 3209 habet
1824 3162 1977 3224 &aaa
2003 3163 2068 3210 A.
2094 3163 2168 3210 M.

381 3241 444 3269 *¹*
487 3245 663 3308 Operae
685 3245 896 3308 pretium
922 3245 1135 3294 facturos
1157 3261 1246 3294 nos
1271 3245 1489 3295 arbitrati
1512 3261 1705 3304 sumus,
1724 3246 1767 3293 si
1782 3256 1923 3294 nom
1946 3246 2119 3306 huius,
2146 3245 2447 3311 quicunque

316 3337 390 3375 est
403 3363 418 3388 ,
434 3327 752 3374 vetustissimi
776 3338 904 3376 certe
929 3327 1203 3378 scholiasta
1219 3330 1274 3376 in
1299 3345 1453 3377 unum
1482 3327 1712 3376 collectas
1736 3327 2103 3387 exhiberemus3
2124 3329 2312 3394 quippe
2340 3345 2451 3394 que

313 3411 366 3459 in
391 3411 524 3458 nulls
565 3411 628 3459 ad
661 3409 794 3458 hune
828 3410 958 3460 diem
990 3412 1238 3462 Ciceronis
1276 3411 1492 3462 editione
1541 3413 1919 3476 comparuerint.
1963 3412 2080 3460 Non
2124 3423 2349 3462 nostrum
2388 3423 2453 3462 est

315 3511 530 3560 quarere
558 3497 668 3560 quis
692 3495 866 3543 barum
887 3507 1061 3544 auctor
1087 3497 1352 3559 exstiterit3
1392 3496 1635 3544 scribendi
1654 3511 1827 3560 genus,
1845 3511 2137 3559 quamquam
2158 3497 2314 3548 latine
2340 3498 2451 3545 satis

319 3581 570 3630 excultum
589 3615 604 3640 ,
631 3579 901 3629 Asconium
927 3595 1032 3628 non
1056 3581 1204 3630 refert
1220 3616 1237 3642 ,
1264 3589 1318 3628 et
1342 3589 1415 3629 sat
1444 3579 1589 3627 multi
1609 3578 1701 3626 hnc
1733 3578 1794 3627 de
1829 3595 1882 3626 re
1916 3578 2243 3643 disputavere,
2280 3591 2337 3628 nt
2352 3581 2447 3641 jam

317 3679 420 3710 non
457 3663 680 3713 dubitare
703 3665 863 3713 licest-

389 3746 460 3810 (1)
500 3746 625 3798 eod.
651 3749 731 3798 ed.
755 3749 818 3796 A.
836 3747 909 3795 Μ.

377 3827 456 3893 (2)
492 3829 714 3893 Spatium
739 3832 793 3878 in
815 3829 985 3878 codiee
1009 3829 1231 3878 relictum
1259 3827 1453 3892 explevi
1473 3829 1719 3878 vocabulo
1742 3841 2099 3896 argumentum.
2123 3831 2186 3878 A.
2217 3831 2291 3878 M.

383 3911 458 3978 (3)
495 3913 668 3962 Codex
693 3915 862 3962 «Huic
883 3915 949 3962 ita
971 3914 1094 3962 fecta
1117 3913 1458 3982 propositione
1469 3935 1512 3963 a.
1539 3917 1599 3964 A.
1626 3917 1701 3963 M.

388 3997 464 4062 (4)
500 3998 571 4044 Ita
600 3996 716 4045 eod.
740 3995 931 4060 inquid.
959 4001 1020 4045 A.
1046 4001 1118 4046 M.
1391 3994 1400 4003 “
