2594 4537
219 262 365 336 316
864 243 1091 334 M.'‘r.
1144 264 1719 335 olcERoms

214 381 723 474 inflecteret¹³,
777 386 909 482 qui
961 409 1096 458 suo
1146 382 1326 457 fletu
1379 382 1814 457 desiderium
1859 386 2046 474 mei,
2089 407 2366 457 memo-

218 500 547 595 riamque
577 506 994 585 renovaret3
1024 496 1153 595 qui
1189 509 1568 585 statuerat,
1599 494 1923 587 Quirites
1941 548 1962 581 ‚
1987 494 2047 564 si
2079 518 2214 567 vos
2241 518 2368 565 me

226 606 362 679 sibi
411 630 563 676 non
608 604 1139 694 reddidissetiS,
1180 603 1507 677 eamdem
1544 604 1791 677 subire
1835 602 2248 691 fortunam3
2293 618 2370 675 et

228 731 435 789 tauto
476 720 555 787 in
600 740 719 787 me
772 741 1021 789 amore
1063 720 1364 800 exstitit,
1411 731 1495 788 ut
1534 729 1837 814 negaret
1877 714 1982 787 fas
2018 739 2172 787 esse
2211 738 2370 785 non

227 827 450 899 modo
492 826 888 915 domicilio,
918 826 1045 899 sed
1068 853 1163 901 ne
1198 826 1533 926 sepulcro
1557 824 1855 924 quidem
1884 848 1960 897 se
1992 850 2035 897 a
2064 850 2184 897 me
2213 848 2374 927 esse

228 936 636 1033 sejunctum
662 934 751 1008 ¹4.
778 940 917 1009 Pro
952 962 1072 1010 me
1092 951 1457 1037 'praesente
1491 947 1812 1025 senatuS,
1837 936 2376 1031 hominumque

228 1060 573 1146 praeterea
585 1040 1105 1145 viginti'millia',
1127 1064 1403 1121 vestem
1425 1059 1918 1118 mutaverunt:
1945 1068 2082 1143 pro
2107 1041 2380 1115 eodem'

225 1182 347 1230 me
379 1157 676 1231 absente
708 1162 929 1230 unius
956 1159 1366 1257 squalorem
1403 1155 1804 1254 sordesque
1831 1154 2126 1228 vidistis.
2163 1160 2381 1227 Unus

232 1268 386 1356 hic,
434 1271 563 1367 qui
601 1270 693 1340 in·
722 1268 883 1342 foro
921 1284 1166 1367 posset
1205 1294 1360 1342 esse
1379 1266 1470 1357 ¹⁵,
1507 1267 1687 1339 mihi
1727 1270 1994 1365 pietate
2029 1264 2229 1337 filius
2266 1267 2382 1335 in-

194 1436 201 1445 .
230 1392 491 1451 ventus
513 1393 658 1468 est,
689 1377 1048 1452 beneficio
1077 1402 1374 1480 parens,
1401 1402 1646 1451 amore
1672 1376 1864 1449 idem
1883 1432 1904 1465 ‚
1933 1378 2063 1476 qui
2087 1400 2386 1475 semper

127 1489 129 1493 ’
233 1485 373 1559 fuit
395 1542 415 1577 ,
467 1486 710 1560 frater.
760 1493 939 1561 Nam
990 1490 1324 1588 conjugis
1359 1491 1634 1561 miserae
1671 1488 1968 1587 squalor
1991 1486 2384 1574 et'luctus,

235 1610 459 1695 atque
496 1603 783 1696 optimae
812 1598 975 1671 filiae
1009 1626 1285 1673 moeror
1312 1600 1677 1690 assiduus,
1709 1598 1986 1697 filiique
2023 1600 2228 1697 parvi
2257 1596 2386 1670 de-

234 1705 578 1780 siderium
614 1710 759 1782 mei
793 1710 1268 1809 lacrymaeque
1306 1710 1653 1809 pueriles,
1688 1725 1815 1782 aut
1849 1707 2232 1781 itineribus
2257 1732 2386 1781 ne-

238 1819 561 1889 cessariis
580 1872 600 1907 ,
634 1832 762 1889 aut
795 1844 1127 1919 magnam
1167 1836 1452 1918 partem
1484 1822 1692 1894 tectis
1727 1845 1811 1894 ac
1847 1817 2168 1893 tenebris
2201 1843 2385 1891 eon-

238 1924 682 2000 tinebantur.
2351 1936 2361 1943 '

332 2042 465 2111 IV.
503 2042 744 2131 Quare
790 2041 934 2116 hoc
966 2044 1234 2141 majus¹
1282 2060 1392 2118 est
1425 2060 1746 2119 vestrum
1782 2046 1860 2117 in
1904 2068 2040 2115 nos
2079 2066 2384 2141 prome·

235 2148 459 2221 ritum
481 2205 502 2240 ,
564 2151 762 2250 quod
826 2174 978 2227 non
1040 2155 1492 2227 multitudini
1559 2157 2142 2255 propinquorum
2165 2158 2198 2242 ,”
2245 2150 2390 2225 sed

130 2265 134 2270 '
237 2258 609 2335 nobismet
653 2265 828 2365 ipsis
880 2291 1017 2338 nos
1071 2264 1505 2340 reddidistis.
1568 2265 1708 2340 Sed
1757 2260 2388 2366 quemadmodum

238 2374 639 2470 propinqui
658 2385 713 2461 ²,
750 2399 937 2472 quos
976 2401 1111 2474 ego
1152 2401 1406 2475 parare
1447 2402 1596 2449 non
1639 2378 1879 2477 potui,
1921 2373 2102 2446 mihi
2131 2372 2221 2445 ad
2258 2373 2388 2445 de-

238 2482 674 2578 precandam
719 2485 1191 2558 calamitatem
1231 2511 1466 2560 meam
1511 2512 1664 2560 non
1705 2485 2119 2574 affuerunt3
2155 2487 2259 2557 sic
2295 2483 2385 2554 il-

240 2586 370 2660 lud
388 2587 440 2680 ³,
496 2593 697 2690 quod
750 2618 911 2667 mea
962 2597 1190 2670 virtus
1243 2614 1580 2697 praestare
1627 2597 1922 2686 debuit,
1972 2595 2343 2692 adjutores
2365 2648 2389 2684 ,

317 2801 397 2850 13.
416 2801 703 2870 Infleeteret.
720 2805 833 2854 Hoc
850 2815 923 2854 eet
935 2839 950 2866 ,
966 2819 1183 2858 moveret
1198 2807 1263 2857 ad

242 2878 485 2932 dolorem.

312 2969 397 3018 14.
412 2962 639 3027 Sepulem
657 2962 870 3028 quidem.
894 2968 1003 3015 Hoc
1020 2962 1124 3014 non
1142 2981 1265 3015 eon-

242 3041 416 3103 sentit,
450 3053 509 3091 nt
548 3053 680 3092 reete
716 3043 991 3093 obeetvnvit
1037 3045 1259 3105 Ernesti,

238 3119 393 3169 verbo
436 3133 637 3188 negant
650 3140 670 3180 ,-
712 3122 920 3172 debebat
957 3123 1125 3189 potine
1166 3141 1269 3174 esee

238 3199 330 3248 sed
346 3200 461 3260 vel,
486 3202 589 3250 sive
611 3201 760 3250 etiam
778 3239 793 3264 ,
822 3202 919 3251 nisi
942 3203 1269 3270 subintelligi-

238 3285 323 3326 tm·
338 3277 523 3326 diceret
539 3310 556 3338 ,
578 3295 671 3343 pro
688 3293 905 3346 negaret.

320 3358 401 3406 15.
442 3359 506 3406 In
534 3358 663 3424 foro
696 3373 865 3426 posset
908 3377 1027 3412 esse.
1073 3363 1174 3424 Qui
1214 3363 1269 3412 in

234 3437 360 3486 -soro
384 3454 437 3486 ee
460 3449 625 3502 poeta
650 3439 788 3489 solua
813 3451 878 3490 ex'
900 3444 1021 3490 meis
1051 3443 1269 3506 cognatis

248 3517 529 3581 ostendere,
549 3533 701 3583 quum
726 3521 875 3568 ceteri
894 3535 995 3585 pra
1016 3523 1155 3570 luctu
1178 3521 1270 3569 ho-

243 3599 434 3648 minum
482 3597 810 3651 celebritatem
866 3602 1161 3664 refugerent.
1196 3625 1270 3638 -

242 3681 393 3735 Loco.
404 3677 595 3744 pietate
636 3679 756 3728 olim
804 3680 1053 3745 legebatur
1091 3690 1269 3743 oeeate,

241 3757 381 3823 quod
418 3757 619 3807 verbum
660 3759 929 3810 absurdum
969 3769 1067 3819 eet,
1114 3773 1267 3825 quum

242 3834 413 3902 paucis
472 3846 660 3886 tantum
703 3839 847 3886 annis
897 3838 1043 3886 fratre
1094 3838 1266 3900 junior

242 3913 458 3977 Quintus
486 3926 627 3964 emt.

314 3994 406 4040 IV.
434 4008 485 4042 1.
504 3993 610 4041 Hoc
630 3993 808 4062 majus.
832 3995 907 4046 Eo
926 3995 1079 4060 megin
1096 3993 1167 4045 de
1188 4011 1265 4044 me

1351 2809 1466 2857 estis
1476 2807 1601 2857 bene
1617 2806 1798 2867 meriti,
1819 2805 1958 2872 quod
1971 2821 2048 2854 me
2059 2819 2164 2852 nou
2175 2812 2392 2868 propter

1350 2889 1742 2953 propinquorum
1773 2883 2169 2941 multitudm,
2210 2883 2302 2946 qui
2329 2883 2387 2930 in

1350 2967 1522 3016 umbra
1539 2967 1798 3032 lugebant,
1817 2964 1902 3014 ned
1917 2979 2025 3013 mea
2040 2963 2194 3011 solius
2211 2962 2390 3025 gretia,

1350 3045 1654 3106 restituistin
1681 3043 1821 3110 quod
1845 3059 2007 3092 meum
2038 3041 2251 3089 reditum
2277 3055 2394 3089 non

1354 3127 1746 3192 propinquorum
1784 3120 2224 3189 supplicationibus
2241 3152 2257 3178 ‚
2296 3118 2393 3168 ned

1357 3206 1640 3255 meritorum
1648 3219 1866 3253 meorum
1878 3200 2121 3250 memoria
2129 3198 2396 3248 tribuistis.

1429 3298 1480 3333 a.
1531 3282 1950 3348 Quemadmodum
1987 3278 2269 3346 propinqui.
2315 3279 2392 3327 Ut

1355 3363 1478 3413 mihi
1506 3379 1610 3413 sors
1635 3379 1738 3412 non
1773 3361 2082 3428 propinquo·
2107 3357 2382 3416 concessit,

1355 3444 1444 3509 qui
1478 3459 1569 3509 pro
1604 3459 1684 3492 me
1721 3440 1999 3507 supplicare
2039 3448 2272 3504 possent3
2319 3435 2390 3485 it·

1355 3538 1460 3572 mea
1490 3523 1642 3572 virtue
1665 3533 1716 3571 et
1738 3518 1914 3586 agendi
1945 3519 2070 3567 tatio
2105 3514 2228 3564 mihi
2255 3531 2390 3580 pre-

1357 3603 1505 3662 stitit,
1535 3613 1589 3650 ut
1615 3601 1864 3663 adjutores
1901 3597 2204 3647 nanciscerer
2227 3594 2392 3642 multo

1356 3681 1520 3747 plures
1535 3715 1550 3740 ,
1579 3696 1724 3744 qnam
1748 3675 2004 3744 quisquam
2025 3675 2278 3740 priorum,
2301 3671 2394 3737 qui

1355 3760 1506 3808 simili
1531 3755 1728 3808 forium
1749 3759 1884 3806 fuere
1905 3751 2193 3804 conflictati.

1426 3840 1478 3888 3.
1499 3837 1580 3888 Sic
1603 3836 1744 3887 illud.
1769 3837 1898 3884 Rara
1917 3834 2072 3882 dictio
2100 3831 2231 3879 illua
2242 3830 2397 3894 ‘quod

1352 3933 1446 3983 pro
1473 3917 1528 3965 id
1551 3917 1700 3982 quod.
1725 3918 1949 3967 Ceterum
1980 3911 2122 3961 facile
2153 3919 2360 3974 apparet
2375 3943 2394 3970 ,

1353 3997 1543 4062 opponi
1568 3996 1698 4046 inter
1717 4009 1770 4044 se
1800 3993 1906 4044 hae
1931 3991 2072 4042 duo:
2101 4010 2128 4034 ι
2147 4003 2274 4055 quoe
2295 4002 2396 4052 ego
