2594 4537
298 328 433 377 212
1042 273 1047 280 Ι
1086 297 1644 368 EXCURSUS.

291 447 519 492 omnes
535 424 703 487 hanc
715 417 916 484 Coelio
933 416 1207 506 palmam
1233 415 1606 483 concedunt
1623 442 1642 500 ς
1665 439 1788 509 ego
1805 417 2098 484 dederim
2113 420 2474 486 Maximo.

288 535 389 598 De
420 547 701 616 utroque
728 525 955 589 Cicero
979 545 1114 588 non
1139 523 1375 588 eodem
1399 525 1582 607 loc0,
1613 525 1682 587 in
1708 547 1780 588 ea
1802 547 1925 614 pro
1949 525 2187 609 Coelio,
2207 550 2268 590 c.
2313 525 2472 591 32.
2453 551 2474 565 ·

284 637 394 702 N
396 657 563 736 eque
608 632 781 697 enim
821 645 1068 719 potest,
1108 631 1221 718 qui
1262 630 1598 695 hominem
1635 630 2042 696 consularem
2062 681 2084 714 ,
2121 631 2322 721 quod
2367 633 2474 696 ab

283 767 362 808 eo
408 763 610 828 remp.
660 737 959 801 violatam
998 734 1327 819 diceret,
1309 760 1376 800 ιιι
1418 735 1740 817 judicium
1779 737 2068 820 vocarit,
2106 738 2246 826 ipse
2287 761 2470 802 esse

283 849 351 911 in
390 869 525 934 rep.
565 843 719 908 civis
746 843 1207 906 turbulentus»
1182 865 1246 925 »3
1293 865 1413 906 cur
1445 857 1750 906 vocatum
1778 841 1844 906 in
1866 785 2184 923 judicium
2211 848 2466 909 Anto-

284 953 467 1016 nium
499 974 537 1015 a
568 949 800 1026 Coelio,
832 970 966 1012 non
1004 948 1163 1012 item
1192 944 1573 1012 damnatum
1612 965 2115 1032 commemorat,
2155 949 2360 1037 quod
2389 951 2462 1014 ei

281 1058 487 1122 multo
523 1055 863 1146 gloriosius
900 1052 1175 1118 fuisset?
1211 1055 1287 1118 In
1319 1053 1652 1118 Vatinium
1675 1101 1694 1136 ,
1731 1077 1789 1120 c.
1827 1077 1854 1119 1
1873 1077 1898 1118 1
1927 1077 1942 1119 ε
1979 1085 2005 1110 ι
2027 1055 2220 1120 Dices
2247 1057 2462 1120 fami-

280 1164 622 1230 liaritatem
654 1162 773 1226 tibi
800 1161 997 1227 fuisse
1024 1183 1175 1225 cum
1204 1161 1287 1244 Q.
1317 1161 1602 1225 Maximo
1623 1209 1642 1243 ‚
1674 1162 1975 1250 praeclara
2008 1155 2308 1227 defensio
2341 1165 2460 1228 fa-

282 1271 521 1334 cinoris
542 1269 686 1351 'tui3
726 1290 876 1332 nam
908 1266 1176 1332 Maximi
1208 1264 1474 1355 quidem
1515 1288 1769 1332 summa
1798 1266 1938 1332 laus
1974 1283 2102 1350 est,
2140 1272 2454 1358 sumptis

279 1374 632 1439 inimicitiis
653 1422 672 1456 ‚
731 1389 1026 1460 suscepta
1080 1393 1271 1436 causa
1290 1420 1312 1454 ,
1372 1372 1718 1460 quaesitore
1739 1422 1757 1454 ,
1812 1372 2084 1438 consilio
2133 1371 2412 1439 delecto
2429 1425 2450 1458 ‚

278 1478 793 1544 commodiorem
846 1477 1111 1541 inimico
1159 1498 1281 1541 suo
1329 1477 1820 1567 contentionem
1867 1479 2233 1559 rejectionis
2269 1479 2450 1545 dare

285 1587 570 1650 noluisse
593 1616 639 1648 n.
678 1582 813 1666 Qui
844 1604 1099 1646 causam
1136 1583 1522 1670 susceperit,
1565 1583 2011 1670 quaesitorem,
2043 1585 2447 1650 consilium-

284 1712 412 1779 que
449 1687 755 1776 delegerit
772 1735 791 1770 ,
818 1685 1115 1767 judicum
1143 1686 1562 1767 rejectionem
1601 1685 1738 1751 fieri
1775 1686 2093 1770 noluerit3
2129 1689 2444 1754 videtur-

282 1817 367 1859 ne
389 1793 634 1858 inimici
655 1812 899 1856 nomen
932 1805 1187 1855 tantum
1216 1787 1523 1856 detulisse
1542 1839 1559 1868 ‚
1591 1813 1674 1854 an
1707 1792 1913 1881 ipsam
1937 1794 2129 1858 etiam
2155 1815 2437 1859 accusa-

282 1901 527 1963 tionem
542 1895 901 1986 peregisse?
916 1895 1362 1978 Quamobrem
1377 1897 1412 1961 J
1411 1895 1696 1960 uvenalis
1709 1944 1728 1979 ,
1743 1897 1872 1962 Sat.
1884 1897 2040 1962 VIII
2053 1946 2072 1980 ‚
2101 1900 2224 1964 105
2241 1923 2434 1989 seqq.

532 2091 653 2140 Inde
679 2091 933 2141 Dolabella
958 2101 1057 2151 est,
1082 2101 1227 2156 atque
1256 2091 1376 2140 hinc
1402 2091 1679 2153 Antonius,
1703 2091 1822 2141 inde

528 2183 797 2248 sacrilegus
816 2183 995 2232 Verres
1005 2217 1021 2240 ,
1040 2182 1314 2232 referebat
1337 2181 1546 2230 navibus
1567 2181 1678 2230 altis

524 2271 730 2321 Occulta
754 2270 939 2335 spolia,
956 2280 1006 2321 et
1026 2270 1191 2335 plnres
1216 2268 1277 2318 de
1302 2286 1421 2335 pace
1449 2270 1743 2336 uiumpbos.

283 2438 478 2503 Poeta
520 2433 924 2498 mentionem
972 2431 1243 2496 Antonii
1290 2431 1444 2497 fecit
1464 2480 1483 2513 ,
1541 2454 1676 2497 non
1727 2434 1878 2523 quia
1925 2450 2158 2499 senatu
2197 2452 2422 2501 motus

283 2546 493 2606 fuerat
525 2563 563 2604 a
604 2536 983 2601 censoribus
1020 2553 1287 2626 propter
1327 2538 1661 2626 spoliatam
1696 2537 2000 2604 Achaiam
2025 2588 2044 2622 ‚
2089 2557 2165 2606 ut
2196 2543 2429 2631 opina-

282 2664 393 2712 tur
421 2643 819 2726 Farnabius3
851 2642 966 2707 sed
1000 2642 1152 2731 quia
1193 2644 1704 2731 repetundarum
1749 2645 2090 2713 damnatus
2135 2648 2352 2714 fuerat
2383 2672 2422 2712 a

284 2754 370 2837 Q.
425 2750 711 2815 Maximo
760 2771 942 2838 aeque
962 2796 983 2830 ,
1032 2770 1108 2813 ac
1157 2750 1490 2816 Dolabella
1537 2773 1572 2814 a
1625 2752 1716 2815 M.
1773 2754 2057 2837 Scauro,
2106 2752 2340 2819 Verres
2382 2778 2419 2819 a

283 2858 377 2923 M.
422 2855 659 2923 Tullio.
697 2855 875 2944 Saepe
920 2853 1057 2918 fieri
1112 2854 1401 2937 solebat,
1463 2872 1538 2919 ut
1593 2854 1769 2921 idem
1829 2857 2127 2946 pluribus
2181 2860 2420 2925 eodem

284 2978 581 3049 tempore
615 2957 866 3047 legibus
910 2956 1452 3045 interrogaretur,
1485 2956 1597 3045 qui
1641 2957 1696 3022 si
1727 2958 1794 3021 in
1827 2958 2079 3047 primo,
2119 2960 2302 3050 quod
2335 2961 2421 3026 de

282 3090 363 3131 eo
421 3064 867 3146 exercebatur,
919 3060 1166 3143 judicio
1225 3062 1642 3129 damnaretur
1696 3087 1976 3153 proesens
1999 3112 2018 3146 ,
2073 3064 2242 3131 dicta
2281 3068 2418 3148 jam

282 3177 471 3237 causa
491 3219 509 3254 ,
536 3171 604 3234 in
632 3168 897 3257 reliquis
928 3166 1159 3230 absens
1184 3164 1630 3233 damnabatur.
1658 3169 2013 3235 Gabinium
2041 3171 2416 3237 absolutum

282 3278 365 3342 de
395 3274 721 3354 majestate
736 3321 753 3355 ,
782 3273 1111 3337 damnavit
1130 3272 1480 3337 Memmius
1505 3272 1586 3337 de
1607 3274 2019 3363 repetundis3
2054 3276 2214 3342 Milo
2236 3278 2416 3369 apud

285 3381 639 3451 Asconium
675 3401 953 3468 praesens
1000 3379 1341 3444 damnatus
1386 3378 1468 3444 de
1498 3381 1559 3443 vi
1598 3380 1738 3471 lege
1774 3383 2080 3473 Pompeia
2100 3433 2118 3467 ,
2150 3402 2418 3473 postero

282 3491 389 3556 die
422 3487 761 3553 damnatus
793 3500 891 3549 est
925 3486 1117 3551 etiam
1148 3484 1231 3549 de
1262 3486 1514 3550 ambitu
1535 3534 1554 3568 ‚
1587 3502 1654 3551 et
1687 3507 1835 3577 post
1878 3512 2121 3577 paucos
2157 3488 2296 3557 dies
2333 3492 2414 3557 de

282 3592 588 3661 sodalitiis
609 3639 628 3668 ,
659 3583 1026 3679 iterumque
1048 3592 1188 3680 lege
1211 3589 1462 3655 Plautia
1491 3590 1572 3656 de
1597 3593 1660 3656 vi
1677 3642 1696 3677 ,
1725 3616 1930 3682 quum
1959 3596 2191 3661 absens
2225 3614 2410 3663 esset.

280 3703 350 3766 C.
400 3697 689 3765 Antonio
730 3694 901 3759 idem
954 3686 1265 3785 contigit,
1313 3712 1390 3761 ut
1419 3698 1628 3763 victus
1672 3722 1710 3763 a
1749 3698 2036 3789 Maximo
2069 3702 2412 3783 injudicio

280 3803 785 3896 repetundarum
806 3852 825 3886 ‚
874 3821 941 3869 et
982 3826 1056 3868 ea
1100 3805 1239 3893 lege
1285 3803 1626 3872 damnatus
1643 3854 1662 3889 ,
1705 3804 1934 3873 absens
1979 3808 2218 3874 deinde
2251 3834 2410 3877 con-

274 3913 691 3980 demnaretur
714 3908 1069 3975 aM.Coelio
1100 3909 1185 3973 de
1218 3908 1578 3993 majestate3
1613 3934 1748 3977 non
1781 3930 1996 3978 tamen
2021 3916 2088 3978 in
2115 3916 2408 3981 exsilium

272 4020 367 4086 ire
398 4032 696 4099 coactus,
730 4014 910 4104 quod
939 4012 1235 4078 absentes
1267 4012 1553 4079 damnati
1596 4039 1730 4081 non
1763 4018 2107 4109 camdem,
2149 4044 2226 4086 ac
2263 4022 2408 4087 reli-
