2594 4537
364 341 500 424 140
994 339 1090 406 M.
1142 339 1219 404 T.
1274 335 1839 406 CICERONIS

350 458 601 546 nobie,
638 457 765 530 sed
798 481 891 529 ne
922 460 1114 529 inter
1149 481 1318 529 suos
1355 455 1650 556 quidem
1687 468 1948 544 notuS,
1993 479 2126 528 vos
2159 453 2512 546 docebit,

348 568 585 668 qualis
626 570 717 640 sit
758 571 840 638 L.
879 566 1211 640 Flaccus?
1244 591 1465 666 quem
1499 590 1631 638 vos
1669 564 2298 638 modestissimum
2333 569 2511 640 ado·

343 679 764 765 lescentem,
801 677 1189 776 provinciae
1226 678 1548 748 maximae
1567 684 1633 718 ²²
1665 676 2202 747 sanctissimum
2229 679 2507 762 virum,

344 789 579 859 nostri
614 790 970 860 exercitus
996 783 1466 858 fortissimum
1493 785 1792 858 militem
1811 839 1831 872 ,
1856 782 2506 882 diligentissimum

340 894 602 969 ducem
623 950 643 985 ,
705 897 1385 995 temperatissimum
1439 889 1839 994 legatum²³
1897 909 2506 993 quaestoremque

342 1007 894 1103 coguoverunt}>
937 1029 1159 1105 quem
1208 1029 1340 1076 vos
1388 1017 1776 1104 praesentes
1821 1005 2506 1075 constantissimum

346 1129 753 1189 senatorem
775 1169 795 1203 ‚
832 1116 1310 1212 justissimum
1355 1128 1769 1212 praetorem,
1818 1126 2040 1210 atque
2087 1116 2506 1186 amantissi-

342 1241 547 1295 mum
581 1223 995 1322 reipublicae
1022 1229 1249 1297 civem
1276 1222 1698 1321 judicastis?
1725 1225 1835 1294 De
1867 1221 2143 1320 quihus
2171 1249 2310 1296 vos
2345 1224 2506 1296 aliis

345 1347 561 1406 testes
598 1359 753 1407 esse
787 1332 1109 1423 debetis,
1146 1333 1292 1406 de
1273 1336 1360 1406 iis
1397 1334 1534 1432 ipsi
1573 1334 1750 1407 alios
1786 1347 2004 1406 testes
2021 1337 2088 1386 ²⁴
2131 1333 2492 1408 audietis.
2477 1337 2506 1388 ἶ)

440 1449 564 1518 IV.
612 1429 719 1516 At
760 1468 950 1542 quos
999 1445 1267 1516 testes?
1314 1449 1630 1544 primum
1681 1443 1914 1515 dicam
1951 1443 2080 1542 (id
2125 1444 2344 1542 quod
2395 1462 2506 1518 est

344 1553 775 1650 commune)
804 1559 1132 1627 Graecos.
1174 1578 1327 1627 non
1355 1579 1508 1652 quo
1539 1555 1820 1625 nationi
1856 1553 2082 1624 huic¹
2125 1578 2265 1652 ego
2300 1579 2506 1627 unus

341 1665 653 1736 maxime
706 1663 928 1736 fidem
980 1664 1365 1763 derogem;
1408 1688 1573 1734 nam
1601 1718 1620 1752 ,
1669 1666 1724 1736 si
1780 1665 1945 1761 quis
1989 1688 2360 1761 umquam
2411 1665 2505 1737 de

288 1855 299 1866 ‚
340 1777 609 1847 nostris
650 1773 1071 1846 hominibus
1106 1800 1147 1846 a
1182 1798 1447 1873 genere
1479 1775 1658 1862 isto,
1701 1771 1945 1845 studio
1989 1796 2074 1844 ac
2107 1773 2504 1846 voluntate

342 1909 496 1956 non
558 1882 957 1958 abhorrens
1018 1882 1157 1956 fuit
1182 1938 1203 1972 ,
1260 1909 1378 1956 me
1437 1897 1510 1954 et
1563 1907 1716 1956 esse
1763 1881 2100 1970 arbitror,
2143 1896 2218 1953 et
2258 1886 2503 1982 magis

341 1995 557 2066 etiam
594 2008 792 2083 tum,
837 2019 1065 2093 quum
1104 1995 1266 2093 plus
1309 2007 1462 2066 erat
1497 1994 1668 2083 otii,
1709 1992 1974 2066 fuisse:
2019 1992 2151 2065 sed
2201 1998 2500 2066 suntin

340 2104 471 2178 illo
508 2131 813 2178 numero
844 2106 1056 2177 multi
1086 2101 1265 2176 honi
1288 2159 1308 2193 ,
1350 2103 1586 2189 docti,
1621 2103 2020 2202 pudentes,
2056 2105 2187 2201 qui
2219 2103 2322 2176 ad
2353 2105 2500 2177 hoc

335 2215 687 2313 judicium
747 2215 1041 2290 deducti
1096 2240 1248 2288 non
1299 2229 1512 2303 sunt3
1553 2216 1765 2287 multi
1799 2213 2311 2315 impudenteS,
2350 2215 2496 2288 illi—

334 2330 582 2417 temti,
616 2330 843 2417 leveS‚
876 2352 1063 2427 quos
1100 2330 1312 2399 variis
1355 2325 1448 2398 de
1484 2330 1760 2400 causis²
1801 2326 2012 2398 video
2047 2330 2491 2400 concitatos.

335 2441 852 2509 Verumtamen
918 2436 1061 2509 hoc
1118 2436 1283 2510 dico
1339 2436 1430 2509 de
1481 2450 1638 2509 toto
1687 2461 1955 2534 genere
1995 2442 2488 2511 Graecorum:

1442 2648 1577 2696 etore
1595 2595 1922 2702 Quintiliano:
1929 2639 2020 2691 lib.
2039 2642 2114 2692 lv
2133 2653 2148 2689 ε
2170 2641 2494 2693 «Vin-ndum

1442 2727 1514 2771 eet
1545 2733 1608 2765 ne
1637 2718 1690 2764 in
1722 2716 1947 2765 ordinem
1976 2734 2278 2783 quemqnam
2309 2734 2493 2771 contn-

336 2648 417 2685 ιω
458 2635 677 2685 ιιοοοίιίι.
731 2636 900 2687 Paullo
949 2637 1075 2687 infra
1118 2638 1173 2692 in
1217 2639 1352 2703 vulg.

336 2714 517 2779 legitur
553 2735 576 2759 ι
596 2716 849 2763 Timolitee
878 2734 923 2765 n.
952 2717 1141 2765 Deinde
1168 2717 1359 2764 Lambi-

336 2809 461 2851 nus,
497 2804 613 2857 poet
636 2794 945 2855 Turnebnm‚
992 2796 1271 2845 «Nicoenne
1295 2818 1354 2855 a,
1443 2795 1628 2845 meliosi
1643 2812 1745 2844 esse
1759 2795 2010 2845 videamur
2019 2820 2063 2847 a.
2079 2798 2176 2846 Sed
2187 2800 2494 2865 aliquando,

336 2888 612 2939 perperam.
651 2873 773 2925 vid.
811 2874 875 2922 ad
918 2890 1025 2939 cap.
1063 2876 1129 2934 3,
1162 2886 1268 2925 not.
1307 2885 1352 2933 4.

330 2978 402 2990 -
420 2952 644 3001 helices
664 2952 749 3000 ille
766 2952 1356 3019 vioenns.v1mnun,qui

332 3047 395 3079 ex
414 3031 553 3091 vico,
584 3044 670 3081 ant
690 3032 788 3080 vici
812 3032 998 3091 incole,
1024 3044 1079 3082 nt
1097 3033 1184 3097 qui
1203 3044 1277 3081 est
1292 3048 1354 3081 ex

330 3110 453 3159 urbe
470 3110 711 3172 urb-nne,
731 3128 794 3159 ex
812 3128 940 3176 pugo
958 3128 1190 3177 paganus.
1210 3112 1354 3160 Vien-

328 3204 423 3237 nne
445 3190 679 3238 Tmoliten
702 3190 783 3239 hic
810 3190 1007 3249 dicitur,
1038 3190 1175 3255 qnod
1197 3192 1351 3239 Tmo·

328 3267 433 3315 lum
468 3268 713 3317 civitatem
754 3269 1073 3333 contemptim
1111 3284 1203 3333 pro
1237 3269 1350 3317 vico

328 3345 505 3395 lubeat
518 3380 533 3405 ,
568 3358 625 3395 nt
650 3346 799 3395 fide-
822 3347 1047 3396 Tmolitie
1084 3346 1352 3397 testimonii

328 3424 505 3475 elevet.

399 3521 487 3555 υ.
516 3504 786 3553 Provincia·
802 3503 1276 3565 mittier-'Ciliciae,
1296 3506 1350 3553 in

330 3599 425 3649 qua
450 3583 677 3632 tribunus
703 3583 934 3632 militum.

399 3663 487 3711 23.
528 3661 992 3726 Temperatn‘sst‘mum
1024 3661 1253 3727 legatum.
1286 3664 1349 3711 In

326 3740 487 3789 cteta.
510 3766 579 3777 —
601 3744 914 3807 Quaeseorem.
940 3742 999 3789 In
1024 3741 1274 3804 Hispania.

398 3827 483 3873 24.
508 3819 647 3867 Alios
666 3832 803 3869 testes
824 3819 1074 3868 audietir?
1101 3820 1231 3867 Num
1252 3820 1350 3885 ipsi

324 3898 531 3947 audietis
557 3899 677 3947 alios
705 3910 849 3949 testes
876 3901 937 3949 de
964 3900 1053 3960 iis,
1082 3899 1143 3947 de
1168 3900 1348 3964 quibus

324 3993 413 4024 voe
436 3978 620 4025 debetis
640 3995 741 4028 eene
760 3990 906 4028 testeo
927 3978 1035 4027 aliis
1048 3980 1071 4025 Ρ

394 4057 483 4105 IV.
518 4072 561 4105 ι.
595 4056 712 4105 Non
741 4073 837 4122 quo
863 4057 1056 4106 audoni
1077 4054 1204 4107 huic.
1239 4058 1346 4107 An·

1442 2885 1497 2922 ut
1521 2874 1650 2926 idem
1674 2874 1797 2923 dicit
1823 2873 1913 2924 lib.
1943 2876 2021 2923 XI
2040 2911 2056 2935 ,
2079 2893 2188 2943 cap.
2219 2893 2275 2928 x:
2301 2902 2330 2922 ι
2347 2882 2492 2929 Fide·

1441 2954 1700 3018 patrocinii
1730 2954 1866 3018 cogit
1892 2954 2122 3018 quadam
2150 2956 2214 3005 de
2241 2960 2486 3009 universo

1441 3046 1613 3095 genere
1655 3031 1933 3095 aliquorum
1973 3032 2236 3083 hominnm
2281 3038 2486 3102 dicere,

1439 3122 1498 3159 ut
1516 3109 1882 3171 libertinorum,
1911 3111 1990 3158 vel
2013 3112 2256 3173 militnm,
2281 3118 2368 3165 vel
2391 3135 2487 3182 pn-

1437 3188 1743 3238 blieanornm
1757 3226 1773 3251 ,
1803 3189 1879 3237 vel
1905 3190 2134 3240 similiter
2159 3193 2406 3257 eliorum,
2431 3200 2484 3246 in

1437 3266 1616 3331 qnibne
1653 3268 1882 3316 omnibns
1911 3284 2174 3319 commune
2203 3276 2486 3325 remedium

1437 3356 1508 3395 eut
1522 3382 1538 3407 ‚
1565 3358 1623 3395 nt
1639 3362 1694 3394 et
1711 3381 1726 3406 ,
1744 3364 1854 3411 qnae
1873 3348 2062 3398 laednnt
2075 3386 2091 3409 ,
2125 3366 2232 3401 non
2264 3352 2485 3405 libenter

1439 3435 1642 3475 metare
1659 3426 1892 3476 videaris.
1915 3460 1928 3474 .
1949 3464 1963 3477 .
1993 3430 2147 3493 Quod
2164 3432 2230 3479 ad
2249 3436 2483 3484 nationes

1440 3514 1627 3553 exterae
1658 3506 1900 3569 pertinet,
1929 3509 2107 3557 Cicero
2145 3512 2281 3561 varie
2316 3514 2480 3563 detra-

1438 3594 1605 3632 etum
1631 3586 1800 3647 gracie
1826 3586 2035 3635 tentibus
2057 3586 2212 3637 fidem
2229 3625 2248 3650 ,
2286 3592 2483 3643 doctri·

1439 3678 1550 3710 nem
1574 3663 1654 3711 his
1695 3664 1924 3713 coneedit
1940 3700 1959 3725 ‚
1996 3682 2054 3714 ee
2095 3668 2294 3733 liter-⁸3
2327 3688 2481 3737 neque

1433 3742 1538 3803 eina
1557 3743 1713 3806 gentis
1735 3754 2001 3793 amatorem
2021 3762 2128 3794 enee
2149 3748 2425 3812 profitetur
2439 3774 2480 3798 -.

1505 3836 1556 3869 a.
1591 3821 1752 3869 Variis
1789 3822 1852 3870 de
1881 3824 2058 3872 causis.
2096 3826 2238 3889 Quae
2278 3829 2386 3894 ipse
2423 3830 2478 3877 in

1433 3916 1566 3949 novo
1583 3901 1852 3965 fragmento
1861 3906 2180 3953 enumeravit.
2191 3908 2314 3970 Qno
2325 3912 2476 3957 etiam

1433 3980 1712 4044 prael-rins
1743 3982 1998 4046 fragmenti
2029 3986 2136 4046 ejus
2165 3984 2315 4037 locus
2345 3988 2478 4037 desi·

1431 4069 1623 4122 guttur.
