2594 4537
857 272 1606 342 ARGUMENTUM.
2158 274 2299 372 509

239 393 388 456 mitii
417 406 476 451 et
495 389 678 471 Appii
697 389 934 451 Pulchri
959 393 1321 452 consulatum
1353 390 1737 452 referentibus
1761 435 1777 461 ,
1808 391 2065 454 breviter
2092 417 2291 456 causas

241 489 545 567 expediam
559 533 578 561 ‚
605 487 818 566 quibus
839 489 1122 548 adductus
1144 508 1272 548 eam
1297 509 1429 548 ann.
1452 493 1525 549 U.
1552 491 1688 568 698,
1711 489 1968 550 habitam
1998 513 2121 552 esse
2144 495 2288 553 mihi

239 587 643 667 persuaserim.
668 587 924 646 Primum
944 600 1204 646 extremo
1226 587 1414 666 capite
1436 587 1709 663 quaesitor
1729 589 2061 647 nominatur
2075 592 2141 649 C.
2158 592 2285 650 Fla-

239 686 400 757 vius3
425 682 678 761 ideoque
699 681 820 759 jam
841 683 1079 761 Pighius
1099 683 1173 742 ad
1197 684 1256 742 h.
1281 703 1333 741 a.
1360 683 1603 756 monuit,
1620 703 1799 762 quum
1817 685 1995 764 vulgo
2023 705 2150 765 cap.
2185 708 2280 763 17,

239 802 353 861 pro
403 801 476 840 eo
517 782 739 859 legatur
765 780 831 837 C.
876 782 1088 853 Alfius,
1136 781 1197 839 id
1234 800 1447 838 nomen
1482 796 1821 859 corruptum
1854 802 1996 841 esse.
2036 789 2186 844 Nam
2221 790 2286 845 C.

241 879 458 938 Alfium
480 890 704 936 certum
731 889 820 936 est
850 897 981 936 ann.
1010 878 1128 954 699
1159 890 1469 956 praetorem
1494 879 1687 950 fuisse,
1715 879 1883 956 eique
1913 881 2289 961 quaestionem

241 975 319 1035 de
347 973 643 1052 majestate
666 973 982 1053 obtigisse3
1009 974 1082 1033 cs.
1113 995 1205 1053 ep.
1230 973 1304 1033 ad
1327 979 1400 1048 Q.
1423 974 1691 1048 fratrem,
1715 978 1832 1047 111,
1870 998 1893 1033 1
1922 990 1981 1036 et
2004 980 2063 1036 3.
2088 982 2292 1057 Itaque

239 1093 423 1154 quum
458 1087 646 1132 essent
671 1092 705 1131 a
729 1077 936 1132 Crasso
970 1073 1204 1131 consule
1225 1073 1405 1150 ipsius
1424 1073 1567 1151 legis
1593 1069 1829 1132 Liciniae
1850 1074 2036 1134 latore
2057 1077 2290 1136 comitia

239 1170 476 1241 habita,
525 1170 777 1248 primum
817 1168 908 1228 his
951 1169 1132 1228 aedilis
1171 1167 1499 1248 designatus
1541 1183 1628 1228 est
1664 1169 1963 1243 Plancius3
2006 1184 2064 1230 et
2110 1193 2290 1251 quum

238 1267 441 1347 paullo
459 1280 594 1345 post
621 1265 854 1324 aedilitia
879 1266 1110 1325 comitia
1137 1264 1511 1338 haberentur,
1540 1268 1752 1348 iterum
1781 1267 2057 1346 suffragia
2085 1270 2293 1349 populi

240 1363 392 1422 tulit.
437 1363 766 1422 Praeteritus
791 1362 969 1439 igitur
987 1368 1020 1422 J
1026 1361 1290 1420 uventius
1312 1362 1637 1422 Laterensis
1658 1364 1851 1422 statim
1882 1377 2017 1442 post
2036 1366 2290 1424 secunda

240 1461 345 1520 ina
376 1461 605 1520 comitia
628 1460 928 1519 Plancium
955 1458 1179 1518 aedilem
1201 1461 1563 1539 designatum
1590 1462 1811 1538 exlege
1848 1461 2069 1520 Licinia
2095 1461 2169 1520 de
2196 1483 2292 1521 so-

241 1557 458 1616 dalitiis
491 1555 816 1628 accusavit,
863 1568 921 1613 et
955 1555 1193 1633 quidem
1230 1570 1362 1614 ante
1398 1556 1568 1615 ludos
1596 1561 1889 1616 Romanos
1930 1556 2137 1616 eodem
2167 1559 2288 1616 fere

242 1653 384 1712 anni
407 1665 687 1732 tempore,
706 1671 827 1729 quo
851 1671 984 1710 ann.
1008 1652 1124 1730 690
1142 1657 1389 1711 Murena
1406 1653 1607 1711 consul
1633 1651 1958 1732 designatus
1980 1652 2054 1711 de
2072 1653 2292 1713 ambitu

242 1751 436 1809 fuerat
461 1761 776 1808 accusatus.
817 1751 947 1806 Hoc
973 1747 1126 1806 enim
1156 1769 1188 1805 e
1212 1768 1339 1826 cap.
1370 1750 1445 1816 34
1469 1749 1747 1822 efficitur,
1788 1747 1892 1807 ubi
1917 1750 2119 1808 Cicero
2154 1750 2293 1809 dicit

240 1851 612 1906 Laterensem
635 1842 875 1914 dixisse,
899 1863 960 1902 se
983 1843 1137 1901 nolle
1164 1843 1225 1900 in
1248 1843 1415 1902 ludos
1436 1843 1588 1902 hanc
1615 1863 1843 1902 causam
1870 1846 2184 1922 conjicere,
2216 1868 2289 1905 ne

243 1944 451 2004 Cicero
484 1955 682 2022 posset
707 1939 924 2019 aliquid
954 1940 1026 1998 de
1049 1941 1266 1999 thensis
1297 1941 1709 2000 misericordiae
1742 1961 1914 2000 causa
1943 1941 2152 2002 dicere.
2183 1948 2294 2002 Ita-

165 2026 176 2036 ·
243 2061 360 2119 que
385 2038 682 2100 absolutus
702 2036 967 2097 Plancius
993 2036 1323 2096 aedilitatem
1344 2057 1476 2095 cum
1499 2038 1684 2096 Plotio
1710 2038 1883 2115 gessit
1904 2057 2037 2096 ann.
2057 2045 2128 2098 U.
2156 2041 2289 2117 699.

239 2137 571 2198 Laterensis
597 2147 788 2194 autem
825 2146 1042 2212 praetor
1069 2132 1180 2190 fuit
1209 2150 1260 2190 a.
1302 2153 1413 2204 702
1432 2176 1449 2205 ,
1489 2146 1683 2190 utrum
1728 2133 1999 2191 aedilitate
2041 2147 2287 2212 praeter-

243 2235 449 2307 missa,
497 2253 569 2292 an
614 2231 774 2311 quod
816 2252 944 2291 eam
983 2231 1194 2289 iterum
1236 2230 1469 2308 petierit
1503 2243 1562 2290 et
1596 2249 1647 2290 a.
1692 2249 1805 2303 700
1832 2231 2111 2309 gesserit,
2157 2250 2287 2310 quae

242 2332 435 2409 Pighii
460 2332 532 2390 ad
555 2331 616 2389 h.
641 2352 692 2389 a.
716 2330 928 2408 opinio·
943 2342 1030 2387 est
1046 2372 1062 2397 ,
1089 2329 1232 2387 mihi
1258 2349 1379 2388 non
1400 2329 1599 2407 liquet.

327 2429 667 2488 Orationem
690 2448 834 2486 vero
858 2447 968 2505 pro
986 2426 1220 2485 Plancio
1244 2426 1449 2485 Cicero
1471 2446 1601 2484 ann.
1628 2430 1695 2483 U.
1722 2426 1839 2503 699
1862 2426 2107 2484 multum
2130 2426 2295 2485 effla-

241 2526 484 2625 gitatam
521 2522 834 2582 absolvisse
865 2542 926 2579 se
955 2520 1156 2579 scribit
1178 2541 1272 2599 ep.
1308 2520 1384 2580 ad
1420 2525 1737 2595 Q.F.111‚
1766 2542 1827 2590 1,
1861 2522 2075 2599 scripta
2101 2542 2293 2580 mense

241 2635 392 2701 sept.
423 2642 556 2679 ann.
581 2624 656 2680 U.
681 2621 816 2697 699.
841 2623 972 2678 Hoc
1004 2638 1145 2676 vero
1182 2637 1252 2675 eo
1275 2618 1566 2695 pertinet,
1594 2617 1754 2695 quod
1782 2619 2103 2677 orationem
2134 2618 2291 2677 illam

243 2736 404 2777 anno
427 2718 726 2795 superiore
755 2712 1011 2773 habitam
1039 2714 1369 2793 diligentius
1391 2714 1799 2788 elaboraverit,
1820 2728 1881 2773 et
1903 2714 2287 2793 conscriptam

236 2814 485 2875 editioni
519 2814 827 2892 paraverit.
