2594 4537
556 294 1285 367 COMMENTARIUS
1333 298 1650 367 SCHOL.
1703 298 2096 387 AMBROS.
2248 298 2332 369 61
2350 300 2392 373 3

324 420 725 495 lacrymosas
750 416 1025 476 excubias
1043 418 1315 497 deplorat
1341 417 1426 499 (1)
1458 459 2389 480 ........................

217 514 508 573 affectus
538 515 717 574 animi
735 516 827 573 sui
848 534 981 574 cum
1006 515 1167 574 varia
1192 516 1564 575 miseratione
1581 516 1932 594 provolvens
1947 516 2032 598 (a)
2047 560 2064 589 ,
2085 531 2150 577 ut
2173 531 2397 579 tantum

218 611 467 673 auxilii
489 632 621 671 reus
644 610 892 682 habeat,
922 626 1201 691 quantum
1222 635 1331 675 suo
1361 612 1552 673 dolori
1575 628 1858 695 patronus
1883 614 2173 694 adjecerit.

366 788 433 833 2.
468 760 787 835 Salutem
815 761 953 834 tibi
987 762 1181 835 idem
1210 772 1295 852 (3)
1321 762 1492 837 dare
1529 778 1837 863 possunt
1867 768 1998 862 qui
2026 764 2203 837 mihi
2227 766 2394 840 red-

226 869 633 945 diderunt.

336 1033 605 1096 Eximius
646 1035 813 1095 locus
827 1035 916 1116 (l.)
953 1034 1027 1095 ad
1063 1034 1491 1115 permovendos
1521 1034 1772 1115 judices.
1807 1038 2224 1097 Procliviorem
2263 1038 2400 1097 facit

229 1132 616 1211 impetrandi
646 1132 979 1193 facilitatem
997 1176 1016 1206 ‚
1063 1132 1422 1193 constituens
1446 1133 1508 1193 in
1536 1152 1742 1193 eorum
1781 1132 2175 1195 misericordia
2200 1136 2400 1194 firma-

230 1241 525 1289 mentum
549 1229 746 1290 salntis
772 1233 877 1290 Cn.
901 1229 1120 1290 Plancii
1136 1272 1154 1303 ,
1188 1250 1299 1310 per
1315 1250 1464 1309 quos
1477 1230 1600 1311 ipse
1624 1230 1698 1291 sit
1719 1230 1970 1291 reditum
1997 1244 2386 1310 consequutus

232 1333 351 1387 Ita
380 1326 674 1405 eleganter
693 1338 753 1387 et
768 1346 880 1407 pro
902 1345 963 1387 se
991 1327 1207 1406 gratias
1226 1328 1346 1407 agit
1362 1371 1380 1402 ,
1404 1338 1465 1387 et
1484 1328 1622 1387 huic
1641 1346 1811 1408 pares
1835 1327 2208 1387 humanitatis
2229 1348 2399 1387 even·

237 1438 357 1483 tus
384 1422 751 1504 deprecatur.

363 1572 429 1645 3.
484 1574 777 1646 Mecum
832 1596 963 1643 vos
1021 1572 1235 1645 simul
1292 1572 1412 1645 hic
1469 1574 1912 1647 miserrimus
1962 1586 2036 1645 et
2075 1574 2398 1671 optimus

240 1680 669 1757 obtestatur
720 1707 983 1783 parens
1006 1738 1027 1771 ‚
1075 1698 1149 1755 et
1200 1708 1340 1783 pro
1384 1708 1538 1756 uno
1587 1683 1739 1757 filio
1794 1682 1943 1756 duo
1985 1696 2224 1783 patres
2269 1682 2398 1757 de-

240 1816 676 1893 precamur.

340 1953 526 2014 Valde
550 1951 836 2033 copulatis
862 1954 1153 2033 utrimque
1180 1954 1446 2034 personis
1477 1967 1538 2014 et
1562 1954 1624 2013 in
1651 1967 1821 2035 patre
1841 1956 1964 2015 sine
1994 1954 2179 2014 dubio
2206 1955 2398 2034 pluri-

244 2070 421 2112 mum
440 2052 740 2111 constituit
757 2050 1139 2112 miserationis
1156 2094 1174 2122 ‚
1202 2066 1261 2112 et
1286 2051 1400 2111 sibi
1425 2051 1687 2112 eamdem
1706 2053 1826 2113 vim
1843 2051 2244 2112 sollicitudinis
2263 2052 2397 2109 vin-

246 2147 473 2224 dicavit
496 2170 511 2206 :
534 2149 701 2226 quasi
727 2161 972 2227 uterque
999 2150 1103 2207 Cn.
1143 2146 1382 2208 Plancio
1421 2160 1589 2227 pater
1620 2147 1726 2221 sit,
1769 2148 1918 2208 alter
1961 2160 2168 2207 natura
2189 2189 2207 2216 ‚
2249 2147 2394 2207 alter

250 2246 455 2309 officio
480 2247 785 2326 gratiosus.

329 2509 406 2577 (1)
437 2503 578 2561 Cod-
607 2517 866 2578 corrupte
892 2509 1123 2561 herim...
1158 2510 1228 2558 sis
1263 2520 1395 2576 teg...
1419 2508 1684 2560 ambiam...
1721 2519 1852 2558 orae.

330 2593 412 2661 (2)
445 2587 582 2643 cod.
614 2593 871 2658 proluens.

328 2674 408 2742 (3)
443 2677 585 2726 Idem
617 2691 715 2745 pro
752 2676 913 2726 ι’ἰᾰοιη.

328 2756 412 2828 (4)
448 2755 585 2810 cod.
619 2759 762 2810 nimis
793 2758 884 2808 hos
917 2760 992 2810 ad
1014 2759 1366 2825 permovendos
1391 2757 1606 2825 iudices.

1020 2988 1351 3087 Explicit
1374 2995 1629 3060 oratio.
