2594 4537
495 274 878 366 ORATJO
928 274 1133 341 PRO
1181 272 1340 343 CN.
1394 270 1890 342 PLANCIO.
2120 272 2256 371 557

99 426 284 501 pro-
303 410 586 471 textore
607 392 672 439 ¹⁵
711 396 1055 483 emimus,
1092 391 1282 465 ferre
1320 393 1619 467 moleste
1658 393 2007 484 solem11S,
2042 378 2103 466 si
2144 422 2265 470 eas

99 526 340 598 arteS,
396 529 579 605 quas
627 507 702 575 in
763 503 1075 577 emendo
1125 506 1415 600 sequuti
1460 526 1711 575 sumus
1740 557 1759 592 ,
1808 500 1995 575 forte
2037 510 2270 578 nesci-—

99 622 358 708 verit,
382 618 494 690 sin
535 628 780 686 autem
821 616 1166 702 emimuS,
1215 637 1439 711 quem
1488 614 1809 685 villicum
1850 616 2273 712 imponere-·

103 755 286 802 mus
305 782 325 818 ,
374 750 596 826 quem
653 726 902 824 pecori
959 722 1488 825 praeficeremus
1514 777 1533 812 ,
1590 722 1773 795 nihil
1820 726 1894 795 in
1948 750 2039 797 eo
2059 777 2079 812 ‚
2126 728 2267 799 nisi

105 836 634 937 frugalitatem,
663 834 1024 923 laborem,
1059 834 1501 933 vigilantiam
1520 888 1539 918 ‚
1570 857 1723 905 esse
1757 858 2134 907 curamus:
2166 840 2267 909 sic

104 948 445 1049 populus
500 970 852 1019 romanus
908 945 1156 1043 deligit
1213 944 1669 1041 magistratus
1691 998 1711 1033 ,
1769 950 1973 1041 quasi
2022 947 2267 1045 reipu-

103 1060 332 1131 blicae
379 1057 658 1129 villicos
679 1053 787 1144 ¹⁶3
831 1058 906 1126 in
957 1055 1228 1153 quibus
1281 1059 1339 1127 si
1384 1079 1530 1153 qua
1569 1068 1913 1152 praeterea
1961 1072 2071 1128 est
2102 1082 2229 1129 ars
2248 1113 2267 1146 ‚

109 1168 334 1241 facile
365 1171 676 1265 patitur;
710 1167 824 1237 sin
857 1168 1098 1236 minus
1118 1219 1139 1253 ,
1174 1166 1439 1236 virtute
1470 1189 1727 1235 eorum
1753 1179 1827 1236 et
1854 1166 2271 1253 innocentia

111 1293 516 1352 contentus
557 1291 686 1349 est.
726 1278 1014 1367 Quotus
1044 1277 1231 1349 enim
1267 1280 1581 1373 quisque
1611 1274 1965 1348 disertus?
1999 1292 2272 1375 quotus

111 1388 440 1487 quisque
488 1385 670 1483 juris
722 1388 997 1484 peritus
1050 1399 1157 1456 est
1178 1439 1197 1474 ,
1245 1400 1331 1457 ut
1374 1410 1500 1461 eos
1542 1408 1882 1458 numeres
1902 1440 1920 1475 ,
1966 1388 2097 1484 qui
2138 1412 2268 1458 vo-

111 1498 288 1571 lunt
327 1498 538 1569 esse?
593 1495 795 1593 quod
851 1497 912 1565 si
966 1509 1311 1592 praeterea
1364 1495 1647 1566 honore
1704 1492 1967 1592 dignus
2010 1512 2231 1567 nemo
2252 1550 2272 1584 ,

113 1606 480 1706 quidnam
536 1619 648 1677 tot
701 1606 997 1702 optimis
1043 1618 1116 1675 et
1165 1606 1639 1676 ornatissimis
1684 1603 1961 1678 civibus
2010 1620 2120 1677 est
2156 1605 2273 1678 fu-

115 1716 430 1791 turum?

223 1830 487 1899 XXVI.
543 1824 766 1897 Jubes
815 1824 1182 1896 Plancium
1223 1823 1315 1896 de
1354 1826 1545 1895 vitiis
1574 1828 1975 1898 Laterensis
2012 1826 2273 1900 dicere.

117 1937 324 2015 Nihil
361 1948 644 2033 potest,
681 1936 821 2004 nisi
853 1957 1022 2005 eum
1053 1935 1268 2005 nimis
1300 1936 1375 2005 in
1410 1958 1487 2006 se
1520 1936 1953 2009 iracundum
1984 1938 2277 2036 putabis

121 2047 350 2119 fuisse
371 2056 423 2113 ¹.
461 2044 668 2116 Idem
711 2040 926 2115 effers
967 2046 1427 2115 Laterensem
1467 2044 1826 2116 laudibus.
1873 2046 2103 2119 Facile
2148 2074 2276 2145 pa-

121 2162 300 2245 tior,
339 2154 416 2227 id
447 2169 520 2226 te
557 2176 770 2251 agere
803 2152 1053 2223 multis
1080 2151 1357 2240 verbiS,
1388 2152 1589 2249 quod
1618 2153 1710 2226 ad
1738 2154 2089 2249 judicium
2124 2182 2277 2229 non

125 2267 493 2367 pertineat
513 2317 534 2351 ,
571 2279 644 2336 et
675 2262 753 2335 id
789 2279 862 2336 te
897 2277 1351 2335 accusantem
1392 2278 1543 2334 tam
1583 2262 1713 2335 diu
1752 2264 2030 2354 dicere,
2076 2267 2279 2364 quod

128 2404 274 2477 ego
331 2375 672 2448 defensor
735 2375 888 2447 sine
945 2374 1272 2473 periculo
1325 2376 1595 2473 possim
1649 2372 2001 2446 confiteri.
2058 2381 2278 2476 Atqui

129 2515 288 2562 non
331 2485 552 2560 modo
589 2485 970 2572 confiteor,
1009 2508 1290 2556 summa
1324 2487 1403 2555 in
1431 2478 1821 2556 Laterense
1858 2503 2281 2558 ornamenta

131 2593 339 2687 esse3
393 2597 519 2668 sed
571 2611 644 2668 te
702 2599 917 2668 etiam
961 2581 1462 2694 reprehendo,
1515 2595 1719 2692 quod
1774 2619 1857 2668 ea
1905 2623 2057 2669 non
2095 2622 2281 2669 enu-

131 2733 374 2782 meres
398 2763 418 2796 ‚
464 2707 601 2778 alia
647 2705 978 2803 quaedam
1033 2705 1274 2778 inania
1316 2721 1389 2778 et
1428 2706 1611 2778 levia
1650 2709 2055 2804 conquiras.
2099 2713 2281 2780 Prae-

131 2833 342 2892 neste
380 2816 630 2889 fecisse
667 2814 881 2889 ludos
901 2827 954 2885 ².
991 2815 1236 2906 Quid?
1289 2815 1409 2887 alii
1460 2831 1855 2912 quaestores
1909 2841 2061 2886 non
2099 2815 2285 2890 fece·

129 2927 362 3001 runt?
420 2927 718 3024 Cyrenis
777 2923 1148 2996 liberalem
1212 2927 1290 2995 in
1356 2923 1785 3022 publicanos
1808 2979 1828 3014 ,
1878 2925 2157 3020 justum
2208 2930 2285 2998 in

133 3041 376 3113 socios
419 3037 663 3109 fuisse.
718 3038 900 3128 Quis
943 3035 1214 3132 negat?
1263 3031 1391 3106 sed
1443 3035 1541 3106 ita
1590 3032 1819 3106 multa
1864 3040 2114 3108 Romae
2168 3061 2285 3132 ge-

133 3163 430 3238 runtur,
462 3163 547 3220 ut
575 3150 696 3218 vix
732 3171 850 3236 ea,
887 3170 1049 3244 quae
1082 3143 1272 3215 fiunt
1304 3147 1381 3215 iu
1418 3146 1841 3243 provinciis,
1878 3144 2281 3219 audiantur.

236 3263 412 3333 Non
456 3284 749 3345 vereor,
798 3282 893 3329 ne
949 3255 1126 3326 mihi
1179 3253 1453 3353 aliquid
1479 3310 1498 3343 ,
1534 3253 1857 3350 judices»,
1898 3253 2145 3338 videar
2182 3282 2289 3330 ar-

216 3449 306 3500 15.
353 3451 460 3500 Aut
493 3467 588 3514 pro
631 3460 836 3498 textore.
863 3449 966 3498 Alii
988 3483 1003 3508 ,
1029 3470 1055 3491 οι
1081 3463 1172 3513 pro
1261 3449 1441 3498 volunt
1455 3483 1470 3506 ,
1490 3447 1551 3496 al.
1572 3447 1745 3511 legunt
1760 3446 2149 3512 putabiefuiue.
2174 3451 2288 3500 Duo

137 3541 330 3582 tectore
349 3549 394 3578 ¹·-
803 3545 808 3548 ·
1259 3527 1485 3576 Britann.
1508 3543 1627 3576 esse.

215 3609 300 3660 16.
337 3607 495 3670 Quasi
525 3607 806 3673 reipublicae
833 3605 1044 3656 villicos.
1089 3606 1171 3654 Sic
1334 3621 1387 3655 a.
1402 3608 1649 3654 Preme-ste
1660 3603 1847 3671 fecisse
1866 3606 2019 3655 ludos.
2037 3607 2291 3671 Oppidum

134 3688 372 3740 Juvenal.
403 3689 506 3746 IV„
524 3705 586 3750 77
618 3703 632 3737 z
659 3707 688 3730 α
709 3689 922 3751 Pegasus
949 3686 1170 3734 attonite
1259 3683 1385 3732 Latii
1404 3699 1507 3733 non
1536 3683 1713 3749 procul
1730 3686 1907 3734 Roma.
1934 3685 2203 3732 numnis
2218 3685 2291 3734 ibi

137 3768 334 3834 positus
365 3765 517 3816 modo
539 3765 737 3814 villicus
761 3765 874 3814 urbi
901 3787 943 3814 n.
1260 3764 1439 3813 fecerat
1458 3765 1631 3826 ludos,
1648 3773 1907 3828 autequam
1928 3764 2145 3826 Cyrenas
2163 3765 2291 3812 Afri·

216 3846 406 3894 XXVI.
436 3861 482 3897 ι.
505 3847 569 3894 In
589 3861 644 3892 se
666 3843 954 3898 meandum
977 3840 1172 3906 putabis
1261 3859 1361 3904 ω,
1378 3841 1467 3892 ubi
1490 3855 1593 3892 erat
1618 3853 1856 3907 quantor,
1883 3839 2289 3907 proficisceretur.

121 3925 308 3994 fuisse.
336 3924 540 3974 Putabis
557 3959 576 3985 ,
619 3934 706 3973 aut
739 3922 956 3988 putabit,
1001 3931 1058 3969 ut
1082 3921 1176 3978 ha-⁴
1262 3921 1451 3968 —Non
1460 3919 1715 3985 fecerunt.
1737 3921 1817 3969 Sic
1834 3923 1955 3969 Ern-
1980 3921 2289 3987 aeceperunt

139 4009 266 4056 bent
304 4003 506 4069 quidam
544 4001 766 4065 codices,
808 3999 1070 4051 delendum
1109 4000 1172 4049 al.
1264 3997 1463 4050 Schiitz.
1486 4011 1535 4050 et
1556 3999 1743 4052 Weisk.
1767 3999 1927 4050 Antea
1951 4014 2134 4051 nonne.
