2594 4537
591 274 975 345 ORATIO
1025 273 1230 366 PRO
1280 275 1356 344 L.
1403 275 1821 346 FLACCO.
2143 301 2265 374 191

142 398 503 470 Decianus
536 419 667 468 sua
711 393 947 468 facere
988 410 1233 494 posset
1250 449 1271 483 ‚
1319 419 1488 468 eum
1541 393 1966 494 [maximam
1983 395 2049 442 ²⁶
2083 397 2281 474 habi-

141 523 391 580 turum
430 531 587 579 esse
630 505 997 578 familiam.
1035 510 1489 606 Responsum
1531 523 1676 598 est,
1724 509 1881 604 ejus
1911 508 2096 584 facta
2125 537 2275 584 non

142 614 387 689 videri.
418 614 621 688 Idem
651 616 881 688 visum
928 629 1037 688 est
1078 633 1328 715 postea
1357 617 1605 690 Flacco
1624 673 1645 707 ‚
1687 644 1920 717 quum
1961 645 2118 693 rem
2159 648 2278 696 co-

142 739 539 824 gnosceret
568 753 587 796 ι
624 727 869 823 itaque
894 724 1268 826 decrevit}

232 841 569 909 XXXIII.
608 834 899 908 Habetis
930 859 1211 907 causam
1254 837 1786 910 inimicitiarum
1815 867 1834 928 3
1881 866 2028 939 qua
2063 867 2273 916 causa

140 946 631 1018 inflammatus
664 947 1027 1019 Decianus
1059 947 1149 1018 ad
1194 948 1488 1020 Loelium
1527 947 1864 1024 detulerit
1893 952 2080 1026 hanc
2124 959 2276 1054 opi-

140 1083 335 1129 mam
360 1060 918 1130 accusationem.
947 1059 1132 1130 Nam
1154 1059 1253 1130 ita
1280 1072 1580 1164 questus
1600 1074 1710 1132 est
1730 1061 2015 1150 Laelius,
2045 1089 2276 1162 quum

138 1167 231 1242 de
268 1167 575 1268 perfidia
604 1170 903 1241 Deciani
932 1167 1256 1240 diceret:
1290 1169 1436 1260 Qui
1470 1170 1646 1241 mihi
1678 1186 1938 1243 auctor
1957 1172 2128 1263 fuit,
2151 1181 2278 1276 qui

138 1303 427 1352 causam
464 1279 557 1351 ad
594 1304 711 1351 me
748 1278 1042 1368 detulit,
1078 1303 1300 1376 quem
1333 1301 1470 1378 ego
1509 1303 1668 1350 sum
1711 1296 2102 1378 sequutus;
2144 1289 2206 1356 is
2237 1311 2276 1358 a

140 1391 399 1464 Flacco
442 1406 827 1492 corruptus
860 1404 1007 1476 est,
1052 1391 1113 1461 is
1152 1415 1265 1462 me
1300 1389 1616 1462 deseruit
1651 1412 1734 1462 ac
1759 1391 2100 1489 prodidit.
2127 1396 2272 1468 Sic-

138 1501 305 1572 cine
333 1515 417 1571 tu
446 1515 702 1572 auctor
723 1499 1020 1572 tandem
1052 1523 1259 1588 eum,
1303 1502 1422 1572 cui
1449 1515 1528 1571 tu
1558 1502 1631 1571 in
1660 1501 1960 1573 consilio
1992 1501 2276 1592 fuissem,

136 1609 339 1709 apud
372 1635 599 1708 quem
632 1633 887 1682 omnes
930 1609 1193 1707 gradus
1230 1609 1589 1707 dignitatis
1635 1623 1778 1682 tuae
1817 1611 2232 1688 retinuisses
2254 1672 2273 1704 ‚

138 1720 745 1819 pudentissimum
789 1720 1157 1791 hominem
1175 1775 1196 1809 ,
1225 1719 1662 1792 nobilissima
1685 1719 1950 1793 familia
1982 1739 2272 1809 natum,

138 1834 417 1931 optime
458 1831 551 1902 de
582 1829 955 1930 republica
994 1831 1374 1916 meritum,
1415 1833 1494 1901 in
1529 1830 1914 1903 discrimen
1947 1834 2272 1904 omnium

136 1941 597 2013 fortunarum
626 1939 1006 2014 vocavisti?
1038 1939 1179 2012 Sed
1212 1938 1594 2012 defendam
1617 1949 1642 1984 ¹
1674 1943 2072 2013 Decianum
2093 1998 2112 2032 ‚
2145 1947 2272 2040 qui

134 2049 274 2122 tibi
298 2056 377 2122 in
410 2049 903 2150 suspicionem
932 2049 1138 2121 nullo
1180 2073 1316 2121 suo
1351 2049 1621 2121 delicto
1656 2053 1878 2121 venit.
1921 2055 2085 2124 Non
2133 2069 2276 2140 est,

135 2161 601 2250 mihicrede,
641 2175 1052 2258 corruptus.
1097 2159 1292 2250 Quid
1339 2163 1531 2231 enim
1580 2158 1751 2247 fuit,
1807 2161 2005 2258 quod
2049 2161 2142 2234 ab
2185 2189 2274 2234 co

134 2272 661 2345 redimeretur²
696 2272 727 2343 Ρ
766 2278 849 2345 u't
890 2272 1187 2344 duceret
1211 2270 1562 2367 judicium
1582 2267 1610 2316 ³
1649 2272 1678 2341 P
1713 2274 1830 2343 cui
1859 2298 1982 2345 sex
2001 2272 2033 2331 4
2059 2274 2272 2347 horas

134 2386 447 2456 omnino
474 2384 590 2455 lex
615 2382 835 2456 dedit.
864 2387 1235 2474 Quantum
1258 2380 1549 2453 tandem
1580 2404 1668 2452 ex
1691 2381 1804 2453 his
1820 2382 2020 2455 horis
2037 2382 2275 2456 detra-

132 2493 380 2582 heret,
414 2494 473 2565 si
507 2492 640 2565 tibi
664 2517 951 2565 morem
993 2516 1243 2591 gerere
1279 2491 1666 2564 voluisset?
1699 2493 2054 2565 Nimirum
2093 2494 2273 2568 illud

132 2620 281 2691 est,
320 2602 523 2702 quod
562 2608 715 2701 ipse
752 2603 1159 2701 suspicatur
1196 2628 1213 2672 ε
1254 2590 1573 2673 invidisti
1611 2602 1906 2699 ingenio
1963 2603 2271 2676 subscri-

134 2716 367 2813 ptoris
400 2710 591 2799 tui⁵;
636 2712 839 2810 quod
875 2712 1182 2785 ornabat
1220 2709 1472 2783 facile⁶
1507 2712 1750 2783 locum
1770 2768 1789 2802 ‚
1834 2738 2054 2811 quem
2099 2738 2264 2812 pre-

1240 2910 1413 2975 qnod
1394 2926 1496 2972 jann
1519 2910 1768 2975 phenet-at
1791 2912 2103 2961 Memmio-J.
2132 2916 2270 2965 v.1..

1313 3005 1366 3038 a.
1395 2988 1740 3039 Βσάύηεηειιν.
1769 2989 1922 3053 Quod
1949 2990 2014 3038 ab
2039 3006 2100 3039 eo
2124 2992 2266 3041 Flac·

132 2926 253 2963 tem.
278 2914 385 2962 Erit
406 2913 555 2979 igitur
576 2912 781 2961 domino
796 2912 929 2960 salva
948 2912 1059 2973 ium
1084 2910 1155 2959 rei

134 2993 406 3042 vindicatio
418 3028 435 3053 ,
454 2994 639 3042 etiamsi
654 2994 707 3041 in
724 3008 873 3040 censu
887 2992 971 3039 nni
991 2992 1053 3039 sit
1070 2989 1155 3037 ad·

132 3074 350 3138 scripta:
378 3074 507 3121 sicut
533 3075 575 3121 si
600 3075 711 3138 quis
733 3086 907 3120 census
928 3072 995 3119 sit
1018 3068 1155 3133 quasi

132 3151 255 3200 libet
294 3153 443 3201 homo
484 3154 587 3201 sine
623 3152 874 3201 voluntate
924 3149 1152 3211 domini,

132 3246 235 3279 non
254 3230 371 3280 ideo
391 3230 513 3281 liber
535 3242 625 3281 est.
648 3233 838 3281 Cuuc.

202 3312 293 3359 26.
330 3314 449 3361 Hoee
486 3312 627 3360 uncie
666 3312 987 3374 circumsepta
1023 3310 1155 3356 hm-

130 3388 277 3438 binns
323 3390 565 3439 invenis-e
599 3407 651 3439 se
691 3388 899 3439 affirmat
936 3390 989 3437 in
1032 3402 1152 3435 man·

128 3468 239 3532 gine
294 3470 474 3518 veteris
532 3470 661 3520 MSS
681 3506 698 3531 ,
752 3484 913 3533 neque
972 3467 1154 3516 habent

129 3564 301 3597 omnes
336 3564 431 3615 pro
472 3550 727 3613 gemmis.
762 3549 1003 3599 Beni-icus
1032 3560 1151 3595 vem

126 3626 405 3693 Stephanus
457 3626 497 3676 e'
533 3628 709 3677 codice
752 3643 845 3677 eno
905 3625 1151 3692 protulit,

128 3710 423 3757 «maximam
440 3706 721 3759 habiturum
745 3724 849 3757 esee
870 3722 1031 3755 rernm
1050 3720 1154 3754 om·

126 3787 265 3835 nium
289 3788 485 3853 copiam
500 3809 545 3836 a.
565 3788 717 3852 Quod
735 3787 893 3837 libens
926 3784 1153 3851 pretule-

124 3869 239 3914 rim.
258 3866 307 3916 J.
322 3868 387 3913 V.
406 3868 467 3914 1..

200 3946 443 3994 xxxm.
470 3960 517 3995 1.
534 3942 805 3994 miden-ant
828 3946 989 3994 (ἶπον.
1018 3942 1153 3993 oliv.

130 4024 325 4073 [allon.
373 4024 439 4073 el.
474 4044 501 4064 α
560 4020 749 4071 Scilicet
799 4022 1054 4071 defendam
1092 4042 1151 4076 ι,

1242 3084 1330 3117 cns
1351 3078 1547 3117 emeret.

1317 3150 1364 3197 3
1395 3148 1606 3195 Duceret
1628 3146 1894 3213 judicium.
1927 3146 2228 3198 Producant
2248 3184 2264 3213 ,

1240 3242 1428 3275 moram
1455 3236 1686 3275 necteret.

1311 3302 1364 3366 4.
1391 3308 1490 3353 Sex
1513 3304 1676 3353 boras.
1695 3306 1816 3353 Tres
1837 3306 2134 3367 accusatori,
2155 3318 2254 3356 tot·

1239 3382 1370 3433 idem
1405 3384 1689 3434 defendenti
1705 3420 1719 3444 ,
1761 3384 1814 3433 in
1846 3401 1988 3433 musa
2035 3396 2267 3451 repetun-

1242 3464 1430 3514 darum.

1311 3544 1360 3593 5.
1408 3540 1748 3607 ιςωὸεσνίρεονὺ
1792 3542 1882 3591 sm'.
1949 3542 2264 3591 subscribere

1238 3623 1526 3673 dicebantur
1551 3621 1588 3669 ii
1606 3656 1622 3683 ,
1647 3622 1734 3685 qui
1765 3620 1828 3669 ad
1855 3622 2149 3669 accusatoris
2178 3636 2270 3669 no-

1238 3718 1353 3751 men
1395 3716 1535 3750 nuum
1577 3700 1849 3763 addebant,
1877 3710 2123 3765 tamqnam
2166 3716 2261 3750 una

1238 3781 1528 3831 accusaturi.
1565 3782 1642 3828 De
1673 3779 1751 3827 his
1775 3779 1881 3829 vid.
1910 3779 1974 3828 ad
2000 3780 2123 3829 cele.
2161 3780 2260 3831 vol.

1239 3860 1386 3926 prim.
1413 3862 1614 3909 Excute.
1637 3859 1700 3907 de
1721 3858 1831 3922 jud.
1862 3858 2002 3924 publ.

1315 3942 1365 3990 6.
1391 3938 1555 3989 Facile
1573 3938 1752 3989 Iocum.
1783 3938 2046 3989 Lambinus
2065 3939 2270 4001 conjicit

1228 4018 1406 4085 facete
1423 4020 1600 4068 locum.
