2594 4537
458 464 1199 571 GASPARIS
1270 462 2134 573 GARATONII

1062 674 1552 741 DIATRIBE

242 842 381 911 DE
408 844 490 911 C.
522 842 809 912 MARII
850 838 1532 915 MONUM'ENTO
1573 846 1712 914 AD
1749 844 2374 914 CICERONEM

818 1014 1001 1074 rso
1040 1014 1426 1083 εΕΧΤῙο,
1469 988 1652 1071 cir.
1696 1010 1803 1083 54,

886 1179 973 1223 ET
1022 1178 1161 1225 mio
1208 1178 1544 1241 runem,
1599 1152 1708 1225 32.

774 1318 1624 1461 (EXCURSUS
1693 1324 1871 1465 V.)

252 1506 348 1562 An
364 1546 385 1575 ,
424 1526 600 1582 quum
626 1511 828 1567 Patres
855 1512 955 1566 illo
992 1514 1462 1567 senatusconsulto
1484 1551 1500 1578 ‚
1527 1510 1678 1587 quod
1697 1511 1757 1565 in
1783 1519 2158 1565 monumento
2191 1504 2386 1564 Marii

320 1600 545 1668 sactum
566 1618 675 1673 est,
695 1626 807 1681 quo
832 1626 962 1664 mea
984 1610 1139 1665 salus
1160 1608 1420 1664 omnibus
1444 1620 1535 1663 est
1549 1606 1810 1683 gentibus
1831 1604 2253 1673 commendata,
2280 1604 2382 1658 um'

336 1700 517 1757 Cnaeo
539 1702 783 1759 Plancio
797 1701 1019 1781 gratias
1043 1707 1262 1781 egerim
1270 1746 1293 1774 ,
1327 1716 1436 1761 etc.

349 2002 407 2044 ι.
442 1981 541 2045 De
564 1982 803 2071 insigni
827 1981 957 2049 hoc
978 2000 1412 2048 monumento
1433 1982 1516 2047 ad
1538 1982 1922 2064 Sextianam,
1945 2004 2086 2070 cap.
2111 1979 2200 2061 54
2221 1998 2378 2045 extr.

251 2107 457 2173 pauca
480 2088 637 2151 olim
669 2087 946 2154 diximus
976 2113 994 2155 ε
1031 2090 1217 2177 plura
1248 2088 1482 2153 deinde
1514 2089 1707 2154 otiosi
1739 2088 2204 2178 congessimus.
2231 2087 2382 2150 Tria

256 2190 341 2255 de
363 2193 692 2260 Ciceronis
719 2192 933 2261 reditu
958 2197 1516 2261 senatusconsulta
1541 2196 1846 2261 fuerunt:
1875 2210 2214 2259 enumerat
2245 2194 2382 2282 ipse

254 2319 378 2386 pro
409 2301 581 2365 Sext.
620 2299 705 2381 54
738 2317 803 2367 et
835 2303 942 2368 61.
984 2303 1277 2368 Primum
1313 2303 1444 2366 hoc
1471 2303 1634 2383 fuit,
1697 2332 1724 2358 ι
1752 2323 1958 2390 quum
1991 2302 2061 2364 in
2097 2301 2382 2388 templo,

254 2401 501 2492 inquit,
525 2408 811 2472 Honoris
838 2407 1107 2474 Virtutis
1130 2409 1342 2474 honos
1364 2407 1625 2473 habitus
1655 2425 1822 2472 esset
1839 2407 2088 2488 virtuti,
2115 2407 2384 2494 Caiique

254 2507 446 2575 Marii
486 2517 951 2579 conservatoris
999 2515 1195 2596 hujus
1240 2513 1496 2602 imperii
1529 2528 2032 2578 monumentum
2068 2511 2382 2602 municipi

258 2618 398 2695 ejus
413 2664 432 2698 ,
458 2633 523 2680 et
552 2620 712 2706 reip.
745 2619 1069 2684 defensori
1096 2619 1315 2686 sedem
1341 2619 1422 2684 ad
1455 2621 1723 2684 salutem
1755 2618 2134 2707 praebuisset
2149 2648 2200 2682 υ.
2223 2619 2383 2700 Quae

142 2810 149 2818 ·
254 2713 379 2784 'sibi
424 2722 703 2811 gloriosa
736 2743 1009 2814 sequuta
1047 2727 1233 2806 sunt,
1260 2743 1477 2791 narrat
1501 2748 1640 2815 cap.
1675 2724 1788 2807 56,
1815 2756 1840 2780 ι
1871 2723 2112 2789 recenti
2149 2724 2384 2788 nuntio

258 2823 343 2892 de
372 2827 484 2892 illo
518 2829 719 2914 soto,
756 2831 936 2920 quod
970 2832 1211 2897 factum
1248 2848 1347 2897 est
1371 2833 1440 2896 in
1475 2833 1720 2920 templo
1743 2832 2047 2912 Virtutis,
2084 2829 2170 2894 ad
2196 2829 2384 2894 ludos

260 2953 648 3023 scenamque
677 2937 924 3024 perlato
948 2968 995 3002 a».
1019 2936 1211 3004 Haud
1238 2937 1372 3002 scio
1386 2985 1405 3020 ‚
1442 2937 1640 3001 anibi
1669 2937 1932 3000 Honoris
1955 2933 2292 3011 exciderit,
2311 2951 2386 2998 ut

258 3039 592 3127 superiore
618 3041 763 3106 loco
787 3041 1005 3107 mthis
1023 3044 1091 3107 in
1110 3043 1312 3108 libris.
1345 3044 1571 3108 Honos
1594 3042 1860 3133 quidem
1877 3091 1894 3119 ‚
1928 3041 2044 3130 qui
2073 3042 2382 3106 virtutem

258 3145 575 3232 sequitur,
612 3147 729 3234 qui
760 3169 897 3211 non
941 3170 1074 3235 prae
1114 3148 1355 3212 virtute
1374 3196 1394 3229 ,
1439 3147 1553 3212 sed
1596 3163 1746 3237 post
1778 3146 2086 3210 virtutem
2132 3162 2234 3210 est
2275 3169 2382 3210 ex-

258 3249 579 3336 petendus
598 3298 617 3332 ,
649 3251 933 3340 priorem
966 3251 1139 3317 tituli
1186 3250 1402 3316 locum
1457 3275 1593 3316 non
1629 3267 1914 3334 teneret,
1950 3253 2212 3340 opinor,
2263 3249 2384 3314 nisi

260 3357 661 3423 constructio
682 3355 939 3436 juberet
958 3359 1389 3448 grammatica.
1415 3359 1624 3424 Verus
1655 3359 1874 3446 itaque
1905 3356 2134 3420 titulus
2169 3358 2384 3437 fuerit,

258 3459 619 3526 HONORI.
651 3462 1073 3528 VIRTUTIS.
1129 3464 1244 3553 qui
1292 3465 1532 3530 virtute
1564 3464 1829 3553 paritur,
1871 3485 2144 3550 eamque
2181 3461 2384 3527 comi-

258 3581 451 3633 tatur.
480 3567 715 3633 Similis
747 3553 913 3633 ti'tuli
932 3571 1097 3635 ratio
1124 3571 1193 3633 in
1230 3570 1473 3659 templo
1503 3569 1787 3634 Herculis
1809 3569 2170 3648 Musarum,
2193 3591 2380 3656 quem

260 3671 635 3762 Musageten
665 3675 1017 3764 appellant,
1049 3675 1387 3740 Musarum
1423 3675 1700 3741 chorum
1733 3675 2049 3763 Apollinis
2085 3673 2235 3739 loco
2271 3672 2386 3738 du·

260 3795 553 3861 centem3
587 3802 784 3866 quem
810 3797 1059 3862 tamen,
1089 3782 1142 3845 si
1172 3781 1423 3864 liceret,
1455 3797 1738 3864 φιλομοῦσον
1767 3781 2041 3845 mallem.
2071 3781 2148 3844 In
2181 3779 2384 3842 Bello-

264 3879 457 3944 rianis
481 3884 659 3947 urbis
676 3885 958 3973 vestigiis
977 3886 1191 3951 tabula
1220 3885 1504 3952 secunda
1521 3903 1639 3969 est,
1659 3887 1934 3952 AEDIS.
1949 3883 2382 3950 HERCVLIS.

271 3979 718 4050 MVSARVM.
780 4011 995 4079 neque
1044 4005 1259 4054 tamen
1309 3989 1491 4055 aliter
1551 3991 1814 4055 inscribi
1869 3990 2100 4055 debuit
2120 4039 2139 4073 ,
2193 4011 2382 4077 quam
