2594 4537
245 239 383 327 452
885 241 981 307 Μ.
1035 241 1110 307 T.
1165 240 1745 332 CICERONIS

241 365 517 435 incesto
542 375 835 458 stupr0‚
873 373 1090 455 atque
1117 383 1204 428 ex
1219 357 1443 430 domo
1472 357 1831 458 pontificis
1860 361 2150 431 maximi
2174 362 2391 434 emis-

242 497 404 546 sum
432 498 450 543 :
478 487 636 544 tum
655 526 675 559 ‚
701 475 998 566 inquam
1014 522 1033 556 ‚
1057 484 1212 540 tum
1235 469 1418 557 vidi,
1454 493 1535 540 ac
1560 467 1792 540 multo
1814 484 1981 540 ante
2001 473 2393 569 prospexi,

241 597 514 682 quanta
539 595 924 679 tempestas
953 582 1417 667 excitaretur,
1451 595 1721 678 quanta
1752 582 2205 680 impenderet
2223 608 2396 680 pro-

244 695 420 768 cella
455 690 892 790 reipublicae.
937 689 1289 762 Videbam
1312 745 1331 779 ‚
1371 689 1549 761 illud
1574 689 1807 762 scelus
1848 705 1995 762 tam
2032 692 2395 790 importu-

245 831 464 894 num,
499 803 868 875 audaciam
905 817 1052 874 tam
1094 804 1485 874 immanem
1531 802 2009 876 adolescentis
2045 802 2391 894 furentiS‚

245 915 550 1002 nobilis,
595 909 1038 1001 vulnerati³‚
1091 938 1241 1022 non
1297 937 1511 1012 posse
1564 917 1789 985 arceri
1845 917 2027 985 otii⁴
2078 912 2394 1001 finibus;

246 1039 678 1124 erupturum
736 1022 920 1094 illud
975 1023 1246 1094 malum
1308 1022 1700 1120 aliquando
1734 1079 1754 1112 ,
1821 1025 1882 1095 si
1945 1024 2393 1194 impunitum

245 1133 534 1224 fuisset,
577 1133 668 1206 ad
698 1135 1096 1232 perniciem
1139 1135 1464 1205 civitatis.

343 1249 511 1318 Non
569 1245 882 1316 multum
931 1243 1110 1314 mihi
1174 1267 1346 1316 sane
1390 1258 1555 1342 post
1597 1243 1686 1315 ad
1743 1242 1997 1315 odium
2050 1248 2391 1330 accessit3

251 1358 430 1430 nihil
468 1359 664 1428 enim
701 1370 952 1428 contra
987 1379 1102 1425 me
1140 1353 1315 1426 fecit
1350 1354 1521 1426 odio
1557 1355 1744 1444 mei,
1810 1355 1935 1426 sed
1974 1353 2144 1426 odio
2192 1381 2389 1430 seve-

249 1463 559 1553 ritatis⁵‚
595 1462 767 1539 odio
804 1465 1200 1560 dignitatis,
1228 1464 1402 1536 odio
1432 1464 1865 1563 reipublicae.
1904 1469 2069 1537 Non
2096 1489 2217 1536 me
2248 1491 2393 1537 ma-

251 1580 358 1678 gis
381 1577 672 1648 violavit
697 1630 717 1660 ,
753 1599 970 1673 quain
1011 1589 1342 1668 senatum
1365 1629 1385 1664 ‚
1424 1601 1643 1672 quam
1678 1578 1959 1673 equites
2014 1601 2391 1659 roman05‚

251 1713 472 1786 quam
512 1709 765 1758 omnes
795 1684 1074 1769 boum,
1117 1709 1339 1781 quam
1376 1685 1651 1756 Italiam
1681 1699 2054 1773 cunctam;
2094 1709 2249 1756 non
2276 1685 2391 1756 de-

255 1801 478 1893 nique
514 1796 592 1864 in
629 1818 745 1865 me
781 1793 1194 1864 sceleratior
1226 1793 1401 1882 fuit,
1444 1819 1671 1892 quam
1708 1799 1786 1865 in
1822 1796 2016 1894 ipsos
2051 1795 2231 1867 deos
2260 1797 2390 1866 im-

255 1899 663 1977 mortales⁶.
692 1905 976 1975 Etenim
1013 1903 1175 1976 illos
1213 1929 1302 1976 eo
1330 1904 1599 1977 scelere
1624 1906 1949 1992 violavit,
1994 1931 2146 2003 quo
2177 1929 2390 1978 nemo

255 2031 466 2089 antea
501 2043 518 2086 τ
565 2016 644 2085 in
679 2039 795 2085 me
833 2013 968 2084 fuit
1002 2015 1258 2086 eodem
1295 2019 1579 2103 animo,
1632 2041 1784 2113 quo
1826 2017 2043 2087 etiam
2090 2017 2249 2112 ejus
2292 2013 2390 2086 fa·-

255 2127 548 2200 miliaris
586 2125 927 2213 Catilina,
967 2127 1025 2196 si
1051 2126 1370 2213 vicisset,
1405 2123 1674 2197 fuisset.
1708 2131 1962 2222 Itaque
1991 2151 2159 2197 eum
2188 2151 2392 2196 num-

251 2262 472 2336 quam
505 2261 545 2308 a
581 2261 698 2308 me
743 2259 896 2307 esse
933 2235 1417 2307 accusandum
1441 2237 1723 2335 putavi,
1754 2261 1904 2308 non
1935 2237 2139 2335 plus,
2175 2259 2387 2333 quam

257 2352 578 2448 stipitem
599 2347 850 2417 illum⁷
870 2400 890 2433 ‚
933 2348 1095 2441 qui,
1133 2370 1453 2444 quorum
1484 2347 1872 2418 hominum
1902 2363 2122 2436 esset,
2160 2349 2386 2419 nesci·

253 2482 540 2542 remuS‚
585 2456 722 2524 nisi
765 2478 838 2525 se
874 2456 1208 2551 Ligurem
1246 2456 1401 2554 ipse
1442 2481 1595 2527 esse
1627 2455 1921 2529 diceret.
1967 2456 2163 2547 Quid
2201 2460 2385 2528 enim

259 2569 457 2639 hunc
495 2558 939 2664 persequar⁸
964 2616 984 2649 ‚
1020 2564 1379 2662 pecudem
1424 2591 1506 2637 ac
1540 2566 1897 2653 belluam,
1940 2565 2213 2665 pabulo
2258 2567 2384 2637 ini-

257 2680 614 2747 micorum
653 2696 987 2743 meorum
1025 2687 1099 2744 et
1135 2674 1401 2771 glande
1431 2676 1954 2774 corruptum9?
1990 2678 2119 2774 qui
2153 2680 2213 2748 si
2240 2700 2385 2749 sen·

255 2945 526 3001 dimissum,
542 2957 649 2990 uon
669 2940 774 2989 sine
801 2950 918 2988 nota
939 2940 1278 3005 turpitudinis,

255 3028 382 3075 sicut
397 3023 442 3073 is
457 3020 709 3071 ambustus
729 3018 919 3081 judicio
949 3018 1163 3081 dicatur,
1191 3021 1280 3084 qui

247 3102 424 3167 judicii
449 3100 720 3167 periculum
747 3114 870 3162 aegre
899 3100 1127 3148 evaserit.
1164 3100 1276 3147 Μι-

250 3185 420 3233 nutius
445 3179 714 3245 simplicius
740 3178 1106 3241 interpretatur,
1137 3175 1278 3241 quasi

252 3262 316 3313 ud
342 3258 573 3311 sacrificia
599 3260 670 3305 itu
703 3272 862 3321 prope
901 3255 1183 3315 accesserit,
1217 3265 1277 3303 ut

247 3340 446 3406 ignibus
463 3336 713 3386 ambustus
731 3334 890 3383 videri
907 3335 1156 3399 potum-iu
1175 3348 1276 3397 quo

251 3434 400 3471 sensu
446 3416 512 3465 ad
553 3413 684 3463 illam
726 3413 990 3462 caecitatem
1007 3447 1024 3471 ‚
1067 3411 1130 3459 de
1179 3428 1276 3475 qua

249 3498 426 3564 sepius
452 3496 506 3543 iu
530 3492 824 3558 praecedeuti
850 3492 1072 3541 oratioue
1091 3492 1276 3538 mentio

247 3590 350 3639 est,
383 3574 537 3625 alludi
565 3583 745 3637 potest.

325 3660 376 3707 3.
414 3650 682 3703 Vulneraei.
709 3648 914 3698 tnfamia
945 3664 1034 3696 sua
1067 3649 1278 3713 graviter

248 3734 444 3785 offensi.

323 3824 374 3870 4.
397 3810 570 3860 Aruer-i
593 3807 905 3877 oeiifinibus.
927 3804 1044 3853 Nou
1061 3820 1206 3869 posse
1221 3804 1276 3852 in

248 3891 411 3957 quiete
439 3888 702 3937 contineri.

317 3970 362 4016 5.
402 3966 529 4013 Odt'o
553 3964 833 4015 severitatis.
861 3962 980 4015 Nou
1005 3978 1082 4011 ms
1107 3960 1272 4025 privs·

1370 2942 1459 2993 tim
1485 2942 1553 2990 ita
1587 2942 1758 2991 oderat
1772 2976 1789 3004 ,
1826 2956 1973 3006 quam
2015 2942 2071 2990 in
2112 2958 2192 2992 me
2234 2943 2383 3008 legum

1368 3024 1687 3083 severitatem,
1702 3022 2071 3087 magistratuum
2090 3023 2382 3088 dignitatem,

1366 3102 1650 3167 reipublicae
1691 3102 1895 3151 salutem
1934 3102 2241 3151 vindicatam
2282 3118 2383 3167 per-

1368 3180 1680 3246 sequebatur.

1438 3260 1491 3309 6.
1530 3262 1662 3307 Deos
1702 3257 2017 3309 immortales.
2054 3262 2201 3324 Quos
2226 3270 2383 3325 stupro

1366 3353 1458 3387 suo
1484 3338 1704 3389 violavit.

1440 3410 1732 3481 7JStt‘p1'tem
1753 3416 1911 3466 illum.
1932 3416 2113 3465 Elium
2142 3419 2356 3481 Lignum
2368 3451 2381 3476 ‚

1366 3496 1605 3560 collegam
1638 3494 1805 3546 Clodii
1846 3496 1897 3543 in
1950 3496 2207 3545 tribunatu
2228 3530 2244 3555 ,
2280 3496 2381 3559 qui,

1366 3574 1603 3623 refeoente
1626 3577 1682 3623 L.
1700 3574 1889 3623 Ninnio
1914 3574 1976 3624 de
2002 3574 2171 3624 reditu
2200 3574 2381 3623 Cicero-

1365 3652 1444 3701 nis
1464 3653 1755 3702 intercessit.

1437 3733 1485 3780 8.
1512 3732 1644 3794 Quid
1666 3732 1797 3781 enim
1822 3731 1953 3781 hunc
1970 3748 2276 3797 persequar,
2300 3746 2377 3796 pe·

1364 3810 1531 3859 eudem
1595 3826 1657 3857 ac
1718 3810 1946 3860 belluam.
2015 3811 2197 3861 AElium
2260 3811 2375 3859 hune

1364 3889 1608 3955 Ligurem.

1432 3974 1484 4025 9.
1514 3959 1825 4027 corruptum.
1852 3962 2096 4025 Emptum.
