2594 4537
288 267 425 314 200
922 241 1017 308 M.
1070 241 1146 307 T.
1202 209 1765 311 CICERONIS

284 365 639 438 nefarium
666 367 741 434 in
776 385 911 434 nos
942 385 1196 434 omnes
1230 360 1482 432 odium
1503 362 2056 438 saturaveritis?
2085 364 2442 435 Liternus

279 478 501 573 igitur
570 473 880 546 Lentulo
917 527 937 560 ‚
1001 485 1464 568 parentemus
1536 471 1906 567 Cethego⁹
1923 523 1944 560 ,
1965 497 2434 546 revocemus

164 679 177 686 ⁶
282 586 550 682 ejectos
590 611 607 654 z
646 584 879 655 nimiae
915 582 1199 680 pietatis
1240 596 1314 654 et
1369 583 1633 668 summi
1677 582 1940 653 amoris
1981 585 2058 653 in
2098 589 2426 680 patriam

280 695 591 768 vicissim
622 717 755 764 nos
782 715 1065 790 poena5‚
1097 692 1156 762 si
1176 692 1273 762 ita
1305 691 1575 789 placet,
1607 688 2056 763 sufferamus.
2087 697 2236 766 Nos
2259 694 2430 789 jam

278 803 373 876 ab
414 803 778 876 indicibus
821 804 1319 892 nominamur3
1357 804 1436 872 in
1473 824 1608 872 nos
1645 803 1944 870 crimina
1983 799 2421 898 fingamus-3

278 911 493 986 nobis
537 912 859 1011 pericula
906 925 1439 1009 comparantur.
1503 913 1682 1002 Quae
1725 911 1785 981 si
1832 933 1962 1008 per
2009 910 2190 982 alios
2247 937 2424 1010 age-

278 1039 481 1112 rent,
512 1026 572 1096 si
606 1022 921 1120 denique
956 1044 1085 1119 per
1125 1021 1380 1119 populi
1420 1045 1694 1092 nomen
1723 1023 2000 1092 civium
2037 1025 2423 1120 imperito,-

278 1159 445 1206 rum
472 1131 1009 1206 multitudinem
1045 1131 1566 1219 concitassent,
1612 1132 1928 1228 aequiore
1951 1133 2193 1202 animo
2221 1130 2422 1204 ferre

278 1269 655 1344 possemus
695 1273 710 1315 ε
758 1243 940 1315 illud
975 1266 1147 1313 vero
1185 1239 1359 1313 ferri
1399 1265 1552 1314 non
1589 1255 1862 1338 potest,
1904 1241 2102 1338 quod
2140 1265 2270 1338 per
2305 1265 2424 1312 se-

280 1371 568 1428 nator-es
610 1369 683 1426 et
720 1379 851 1453 per
884 1355 1166 1450 equites
1210 1374 1583 1437 romanos»,
1625 1350 1756 1447 qui
1799 1348 1954 1422 haec
1991 1350 2234 1421 omnia
2273 1374 2420 1447 pro

280 1465 507 1538 salute
540 1465 870 1537 omnium
892 1517 914 1551 ‚
948 1461 1323 1534 communi
1353 1461 1691 1550 consilio,
1729 1484 1876 1532 una
1909 1475 2154 1533 mente
2187 1475 2422 1557 atque

280 1574 627 1646 virtutem
672 1585 1095 1670 gesserunt,
1139 1568 1398 1642 harum
1440 1595 1686 1642 rerum
1731 1585 2060 1665 auctores
2087 1625 2110 1656 ‚
2153 1569 2422 1656 duces,

282 1683 645 1781 principes
682 1681 973 1779 spoliari
1007 1679 1351 1753 omnibus
1399 1677 1746 1768 fortunis,
1783 1695 2003 1778 atque
2025 1692 2084 1726 ¹¹
2125 1683 2420 1753 civitate

282 1791 549 1891 expelli
578 1815 788 1889 posse
818 1788 1279 1884 arbitrantur.
1324 1790 1608 1862 Etenim
1643 1789 1901 1887 populi
1932 1791 2214 1861 romani
2243 1813 2420 1887 per-

280 1902 595 2001 spiciunt
622 1901 849 1994 jam¹²
894 1913 1213 1972 mentem
1254 1914 1328 1969 et
1364 1899 1808 1976 voluntatem
1854 1927 1870 1969 :
1922 1897 2264 1970 omnibus
2293 1923 2416 1970 re·

280 2012 421 2084 bus
438 2067 459 2100 ‚
486 2009 757 2109 quibus
787 2023 1026 2108 potest
1046 2063 1065 2094 ‚
1093 2006 1412 2106 populus
1439 2033 1786 2080 romanus
1811 2007 2195 2106 significat,
2231 2009 2425 2106 quid

284 2124 585 2210 sentiat3
634 2119 835 2192 nulla
874 2120 1177 2189 varietas
1229 2131 1340 2189 est
1397 2121 1590 2190 inter
1627 2117 1960 2192 homines
2011 2120 2430 2218 opinioni5‚

284 2230 484 2303 nulla
516 2228 938 2316 voluntatiS‚
971 2227 1171 2299 nulla
1212 2229 1582 2299 sermonis.
1627 2229 1903 2319 Quare,
1939 2231 1996 2303 si
2039 2230 2204 2328 quis
2244 2229 2432 2303 illuc

286 2368 405 2415 me
439 2355 649 2412 vocat
669 2393 691 2428 ‚
723 2342 939 2435 venio
976 2366 993 2409 ε
1036 2336 1394 2437 populum
1424 2362 1812 2414 romanum
1859 2340 2426 2439 disceptatorem

290 2474 445 2525 non
476 2447 697 2520 modo
726 2472 877 2519 non
911 2472 1204 2536 remise,
1240 2446 1367 2521 sed
1411 2452 1622 2521 etiam
1661 2447 1999 2548 deposco·
2039 2454 2164 2524 Vis
2197 2450 2426 2538 absit3

290 2559 568 2633 semum
622 2580 705 2628 ac
750 2556 1017 2655 lapides
1060 2572 1610 2653 removeant-im
1657 2558 1972 2657 operae¹³
2021 2559 2430 2650 facessant3

292 2668 577 2742 servitia
608 2667 883 2738 sileant.
914 2670 1147 2743 Nemo
1174 2668 1310 2739 erit
1335 2682 1481 2742 tam
1505 2668 1814 2763 injustus
1831 2724 1854 2756 ‚
1886 2671 2016 2767 qui
2041 2694 2160 2742 me
2185 2669 2432 2743 audie.-

289 2782 424 2867 rit‚
468 2777 559 2849 sit
597 2776 819 2848 modo
863 2775 1047 2848 liber
1096 2792 1169 2850 et
1208 2778 1416 2865 civis,
1457 2778 1637 2874 quin
1685 2780 1928 2877 potius
1979 2780 2070 2851 de
2109 2783 2430 2879 praemiis

292 2890 508 2973 meis»,
552 2912 769 2986 quam
802 2887 891 2959 de
929 2910 1148 2985 poena
1184 2886 1648 2984 cogitandum
1687 2903 1914 2987 putet.

384 3002 707 3074 XXXIX.
738 3004 803 3073 Ο
828 2996 928 3069 dii
952 2997 1426 3071 immortales!
1463 2998 1640 3095 quid
1668 2997 1810 3070 hoc
1839 3000 2210 3080 miserius?
2235 2964 2427 3089 Nos,

289 3114 418 3209 qui
444 3114 517 3183 P.
548 3109 861 3181 Lentulo
886 3108 1155 3181 ferrum
1190 3123 1265 3180 et
1299 3107 1663 3181 flammam
1689 3107 1780 3179 de
1814 3108 2153 3181 manibus
2185 3124 2430 3202 extor-

289 3222 555 3307 simu5‚
584 3222 933 3319 imperitae
958 3218 1440 3313 multitudinis
1469 3201 1744 3315 judicio
1789 3217 2265 3313 confidimus3
2317 3218 2428 3290 le-

288 3332 771 3406 ctissimorum
797 3332 1064 3401 civium
1096 3344 1170 3401 et
1204 3326 1810 3426 amplissimorum
1838 3334 2234 3402 sententias
2259 3354 2426 3428 per-

290 3442 753 3512 timescimus,
792 3438 910 3511 Μ’.
940 3438 1378 3538 Aquillium¹
1421 3452 1659 3535 patres
1701 3441 1931 3509 nostri
1973 3440 2221 3511 multis
2256 3464 2427 3511 ava·

356 3598 409 3645 9-
446 3580 670 3647 Cethego.
709 3580 767 3630 C.
796 3580 1027 3630 Cornelio
1061 3582 1303 3647 cethego,
1473 3596 1553 3628 12.
1575 3580 1658 3629 Al.
1677 3580 1797 3629 edit.
1821 3598 1930 3630 eam
1951 3593 2174 3631 mentem.
2199 3585 2251 3633 J.
2270 3584 2334 3631 V.
2361 3587 2426 3633 L.

287 3662 373 3726 qui
386 3677 499 3711 eum
510 3659 718 3709 Ianusso
734 3659 787 3707 in
802 3674 995 3708 earcere
1008 3671 1081 3709 ent
1091 3670 1308 3709 nemun.
1473 3659 1552 3707 13.
1573 3661 1764 3721 Opera.
1785 3661 2008 3724 open-etii
2020 3694 2037 3721 ,
2053 3672 2264 3724 quornm
2283 3665 2426 3711 nuxi-

364 3755 443 3788 ιο,
492 3742 655 3803 Aeque
700 3736 905 3786 vit-cuce.
960 3738 1087 3789 cod,
1139 3742 1308 3802 ᾖσι-η.
1396 3734 1467 3785 iio
1493 3736 1709 3802 improbi
1735 3737 2088 3787 utebantur-ed
2115 3741 2215 3788 vim
2242 3740 2430 3789 facien·

284 3817 403 3867 edd.
422 3817 593 3867 Iamb-
612 3818 775 3867 Gra-v.
796 3816 943 3865 Beck.
962 3833 1059 3866 «ae
1076 3818 1307 3868 virtute--
1399 3814 1526 3865 dnm.
1547 3842 1621 3853 -
1637 3816 1912 3865 Facessane.
1935 3817 2187 3867 Boeotiam
2199 3852 2216 3878 ‚
2239 3819 2421 3871 alaim.

364 3912 385 3943 ι
401 3912 444 3946 ι.
488 3898 653 3960 Aeque
702 3894 912 3945 civitate.
968 3895 1095 3945 Edd.
1142 3899 1306 3963 Naug.
1463 3896 1708 3945 mlx.
1743 3910 1788 3945 1.
1820 3896 1912 3945 Μ’.
1941 3896 2232 3962 Aquillium.
2261 3902 2426 3961 Quem

285 3975 421 4025 Man.
442 3977 589 4024 Hei-v.
609 3974 672 4024 nl.
694 3994 719 4025 vn
738 3972 799 4023 de
820 3974 1076 4039 civitate-n.
1395 3986 1422 4021 a
1449 3972 1638 4029 Catone
1660 3973 2038 4039 repetundarum
2055 3987 2340 4028 coenatum
2355 3977 2429 4039 inq
