2594 4537
368 346 453 392 ιο
965 325 1088 412 Μ.
1139 325 1217 391 Τ.
1271 325 1833 396 CICERONIS

364 445 560 538 Quid
597 448 788 517 enim
834 460 979 533 est,
1023 445 1501 544 quamobrem
1551 446 1679 520 abs
1728 463 1799 520 te
1851 453 1940 540 Q.
1987 451 2351 522 Hortensii
2396 452 2497 525 fa-¹

360 578 558 635 ctum
579 557 672 650 ²⁸,
711 561 1077 634 clarissimi
1127 562 1260 632 viri
1312 578 1532 659 atque
1590 564 2025 635 ornatissimi
2072 565 2243 636 civis
2263 619 2284 653 ,
2338 591 2487 638 non

355 672 953 772 reprehendatur,
985 671 1560 772 reprehendatur
1590 677 1887 748 meum?
1918 679 2101 750 Nam
2131 680 2192 748 si
2227 678 2487 748 initum

355 799 468 856 est
501 783 883 855 consilium
917 807 962 854 a
998 787 1072 853 P.
1108 783 1305 856 Sulla
1337 783 1864 857 inflammandae
1898 787 2234 876 civitatis,
2272 786 2491 883 hujus

352 893 861 991 exstinguendi
895 895 1220 992 imperii,
1261 893 1585 967 delendae
1624 893 1843 970 Urbis
1864 949 1885 983 ,
1921 895 2099 975 mihi
2146 897 2489 992 majorem

354 1006 465 1075 hae
518 1031 636 1077 res
683 1003 1009 1076 dolorem
1030 1015 1128 1090 ²9,
1172 1028 1393 1101 quam
1443 1007 1533 1094 Q.
1576 1007 1999 1090 Hortensi0‚
2042 1005 2224 1075 ‘mihi
2260 1007 2489 1102 majus

355 1116 606 1188 odium
665 1114 924 1188 afferre
981 1114 1299 1188 debent?
1351 1139 1595 1186 meum
1643 1113 1961 1212 denique
2004 1119 2289 1212 gravius
2340 1141 2489 1188 esse

349 1227 702 1324 judicium
723 1223 815 1314 ³⁰,
851 1231 980 1326 qui
1018 1225 1469 1322 adjuvandus
1506 1229 1581 1297 in
1628 1226 1737 1297 his
1778 1227 2046 1314 causis,
2080 1226 2208 1323 qui
2250 1251 2488 1325 oppu-

353 1336 731 1433 gnandus,
794 1339 922 1435 qui
976 1335 1516 1422 defendendus,
1566 1337 1699 1433 qui
1749 1335 2190 1408 deserendus
2217 1335 2277 1380 ³¹
2338 1361 2491 1409 esse

353 1447 730 1519 videatur?

449 1564 542 1630 ΙΙ.
585 1563 728 1645 Ita,
773 1562 1056 1656 inquit-z
1095 1574 1178 1629 tu
1213 1559 1409 1628 enim
1448 1558 1933 1655 investigasti,
1978 1571 2059 1629 tu
2095 1554 2491 1653 patefecisti

354 1670 958 1766 conjurationem.
993 1667 1210 1759 Quod
1246 1691 1479 1764 quum
1506 1666 1716 1752 dicit,
1746 1690 1895 1738 non
1922 1664 2265 1754 attendit,
2296 1691 2489 1748 eum,

353 1781 483 1875 qui
520 1777 972 1878 patefecerit,
1025 1779 1165 1849 hoc
1217 1801 1502 1848 curasse
1526 1831 1545 1862 ,
1586 1790 1669 1847 ut
1702 1777 1771 1859 id
1824 1801 2079 1848 omnes
2118 1775 2449 1848 viderent
2474 1831 2491 1860 ,

351 1887 556 1985 quod
598 1903 808 1962 antea
848 1887 1100 1960 fuisset
1139 1885 1533 1960 occultum.
1578 1889 1821 1977 Quare
1865 1890 2002 1958 ista
2042 1886 2492 1982 conjuratio,

351 2001 411 2070 si
455 1997 805 2097 patefacta
847 2023 978 2098 per
1022 2023 1137 2071 me
1173 2013 1319 2085 est,
1360 2013 1505 2070 tam
1554 2012 1752 2095 patet
1800 2001 2232 2082 Hortensio,
2271 2021 2491 2094 quam

357 2109 552 2180 mihi.
596 2113 833 2201 Quem
869 2135 1102 2208 quum
1146 2109 1426 2200 videas,
1472 2108 1615 2180 hoc
1660 2108 1979 2200 honore,
2024 2111 2492 2196 auctoritate,

351 2222 656 2306 virtute,
699 2221 1001 2294 consilio
1038 2219 1415 2318 praeditum
1440 2274 1461 2307 ,
1506 2243 1658 2290 non
1708 2216 2113 2307 dubitasse,
2155 2222 2334 2317 quin
2380 2220 2495 2290 in-

353 2347 740 2403 nocentem
799 2338 871 2404 P.
931 2331 1200 2404 Sullam
1255 2329 1731 2401 defenderet:
1792 2354 2083 2429 quaer0,
2143 2354 2314 2418 cur,
2364 2332 2497 2427 qui

353 2440 592 2513 aditus
627 2442 720 2515 ad
743 2467 1029 2517 causam
1067 2442 1452 2513 Hortensio
1481 2442 1827 2539 patuerit,
1856 2440 2033 2514 mihi
2060 2440 2499 2515 interclusus

357 2576 514 2623 esse
538 2551 892 2624 debuerit.
923 2554 1186 2643 Quaero
1222 2551 1399 2623 illud
1440 2552 1656 2623 etiam
1678 2610 1696 2638 ‚
1722 2556 1779 2624 si
1810 2576 1963 2641 me,
2002 2553 2132 2649 qui
2152 2549 2495 2635 defende,

358 2660 1042 2761 reprehendendum
1105 2676 1316 2759 putas
1378 2686 1571 2752 esse,
1636 2661 1814 2761 quid
1881 2662 2171 2733 tandem
2235 2658 2327 2731 de
2384 2658 2497 2729 his

355 2776 720 2847 existimes
749 2776 1052 2845 summis
1078 2775 1248 2845 viris
1275 2790 1349 2845 et
1384 2774 1788 2845 clarissimis
1826 2771 2141 2860 civibus,
2173 2796 2493 2869 quorum

357 2884 601 2957 studio
657 2901 730 2958 et
784 2875 1149 2983 dignitate
1183 2884 1529 2959 celebrari
1578 2884 1720 2955 hoc
1766 2882 2197 2979 judicium¹,
2247 2884 2496 2953 ornari

358 3022 680 3085 causam,
718 2995 1007 3071 defendi
1044 2997 1264 3091 hujus
1308 2996 1797 3069 innocentiam
1836 2992 2059 3065 vides.
2098 2996 2264 3063 Non
2296 2994 2494 3063 euim

428 3276 514 3321 28.
545 3275 606 3338 Q.
647 3272 894 3321 Hortensii
915 3270 1133 3337 saccum.
1180 3270 1240 3319 Id
1280 3281 1378 3332 est,
1466 3284 1538 3327 ra,
1556 3279 1611 3316 ut
1624 3266 1839 3328 judicem
1858 3279 2005 3328 quem
2022 3263 2255 3324 adjuvare
2272 3262 2495 3319 debeam,

361 3353 510 3403 Sullae
529 3353 764 3402 defensio.
791 3380 862 3391 --
884 3351 1150 3400 Clarissimi
1171 3350 1276 3399 viri
1294 3361 1375 3397 ae-
1465 3362 1613 3411 quem
1652 3360 1964 3411 oppugnare,
2012 3358 2159 3406 quem
2194 3341 2457 3390 defendere
2476 3377 2492 3401 ,

359 3449 454 3497 que
471 3431 774 3481 ornatissimi
789 3430 921 3481 civis.
957 3432 1120 3481 Οτι-ων.
1147 3452 1174 3473 α
1191 3430 1375 3479 clariss.
1465 3441 1613 3489 quem
1648 3425 1883 3475 deserere.
1906 3450 1979 3463 «-
2006 3424 2069 3469 In
2106 3420 2181 3469 leis
2214 3420 2396 3468 σαωὶς.
2418 3423 2491 3467 De

352 3522 500 3575 atque
523 3528 632 3561 om.
657 3510 750 3559 viri
764 3534 808 3561 n.
945 3542 950 3549 -
1464 3506 1821 3566 conjuratione.

429 3606 520 3655 ⁴29.
541 3591 664 3640 Mihi
687 3591 919 3658 majorem
945 3590 1026 3639 1«ae
1047 3606 1124 3639 res
1146 3588 1377 3637 dolorem.
1540 3588 1625 3633 ³1.
1650 3582 1970 3633 Decet-endas.
2000 3580 2059 3628 ld
2086 3590 2185 3639 est,
2202 3594 2305 3627 non
2328 3577 2491 3628 ‹lesen-

359 3672 488 3735 Quin
515 3671 688 3720 consul
716 3672 770 3719 in
795 3672 928 3720 cives
953 3670 1134 3735 impios
1153 3666 1377 3715 animad·
1468 3662 1677 3712 dendus.
1710 3666 1955 3711 Patronus
1982 3662 2113 3707 enim
2143 3658 2341 3705 deserit.
2374 3659 2491 3705 naec

363 3752 509 3810 verti,
533 3763 583 3799 et
608 3751 753 3814 hujus
777 3750 1012 3816 puniendi
1033 3748 1246 3797 criminis
1263 3762 1379 3794 cun
1466 3743 1617 3792 verba
1642 3757 1745 3790 non
1770 3741 2003 3804 leguntur
2026 3741 2079 3787 in
2099 3736 2229 3787 Pith.
2250 3734 2365 3783 cod.

355 3830 510 3893 magis
549 3830 612 3879 ad
653 3848 754 3888 me,
796 3846 943 3895 quam
983 3830 1046 3877 ad
1089 3840 1378 3891 quemquam
1536 3824 1605 3871 11.
1640 3840 1686 3873 1.
1720 3820 1959 3871 celebrari
1982 3820 2078 3867 Ιιοο
2100 3815 2362 3882 judicium.
2390 3818 2487 3862 Ve—

355 3909 502 3957 atium
529 3910 750 3975 pertinet.
1468 3916 1641 3953 nerant
1660 3918 1763 3950 non
1796 3912 1851 3949 ut
1876 3898 2073 3965 patroni
2101 3912 2293 3943 causam
2310 3894 2489 3949 acturi,

428 3992 511 4039 30.
537 3990 744 4038 Gravius
772 4004 874 4036 esse
897 3986 1160 4051 judicium.
1193 3984 1252 4031 Id
1277 3994 1377 4041 est,
1468 3984 1553 4031 sed
1579 3994 1635 4031 ut
1655 3982 1915 4040 advocati,
1935 3995 2071 4027 reum
2099 3992 2185 4025 sun
2210 3974 2489 4039 prasentia,

357 4087 472 4119 num
495 4070 614 4119 mihi
639 4070 835 4133 gravior
855 4065 1180 4131 impendenda
1201 4072 1274 4110 est
1300 4078 1380 4109 cu·
1469 4080 1651 4127 suaque
1678 4062 1965 4110 auctoritate
1999 4056 2315 4105 sublevaturi.
