2594 4537
343 271 481 322 222
998 243 1815 335 PROLEGOMENA.

343 394 575 438 corum
594 369 731 436 face
752 364 1115 434 collustrari
1136 365 1544 453 potuerunt?
1573 365 1776 448 Quasi
1797 385 1936 430 non
1957 363 2192 454 saepius
2217 365 2556 456 ingenio

349 497 415 546 et
439 477 735 544 moribus
755 472 921 538 facta
938 469 1458 538 accommodaret
1485 485 1730 553 orator,
1749 492 1874 538 nec
1895 469 2034 559 ipse
2059 470 2558 560 responderet
2582 457 2584 509 :

350 587 577 652 Cicero
623 582 693 646 in
740 577 1157 644 Cluentiana!
1204 608 1233 634 ι
1259 578 1448 642 Errat
1479 579 1904 642 vehementer
1945 577 2002 642 si
2041 578 2190 665 quis
2229 579 2328 642 in
2379 601 2554 642 ora-

350 690 639 758 tionibus
671 685 905 752 nostris
924 733 944 768 ,
995 705 1155 773 quas
1196 684 1267 748 in
1312 683 1574 764 judiciis
1623 683 2010 766 habuimus,
2067 685 2552 752 auctoritates

352 812 601 862 nostras
636 793 1045 881 consignatas
1076 811 1145 856 se
1177 789 1420 854 babere
1459 789 1828 854 arbitratur.
1873 790 2121 856 Omnes
2153 791 2366 856 enim
2409 790 2550 856 inae

348 901 675 966 orationes
704 917 1045 966 causarum
1070 911 1137 960 et
1162 911 1538 984 temporum
1557 913 1746 978 sunt,
1762 917 1900 960 non
1929 894 2292 962 hominum
2327 897 2550 985 ipso-

354 1029 501 1072 rum
518 1029 594 1071 ac
611 1021 1035 1094 patronorum
1051 1049 1071 1084 ,
1098 1017 1261 1067 etc.»

442 1114 661 1180 Notha
692 1109 1163 1178 existimabitur
1210 1109 1418 1174 oratio
1465 1130 1590 1197 pro
1627 1107 1938 1191 Murena,
1977 1107 2162 1196 quod
2207 1131 2380 1197 σοι).
2447 1131 2546 1194 29

354 1243 489 1286 non
516 1217 691 1308 apud
721 1219 1075 1305 imperitam.
1106 1212 1592 1280 multitudinem
1627 1215 1824 1280 verba
1841 1215 2052 1280 facere
2079 1212 2538 1302 profitentur,

351 1347 560 1414 quum
604 1339 829 1390 contra
862 1321 947 1386 de
981 1321 1277 1402 Finibus,
1309 1321 1432 1402 IV,
1481 1343 1591 1409 27,
1641 1343 1716 1386 se
1763 1319 1940 1409 apud
1985 1320 2344 1408 imperitos
2399 1341 2540 1406 pro

354 1433 633 1498 Murena
660 1429 897 1496 dixisse
928 1425 1302 1492 contendat.
1341 1427 1540 1510 Quod
1575 1428 1632 1492 si
1661 1427 1832 1492 hanc
1865 1427 2326 1502 inconstantia>
2369 1447 2534 1490 sus-

352 1537 679 1627 picionem
708 1534 953 1598 veritus
988 1547 1159 1596 esset
1188 1531 1458 1614 Cicero,
1489 1553 1852 1620 numquam
1883 1531 2214 1598 orationee
2247 1530 2532 1596 edidis-

354 1659 491 1722 set,
522 1661 731 1728 quum
763 1638 833 1700 in
866 1636 1173 1702 Pisonem
1202 1652 1269 1702 et
1301 1636 1664 1702 Antonium
1701 1636 1910 1724 gravis
1941 1659 2204 1702 morum
2237 1657 2528 1713 censor,

354 1745 527 1812 idem
559 1766 681 1833 pro
712 1742 909 1808 Coelio
938 1743 1093 1806 vitia
1127 1757 1426 1808 excuset·
1407 1789 1430 1823 ,
1465 1764 1672 1830 quum
1702 1740 2034 1810 Vatinium
2079 1741 2522 1808 acerbissima

354 1865 791 1943 persequutus
822 1849 1115 1914 oratione
1130 1896 1149 1930 ,
1164 1848 1432 1914 biennio
1463 1865 1614 1937 post
1641 1847 2039 1931 defenderit3
2075 1871 2292 1937 quum
2321 1848 2522 1916 Gati-

352 1958 551 2024 linam
586 1957 801 2044 ipsum
836 1953 1187 2020 defendere
1220 1953 1630 2042 cogitaverit?

452 2061 653 2147 Quod
673 2061 757 2128 ad
774 2059 1237 2126 excutiendum
1268 2059 1530 2126 dicendi
1549 2081 1756 2149 genus
1773 2061 2042 2142 attinet,
2071 2058 2282 2126 dicam
2313 2056 2516 2148 quod

360 2171 590 2238 sentio.
646 2168 801 2234 Non
856 2169 945 2234 ita
982 2166 1255 2256 eleganti
1303 2188 1606 2233 sermone
1647 2165 2066 2234 Marklandus
2107 2183 2174 2232 et
2211 2165 2510 2235 Woffius

360 2294 677 2356 utuntur,
710 2290 789 2339 ut
830 2274 1105 2341 omnino
1150 2270 1234 2341 de
1274 2295 1348 2339 re
1389 2288 1520 2337 tam
1556 2270 1800 2339 difficili
1835 2274 2080 2363 optime
2103 2273 2412 2353 judicare
2441 2288 2512 2337 et

362 2380 801 2452 Ciceronianae
838 2378 1170 2443 latinitatis
1208 2394 1474 2467 gustum
1509 2396 1730 2445 tenere
1767 2378 2128 2445 videantur.
2167 2381 2394 2445 Immo
2423 2379 2504 2443 iis

360 2488 603 2575 quibus
650 2506 691 2549 a
738 2483 957 2573 pueris
1006 2482 1243 2548 imbuti
1278 2501 1438 2553 sunt
1477 2484 1900 2572 opinionibus
1937 2485 2170 2575 saepius
2223 2502 2465 2575 parent
2483 2532 2504 2567 ,

359 2591 521 2655 dum
551 2588 715 2655 illud
740 2604 995 2653 tantum
1022 2610 1143 2675 pro
1174 2587 1380 2653 latino
1399 2588 1676 2675 ducunt,
1687 2590 1870 2679 quod
1891 2590 2066 2682 apud
2085 2592 2246 2657 alios
2277 2606 2505 2657 ancw-

364 2722 467 2765 res
516 2696 843 2778 occurrit,
896 2694 1364 2783 quodcumque
1405 2712 1620 2763 autem
1668 2698 1996 2787 propriam
2041 2700 2334 2789 ling-uam
2387 2712 2504 2763 aut

358 2807 618 2889 minus,
665 2820 780 2868 aut
825 2803 1019 2867 nimis
1078 2804 1360 2867 multum
1410 2804 1641 2887 refert,
1701 2804 1860 2870 illud
1901 2806 2200 2873 Ciceroni
2243 2804 2502 2888 abiudi-

356 2929 539 2995 cant,
574 2910 759 2999 quasi
792 2931 927 2976 non
962 2910 1193 2999 saepius
1246 2908 1424 2999 apud
1467 2934 1624 2977 eum
1652 2912 2102 2979 invenirentur
2137 2914 2498 3003 peculiares

358 3018 618 3085 dicendi
650 3014 853 3097 modi,
874 3016 989 3104 qui
1018 3032 1135 3081 aut
1158 3016 1243 3081 ad
1267 3018 1486 3105 ipsum
1513 3039 1746 3099 unum,
1779 3034 1898 3085 aut
1923 3017 2006 3083 ad
2035 3018 2276 3108 linguae
2299 3040 2496 3083 usum

364 3125 724 3213 pertinent,
762 3138 875 3187 aut
904 3120 1097 3185 etiam
1130 3120 1216 3187 ad
1250 3121 1646 3189 recentiores
1673 3139 2120 3189 manaverunt.
2157 3124 2495 3189 Declama-

364 3248 505 3312 tor,
535 3229 754 3316 inquit
784 3228 1147 3309 Sehiitzius,
1184 3228 1384 3295 verba
1415 3250 1490 3293 ea
1523 3246 1676 3316 post
1706 3229 1870 3297 Red.
1903 3231 1974 3295 in
2006 3230 2158 3295 Seu.
2193 3250 2336 3318 cap.
2385 3228 2493 3295 15:

356 3334 585 3401 ltalia
610 3349 841 3399 cuncta
867 3356 1049 3422 paene
1080 3333 1213 3399 suis
1246 3334 1536 3401 humeris
1551 3336 1963 3423 reportarit,
1987 3359 2024 3403 a
2045 3336 2448 3403 Plutarcho
2427 3358 2490 3400 in

359 3442 493 3509 Cic.
522 3440 631 3521 43,
664 3456 733 3503 et
756 3440 1127 3523 MacrobiO,
1164 3440 1532 3522 Saturn.11,
1555 3439 1616 3521 3,
1649 3458 1986 3509 mutuatus
2013 3442 2292 3508 videtur.
2327 3438 2488 3507 Illud

354 3564 531 3615 certe
576 3544 813 3611 addere
846 3546 1119 3613 decebat
1146 3546 1492 3636 periodum
1527 3564 1732 3615 totam
1767 3572 1850 3615 a
1879 3550 2196 3617 Asconii'
2179 3572 2247 3616 m
2289 3550 2486 3614 Coeei·

353 3655 517 3721 lium
532 3674 711 3741 ,.cap
741 3652 816 3735 6,
858 3652 1119 3717 scholiis
1143 3652 1225 3717 ab
1255 3668 1526 3719 auctore
1555 3653 2148 3721 declamatiunculae
2173 3676 2294 3743 pro
2321 3653 2488 3719 Mar*

352 3759 519 3827 cello
544 3758 975 3846 desumptam.
996 3756 1195 3841 Quod
1214 3781 1424 3845 quum
1447 3782 1559 3825 eos
1585 3752 1932 3847 predicare
1955 3759 2266 3851 puderet,
2293 3762 2484 3827 satius

354 3864 445 3933 eis
468 3863 681 3929 visum
708 3878 837 3943 est,
868 3862 925 3929 si
944 3862 1308 3929 Asconium
1333 3863 1905 3953 reprehenderent,
1927 3865 2108 3954 quod
2133 3865 2298 3931 illud
2325 3888 2484 3955 opus

347 3968 645 4033 Ciceroni
696 3968 1029 4051 tribuerit3
1070 3967 1187 4055 qui
1232 3984 1450 4036 tamen
1507 3987 1986 4039 commentator
2021 3994 2232 4061 quum
2272 3972 2478 4061 pauno
