2594 4537
140 214 151 223 ’
274 243 421 317 610
660 240 759 311 m
811 234 1360 309 omnem
1407 230 2016 304 Pmclmffl

272 367 481 437 tuisse,
516 361 567 423 si
610 358 685 421 ad
720 360 836 419 hoc
870 356 1171 437 adjecisset
1210 355 1538 435 ingenium,
1572 366 1640 416 ut
1673 351 1734 411 id
1761 351 2053 411 inveniret
2095 348 2266 431 quod
2300 370 2416 429 po—

273 474 423 524 terat
458 476 783 521 occurrere.
826 453 942 515 Sed
984 466 1149 513 acute
1191 452 1390 533 rapuit
1432 472 1504 509 ex
1550 450 1756 509 eodem
1801 448 2108 527 proposito
2157 445 2452 505 validam·

272 540 734 639 responsionem,
764 563 831 611 ut
862 551 1045 631 magis
1080 570 1213 609 eum
1258 547 1537 627 cupidum
1564 546 1880 607 lacessendi
1919 543 2288 617 ostenderet,
2315 545 2416 622 qui

274 656 387 717 sibi
410 675 481 715 ea
517 654 673 713 ultro
704 662 1037 729 suggereret
1078 668 1209 726 quae
1253 646 1514 725 potuisse
1557 646 1676 706 dici
1707 644 2016 716 fateretur,
2061 661 2174 699 nec
2219 654 2412 700 tamen

276 754 433 815 dicta
462 752 597 811 sint.

366 904 437 975 6.
480 906 580 974 Te
612 898 851 973 aiebas
882 896 975 971 de
1008 899 1155 969 tuis
1197 894 1418 968 rebus
1453 894 1668 995 gestis
1713 892 1946 964 nullas
1991 891 2240 963 literas
2285 893 2414 962 mi·

269 1016 443 1087 sisse
463 1067 484 1102 ‚
536 1008 743 1109 quod
788 1008 969 1081 mihi
1017 1030 1193 1084 meae
1218 1060 1237 1095 ,
1281 1029 1463 1103 quas
1516 1003 1608 1078 ad
1652 1003 1966 1101 aliquem
2011 1004 2368 1073 misissem
2394 1058 2414 1082 ,

252 1121 697 1195 obfuissent.

344 1291 486 1347 Haec
511 1284 707 1347 omnia
720 1302 843 1343 nou
860 1280 937 1342 ad
955 1300 1119 1341 reum
1136 1278 1239 1339 sed
1260 1278 1336 1337 ad
1363 1296 1594 1340 omnem
1613 1277 1698 1358 (1)
1726 1278 2070 1336 Ciceronem
2089 1277 2414 1355 pertinent,

271 1386 439 1464 quasi
468 1382 727 1465 asperius
749 1400 783 1439 a
802 1384 1111 1439 Laterense
1132 1376 1456 1457 proposita.
1482 1380 1632 1435 Nam
1659 1372 1942 1453 siguificat
1961 1374 2278 1451 epistolam
2299 1394 2414 1433 uon

270 1482 623 1542 mediocrem
644 1476 719 1537 ad
743 1478 927 1535 instar
949 1474 1262 1533 voluminis
1290 1472 1564 1552 scriptam
1578 1513 1595 1543 ,
1626 1490 1802 1549 quam
1825 1470 2104 1549 Pompeio
2127 1474 2192 1527 in
2219 1470 2416 1529 Asiam

272 1586 381 1641 DE
418 1580 667 1639 REBUS
706 1574 869 1635 suls
908 1575 993 1631 IN
1033 1570 1498 1631 CONSULATU
1539 1568 1802 1629 GESTIS
1837 1568 2078 1625 miserat
2103 1567 2316 1627 Cicero
2337 1566 2416 1643 (a)

271 1678 571 1755 aliquanto
588 1714 607 1745 ,
634 1683 703 1729 ut
724 1664 1065 1739 videbatur,
1092 1665 1433 1725 insolentius
1461 1664 1768 1742 scriptam,
1813 1675 1880 1721 ut
1903 1660 2170 1742 Pompeii
2197 1677 2418 1722 stoma-

276 1774 451 1837 chum
476 1788 597 1829 nou
622 1765 993 1827 mediocriter
1019 1776 1414 1823 commoveret
1439 1784 1452 1818 :
1473 1759 1636 1839 quod
1667 1761 1919 1839 quadam
1945 1755 2302 1839 superbiore
2323 1762 2418 1839 ja-

272 1869 490 1929 ctantia
532 1860 805 1927 omnibus
834 1880 895 1921 se
926 1861 1191 1941 gloriosis
1220 1857 1468 1919 ducibus
1495 1871 1888 1937 anteponeret.
1920 1860 2052 1917 Hoc
2081 1858 2266 1937 igitur
2292 1858 2416 1919 vult

346 2132 426 2198 (ι)
458 2129 537 2181 Ita
567 2123 843 2199 perspicue
870 2122 1039 2177 codex
1062 2140 1276 2173 emm.

310 2212 323 2225 “
342 2214 419 2286 (s)
450 2211 605 2265 Hanc
641 2224 857 2282 quoque
891 2205 1105 2279 longam
1148 2201 1425 2257 Ciceronis
1465 2200 1740 2274 epistolam
1768 2202 1898 2267 (seu
1925 2202 2212 2274 epistulam
2239 2215 2419 2257 vetere

273 2298 537 2372 scriptura
552 2301 575 2365 )
592 2293 795 2367 injuria
817 2303 1121 2364 temporum
1143 2288 1420 2341 amisimus
1439 2304 1452 2340 :
1474 2285 1568 2340 sed
1591 2289 1704 2359 ejus
1725 2298 1868 2339 certe
1885 2286 2076 2340 notitia
2095 2299 2148 2339 et
2164 2285 2310 2358 apud
2325 2305 2418 2339 no-

269 2393 439 2437 strum
464 2380 801 2450 interpretem
827 2383 1093 2447 superest,
1114 2384 1195 2433 et,
1221 2380 1283 2424 ut
1307 2382 1450 2424 recte
1468 2369 1672 2423 notavit
1695 2369 2046 2434 Garatouius,
2065 2372 2216 2443 apud
2231 2371 2402 2443 ipsum

272 2466 585 2520 Cion-onem
601 2477 705 2532 pro
724 2457 895 2522 Sulla,
915 2463 1005 2520 24,
1030 2453 1117 2507 his
1134 2453 1312 2506 verbis
1334 2471 1349 2505 :
1378 2477 1403 2497 α
1423 2451 1526 2505 Hic
1551 2463 1610 2504 tu
1631 2452 1905 2524 epistolam
1925 2471 2102 2507 meam
2121 2472 2268 2526 saepe
2291 2454 2416 2508 reci·

274 2563 385 2612 tas,
416 2563 578 2618 quam
614 2561 715 2616 ego
742 2540 815 2595 ad
838 2539 939 2594 Cn.
959 2537 1270 2610 Pompeium
1287 2535 1359 2590 de
1389 2535 1522 2590 meis
1551 2537 1711 2590 rebus
1734 2537 1923 2610 gestis,
1949 2549 2002 2590 et
2024 2537 2094 2590 de
2114 2555 2326 2592 summe
2343 2557 2416 2591 re»

272 2629 487 2706 publica
505 2626 687 2680 misi».
705 2625 865 2677 Nune
882 2631 1051 2676 exstat
1072 2632 1281 2675 tantum
1303 2619 1476 2674 brevis
1489 2619 1758 2674 Ciceronis
1775 2621 1994 2692 epistola
2013 2619 2084 2674 ad
2103 2621 2414 2693 Pompeium

276 2714 403 2786 (lib.
424 2712 497 2776 V,
522 2709 675 2782 epist.
702 2727 729 2773 ⁷
751 2743 768 2771 ,
803 2705 875 2759 ad
898 2705 1064 2773 niv.)
1088 2723 1197 2778 qua
1232 2705 1285 2757 ei
1321 2703 1378 2757 iu
1399 2703 1526 2758 Asia
1555 2701 1766 2776 degenti
1797 2705 2093 2777 gratulatus·
2111 2704 2182 2758 de
2205 2705 2410 2760 Mithri-

274 2797 395 2852 date
415 2794 560 2849 victo
574 2832 591 2860 ,
612 2803 669 2846 et
705 2787 869 2844 simul
894 2788 1214 2860 expostulat,
1248 2785 1396 2860 quod
1416 2786 1475 2843 in
1493 2787 1660 2841 literis
1682 2807 1818 2862 quas
1841 2786 1914 2842 ad
1935 2807 1994 2842 se
2013 2787 2242 2842 misisset
2255 2828 2272 2848 ‚
2297 2787 2413 2841 nul·

272 2882 381 2935 lam
396 2877 501 2935 sibi
518 2892 701 2930 rerum
716 2882 901 2928 contra
928 2869 1213 2926 Catilinam
1226 2869 1285 2924 in
1302 2889 1402 2924 suo
1419 2871 1700 2926 consulatu
1721 2885 1991 2944 gestarum
2007 2871 2410 2944 gratulationem

272 2963 629 3037 significasset.
646 2955 917 3012 Nimirum
942 2955 1227 3028 Potupeius
1259 2954 1500 3027 priorem
1526 2954 1676 3009 illam
1703 2956 1978 3010 Ciceronis
2006 2956 2289 3028 glmionm
2315 2957 2412 3027 epi·

276 3049 467 3102 stolam
488 3045 711 3099 moleste
744 3038 919 3094 ferens
946 3037 1139 3112 frigide
1162 3035 1452 3092 admodum
1489 3051 1604 3094 tum
1639 3039 2016 3113 responderat,
2047 3054 2106 3096 et
2131 3040 2340 3094 nullum
2365 3040 2408 3091 ei

270 3130 521 3202 deinceps
532 3136 721 3182 contra
737 3123 1055 3178 Clodianam
1072 3123 1181 3177 vim
1206 3122 1564 3195 patrocinium
1579 3123 1838 3178 exhibuit.
1861 3123 2050 3178 Cicero
2068 3136 2272 3186 tamen.
2296 3123 2412 3178 Phi·

276 3214 411 3288 lipp.
432 3213 489 3265 11
503 3250 521 3279 ,
548 3211 601 3278 ⁵,
622 3210 732 3264 sit:
774 3233 801 3254 ιι
818 3206 1047 3262 Maxime
1078 3225 1203 3260 vero
1222 3206 1562 3261 consulatum
1585 3225 1762 3262 meum
1784 3209 1889 3264 cn.
1920 3207 2212 3280 Pompeius
2231 3209 2410 3280 proha·

275 3297 388 3353 vit:
408 3294 505 3368 qui
518 3304 581 3347 ut
596 3310 683 3347 me
699 3290 931 3365 primm
954 3287 1215 3346 decedens
1242 3308 1312 3343 ex
1331 3288 1486 3362 Syria
1506 3289 1642 3344 vidit
1658 3332 1675 3357 ,
1699 3292 2008 3364 complexus
2035 3303 2090 3346 et
2107 3293 2409 3364 gratulans,

272 3398 395 3434 meo
410 3375 669 3433 beneficio
691 3372 923 3448 pata-ism
938 3391 997 3430 se
1014 3371 1253 3430 visurum
1270 3390 1386 3430 esse
1403 3373 1596 3429 dixit».
1617 3374 1780 3442 Quod
1795 3375 1842 3430 si
1854 3393 1982 3429 vere
2005 3387 2188 3428 namt
2207 3374 2410 3440 Cion-o,

276 3461 335 3518 id
368 3481 403 3517 e
418 3457 676 3531 Pompeio
694 3455 1057 3512 stomachante
1082 3455 1209 3512 licet
1236 3455 1511 3512 Ciceronis
1527 3457 1837 3531 jactantiam
1857 3497 1874 3526 ,
1897 3457 2222 3512 urbanitatis
2237 3468 2412 3512 umen

276 3565 439 3604 censa
470 3544 671 3599 famum
698 3540 821 3595 fuit.
848 3541 1053 3596 Confer
1088 3541 1249 3596 etism
1278 3542 1350 3597 de
1376 3541 1534 3596 ome.
1559 3543 1613 3609 1,
1644 3562 1730 3598 ss.
1763 3541 1924 3610 Quod
1946 3561 2074 3596 vem
2095 3541 2412 3598 Garatoni-a

280 3631 460 3686 multis
481 3625 649 3682 Tullii
676 3624 808 3682 loeis
839 3623 1101 3697 congestis
1126 3642 1325 3698 negare
1345 3625 1541 3679 nititur
1562 3626 1871 3698 Pompeium
1901 3625 1974 3681 ob
1997 3644 2086 3680 eas
2111 3625 2296 3681 literas
2309 3625 2408 3680 irs·

278 3729 395 3770 tum
417 3709 617 3768 oratori
644 3709 803 3763 fuisse
816 3745 835 3776 ,
871 3706 1114 3782 adeoque
1148 3709 1480 3764 scholiastem
1507 3727 1761 3782 peccare3
1783 3709 1839 3763 id
1861 3707 2084 3782 quidem
2103 3719 2408 3781 argumento

276 3810 384 3863 est,
396 3795 533 3852 nihil
558 3796 669 3849 fere
694 3811 809 3849 esse
824 3790 897 3847 de
916 3809 1025 3866 quo
1042 3791 1185 3847 docti
1208 3793 1452 3848 homiues
1471 3793 1866 3850 controversari
1883 3795 2026 3850 inter
2049 3811 2110 3848 se
2129 3804 2406 3866 nequeant.

278 3883 587 3954 Egotsmen
612 3897 765 3934 more
788 3892 911 3932 meo
954 3879 978 3947 (
1004 3875 1159 3951 quod
1185 3877 1300 3936 dixi
1331 3877 1572 3954 superius
1589 3876 1659 3936 ad
1675 3877 1812 3934 hene
1829 3878 2132 3933 orationem
2159 3877 2246 3940 13,
2273 3896 2326 3940 ι,
2357 3895 2404 3930 n.

285 3965 366 4034 3),
381 3961 729 4018 vetustiorum
748 3961 1029 4017 homiuum
1058 3962 1337 4034 opiniones
1361 3962 1614 4016 libentius
1641 3963 1948 4034 amplector.
