2594 4537
429 256 687 326 POST
734 256 1084 327 REDIT.
1136 257 1249 327 IN
1299 258 1518 329 SEN.
1569 259 1978 329 ORATIO.
2137 262 2278 359 289

135 376 441 451 ferenda
473 403 633 449 mea
668 392 821 449 tota
852 379 998 449 vita
1034 393 1181 465 est,
1218 393 1302 449 ut
1335 378 1526 451 bene
1565 378 1656 452 de
1699 404 1815 453 me
1849 384 2129 455 meritis
2162 409 2274 457 re-

136 487 367 560 feram
403 489 741 585 gratiam,
768 488 1113 559 amicitias
1146 490 1312 586 igne
1333 486 1366 543 4
1399 505 1810 589 perspectas
1844 505 2076 583 tuear,
2105 518 2274 565 cum

136 603 411 697 apertis
458 596 791 669 hostibus
832 597 1109 669 bellum
1150 622 1394 695 geram
1421 652 1440 687 ‚
1482 598 1750 671 timidis
1789 604 2032 673 amicis
2077 608 2276 701 igno·

134 732 375 797 scam,
414 706 909 805 proditoribus
944 704 1172 779 meis⁵
1208 732 1360 779 non
1401 706 1711 783 indicem
1747 710 2076 783 dolorem
2105 739 2275 813 pro-

136 814 475 888 fectionis
506 833 719 906 meaa,
755 815 1171 889 defensores
1212 817 1490 891 reditus
1529 818 1874 916 dignitate
1919 825 2271 897 consoler.

136 926 360 1016 Quod
387 930 449 998 si
472 926 649 998 mihi
682 928 963 999 nullum
996 926 1193 999 aliud
1226 942 1415 1001 esset
1445 926 1766 1001 officium
1792 934 1870 1002 in
1897 936 2100 1004 omni
2131 937 2280 1007 vita

134 1038 505 1135 reliquum
524 1092 545 1126 ‚
567 1039 707 1109 nisi
728 1053 813 1109 ut
839 1062 1006 1135 erga
1035 1038 1255 1111 duces
1280 1041 1510 1136 ips03‚
1535 1054 1608 1111 et
1637 1040 2030 1140 principes,
2061 1058 2278 1143 atque

134 1162 475 1219 auctores
524 1139 770 1227 salutis
816 1169 1035 1235 meae,
1070 1148 1239 1219 satis
1294 1162 1538 1245 gratus
1581 1148 1978 1244 judicarem
2037 1166 2278 1227 tamen

136 1258 487 1353 exiguum
522 1256 815 1353 reliquae
850 1257 1013 1327 vitae
1053 1271 1342 1356 tempus
1387 1282 1538 1329 non
1581 1257 1800 1329 modo
1835 1258 1925 1331 ad
1965 1260 2281 1336 referen-

134 1366 309 1437 dam
331 1421 352 1456 ,
377 1392 633 1439 verum
669 1368 885 1439 etiam
918 1366 1009 1439 ad
1036 1368 1740 1443 commemorandam
1768 1373 2069 1467 gratiam
2099 1374 2280 1446 mihi

133 1478 475 1549 relictum
514 1491 873 1575 putarem.

234 1586 553 1678 Quando
610 1589 803 1659 enim
858 1611 993 1686 ego
1040 1586 1215 1660 huic
1262 1584 1590 1659 homini⁶
1647 1611 1728 1659 ac
1785 1587 2032 1662 liberis
2084 1592 2278 1687 ejus,

132 1698 441 1797 quando
485 1720 741 1769 omnes
778 1699 922 1771 mei
958 1700 1255 1797 gratiam
1301 1696 1657 1770 referent?
1694 1723 1856 1796 quae
1891 1704 2277 1793 memoria,

135 1834 305 1907 quae
339 1810 447 1881 vis
482 1809 794 1905 ingenii,
832 1830 993 1905 quae
1029 1809 1455 1907 magnitudo
1487 1808 1957 1883 observantiae
1987 1826 2098 1883 tot
2125 1827 2280 1885 tan-

132 1920 379 2015 tisque
408 1916 783 1991 beneficiis
814 1918 1255 2015 respondere
1286 1920 1596 2016 poterit?
1627 1921 1756 2017 qui
1787 1921 1970 1992 mihi
2006 1925 2280 2021 primus

136 2028 410 2100 afflicto
438 2042 513 2100 et
531 2028 802 2123 jacenti
830 2027 1285 2101 consularem
1313 2026 1532 2099 fidem
1560 2030 2078 2129 dexteramque
2105 2058 2280 2131 por-

133 2141 371 2227 rexit3
419 2138 551 2235 qui
596 2162 715 2209 me
763 2162 804 2209 a
850 2152 1088 2210 morte
1133 2138 1225 2210 ad
1270 2142 1534 2227 vitam,
1570 2164 1612 2210 a
1647 2138 2151 2238 desperatione
2187 2144 2280 2217 ad
2331 2228 2336 2233 ,

133 2275 343 2348 spem
370 2303 391 2338 ,
451 2246 545 2320 ab
609 2249 829 2321 exitio
892 2247 981 2320 ad
1045 2240 1348 2321 salutem
1414 2253 1820 2339 revocavit3
1881 2252 2013 2349 qui
2076 2266 2278 2326 tanto

136 2384 390 2432 amore
423 2362 500 2430 in
534 2384 688 2449 me,
730 2358 973 2432 studio
1016 2363 1095 2431 in
1136 2358 1670 2457 rempublicam·
1709 2359 1885 2450 fuit,
1940 2376 2020 2433 ut
2062 2387 2278 2437 exco-

136 2462 401 2568 gitaret
421 2525 442 2559 ‚
470 2470 1085 2567 quemadmodum
1114 2469 1587 2542 calamitatem
1616 2495 1850 2544 meam
1875 2495 2026 2544 non
2053 2475 2278 2548 modo

137 2581 415 2656 levaret
438 2635 457 2670 ,
493 2581 618 2653 sed
654 2584 869 2653 etiam
904 2580 1343 2653 honestaret.
1378 2581 1572 2672 Quid
1603 2583 1796 2653 enim
1822 2579 2280 2681 magnificen-

136 2695 323 2781 tius,
382 2691 564 2789 quid
622 2691 1030 2791 praeclarius
1093 2691 1277 2762 mihi
1338 2690 1660 2763 accidere
1719 2694 1995 2791 potuit,
2056 2719 2278 2793 quam

138 2800 349 2898 quod
372 2849 393 2890 ‚
445 2800 571 2872 illo
624 2814 919 2899 petente
941 2813 994 2890 ⁷,
1056 2824 1187 2872 vos
1247 2799 1656 2873 decrevistis
1677 2855 1696 2890 ‚
1758 2817 1841 2873 ut
1893 2806 2135 2876 cuncti
2189 2831 2277 2878 ex

210 3046 265 3094 4.
291 3037 382 3085 ΑΙ.
408 3035 519 3084 cod.
550 3034 713 3102 digne.
735 3039 786 3086 J.
803 3037 869 3086 V.
897 3037 953 3084 1..

212 3115 263 3164 ὅ.
290 3113 539 3164 Proditor.
566 3115 704 3165 meis.
742 3115 811 3162 Iis
831 3115 919 3180 qui
940 3129 1018 3162 me
1042 3126 1165 3179 pro·

1252 3035 1378 3084 illud
1393 3035 1553 3084 luctus
1571 3035 1647 3084 mi
1665 3037 1996 3100 epectaeulum
2013 3037 2068 3086 in
2091 3051 2276 3088 memo-

1252 3116 1372 3162 riam
1395 3125 1606 3164 revocet.
1628 3113 1778 3176 Quod
1791 3129 1895 3163 non
1914 3127 2167 3180 prasente,
2187 3119 2276 3166 aed

138 3191 403 3254 diderat,
434 3209 538 3243 non
568 3195 819 3244 octendnn
852 3209 955 3258 quo
990 3193 1166 3242 fuerim

138 3273 316 3323 dolore
344 3274 473 3321 inter
503 3271 912 3337 proficiscendum
946 3287 1165 3321 commo-

136 3364 372 3412 manuue
382 3367 501 3401 vero
508 3351 626 3401 illo·
640 3352 727 3416 qni
739 3368 816 3400 :ne
828 3350 1165 3410 defenderunt,

136 3431 327 3481 reditus
351 3431 451 3480 mei
474 3431 625 3496 gloria
659 3431 901 3481 consoler.
938 3430 1169 3494 Nugato-

135 3509 261 3558 rium
308 3509 439 3558 hane
490 3509 775 3558 sententiam
823 3507 1169 3570 iudicaverunt

136 3591 307 3638 (ἔων.
338 3589 541 3638 Lnllem.
576 3589 741 3638 Garat.
768 3586 981 3636 Wolfio,
1000 3623 1017 3650 ‚
1058 3601 1169 3650 que

138 3680 307 3716 tannen
323 3667 379 3715 id
394 3665 668 3730 signifieat:
692 3667 1005 3726 Ciceronem,
1028 3675 1167 3730 poct-

137 3763 289 3808 qnarn
326 3746 441 3794 setin
470 3746 573 3810 jam
613 3747 677 3795 de
711 3762 813 3795 nun
849 3743 1167 3809 profectionis

139 3826 315 3874 dolore
332 3824 567 3889 loquutus
584 3835 657 3874 est
667 3861 683 3888 ,
698 3825 843 3890 qnasi
863 3823 1168 3873 correctione

136 3905 353 3968 quadam
393 3905 495 3965 jem
532 3921 593 3953 eo
630 3920 682 3952 se
724 3905 873 3952 vitam
914 3903 1171 3952 transferre

138 3983 459 4041 denuntiare,
490 3993 545 4032 ut
568 3982 779 4031 inimicis
803 3983 904 4030 suis
929 3999 1029 4032 nou
1072 3983 1169 4046 jam

340 4071 459 4138 IV.
518 4087 605 4132 cie.
623 4102 737 4144 [mre
752 4085 964 4132 secunda.

1252 3194 1441 3257 futuro,
1462 3192 1674 3258 spondet
1691 3203 2002 3257 tempore.--
2018 3195 2101 3245 Al.
2121 3217 2144 3239 ι
2161 3213 2280 3262 pro·

1254 3271 1436 3320 ditores
1454 3287 1588 3321 meos
1605 3286 1708 3320 non
1733 3271 1944 3322 indicem
1958 3308 1974 3335 ,
2001 3274 2104 3325 dol.
2126 3293 2181 3342 p.
2204 3293 2276 3328 m.

1252 3350 1357 3399 red.
1385 3350 1620 3415 dignitate
1646 3351 1872 3400 consoler
1891 3375 1933 3402 ιι.
1962 3354 1995 3403 J
2001 3389 2014 3404 .
2037 3355 2102 3404 V.
2127 3357 2186 3406 L.

1325 3431 1375 3479 6.
1404 3431 1532 3478 Huic
1557 3428 1756 3478 homini.
1784 3433 1840 3480 Ρ.
1865 3435 2076 3482 Lentulo
2093 3469 2110 3496 ,
2133 3450 2276 3498 quem

1253 3509 1308 3557 in
1339 3507 1456 3557 sella
1492 3509 1651 3558 curuli
1689 3509 1937 3561 cedentem
1969 3529 2115 3562 mann
2144 3512 2275 3561 indt-

1254 3587 1413 3637 enbat.
1587 3587 1594 3592 ’

1330 3683 1376 3728 7.
1397 3669 1620 3714 Peuma.
1643 3668 1854 3716 Tantum
1879 3685 1952 3718 sc.
1975 3668 2069 3717 fuit
2086 3667 2280 3717 Lentuli

1255 3743 1470 3794 studium
1495 3745 1550 3792 in
1575 3745 1864 3794 Ciceronem
1877 3781 1894 3808 ‚
1923 3757 1978 3796 ut
2003 3762 2106 3796 non
2130 3747 2279 3795 refer-

1257 3834 1332 3872 ret
1355 3823 1516 3872 solnm
1553 3824 1605 3872 in
1654 3835 1857 3887 senatu,
1900 3825 1982 3874 aed
2022 3826 2164 3874 etiam
2197 3841 2281 3890 pe-

1220 3943 1229 3950 .
1258 3913 1381 3952 teret
1403 3902 1728 3969 precibueque
1747 3904 2064 3954 contenderet
2083 3921 2112 3954 a
2139 3921 2278 3954 sena-

1260 3993 1314 4030 tu
1333 4011 1351 4042 ‚
1378 3993 1435 4031 ut
1461 3975 1818 4045 decerneretur,
1841 3995 1936 4034 etc.
1963 3984 2045 4034 Sic
2071 4000 2180 4049 cap.
2203 3999 2224 4032 1
2241 3999 2285 4042 ι,

2008 4094 2092 4164 ¹9
