2594 4537
302 241 437 344 59²
683 246 785 316 IN
836 242 1397 313 ORATIONEM
1447 237 2050 313 PLANCIANAM

297 390 408 449 pro
437 368 553 428 alio
580 365 689 427 sibi
722 364 1189 444 conjunctissimo
1227 364 1541 423 candidato
1591 362 1720 442 vir(
1731 364 1784 443 1)
1830 367 2292 443 potentissimus·
2305 367 2452 425 nibil

300 466 692 545 promoverit,
723 482 905 540 quum
932 461 1019 521 illi
1044 460 1399 539 designando
1421 458 1695 519 studeret.
1719 461 2056 539 significare
2080 475 2286 521 autem
2311 484 2450 523 can-

298 564 559 621 didatum
590 560 822 618 videtur
866 563 933 615 Τ.
985 558 1263 635 Ampium
1286 555 1396 637 (2),
1441 556 1886 635 suffragatorem
1926 578 2068 616 vero
2101 562 2213 619 Cn.
2269 566 2450 618 Pom-

297 664 533 740 peium:
562 657 637 717 de
674 655 889 736 quibus
931 666 1050 714 tam
1090 671 1152 713 se
1188 668 1364 733 quam
1397 655 1676 734 Pompeio
1715 655 1796 714 sic
1840 656 1968 714 vult
1998 656 2193 735 accipi
2221 658 2450 716 Tullius

298 760 710 838 suspicionem,
738 767 806 812 ut
836 754 960 831 ipse
985 752 1221 831 quidem
1252 770 1362 831 pro
1393 753 1628 811 Plancio
1669 753 1915 812 valuerit
1939 753 2368 813 miserabiliter
2391 768 2448 813 et

294 857 539 915 demisse
564 852 848 931 petend03
876 849 1190 929 Pompeius
1218 869 1340 907 non
1359 849 1496 907 item
1529 868 1641 926 pro
1666 849 1801 909 Tito
1829 849 2072 928 Ampio,
2101 851 2319 929 utique
2340 870 2448 929 pm

296 952 645 1014 sublimitate
672 948 923 1009 nominis
948 960 1008 1007 et
1029 946 1306 1026 potentiae
1344 946 1654 1025 superbius
1685 946 1799 1007 hoc
1826 946 1938 1006 sibi
1963 947 2124 1026 apud
2157 949 2448 1027 populum

298 1047 595 1108 vindicans
616 1042 722 1125 (3).

390 1204 460 1286 4.
505 1196 811 1296 Rogatio
848 1190 1001 1265 haec
1046 1166 1332 1291 semper
1369 1205 1480 1264 est
1514 1192 2045 1291 gratiosissima.

376 1372 669 1447 Quoniam
700 1362 1031 1444 ambiguum
1056 1364 1143 1444 (l.)
1196 1356 1596 1439 verbum-est,
1627 1380 1686 1424 et
1716 1364 2008 1424 interdum
2036 1377 2236 1445 potest
2279 1387 2446 1447 roga-

292 1474 548 1543 tionem,
580 1468 639 1528 id
668 1479 784 1539 est,
821 1470 1011 1541 legem
1040 1465 1299 1520 nondum
1321 1468 1610 1539 perlatam
1635 1458 1718 1545 (5)
1738 1508 1756 1537 ,
1801 1464 2126 1543 significare
2144 1508 2163 1537 ,
2213 1466 2441 1525 idcireo

288 1570 385 1629 hic
414 1564 842 1627 admonendum
872 1560 1150 1619 lectorem
1171 1560 1410 1637 putavi,
1431 1580 1549 1637 per
1569 1560 1930 1639 rogationem
1957 1581 1993 1619 a
2019 1561 2222 1620 Tullio
2254 1582 2438 1642 quum

296 1668 543 1727 maxime
568 1662 907 1743 petitionem
938 1656 1247 1735 significari
1264 1700 1282 1728 ,
1321 1678 1452 1737 quae
1480 1660 1633 1717 facta
1659 1658 1735 1717 sit
1762 1678 1875 1737 pro
1907 1657 2240 1720 candidato.

392 1814 456 1887 5.
507 1818 614 1886 An
658 1814 1197 1885 Minturnenses
1229 1809 1316 1893 (6)
1363 1809 1642 1897 coloni,
1686 1808 1888 1906 quod
1928 1814 2003 1882 C.
2043 1812 2362 1883 Marium
2399 1838 2440 1885 e

295 1919 483 1999 civili
524 1924 718 1996 ferro
746 1931 829 2013 (7)
858 1941 1077 2023 atque
1115 1942 1206 1995 ex
1239 1921 1481 2021 impiis
1511 1920 1848 1993 manibus
1877 1922 2332 2021 eripuerunt.

365 2205 446 2275 (1)
468 2201 605 2257 cod.
640 2194 776 2255 viro.

368 2292 443 2358 (2)
465 2291 546 2342 De
569 2287 635 2340 T.
663 2285 855 2359 Ampio
874 2285 1117 2357 Pompeii
1138 2283 1373 2340 studioso
1401 2275 1529 2339 vide
1552 2281 1727 2336 Cicer.
1764 2268 1834 2335 nd
1861 2283 1978 2336 Div.
2002 2273 2115 2347 v'1,
2147 2302 2243 2351 1²3
2269 2277 2434 2346 xm,

296 2391 397 2443 70;
420 2370 489 2424 ad
512 2370 633 2425 Div.
650 2371 819 2433 VIII,
848 2387 948 2432 εις
968 2370 1157 2422 Cesar.
1177 2367 1306 2420 Bell.
1324 2364 2434 2434 Giv.111,1o⁵;Patercu1.11,4o.1>orro

294 2454 554 2510 aedilitatis
584 2453 849 2524 repulsam
886 2453 1068 2505 tulisse
1102 2451 1324 2523 Ampius
1357 2449 1570 2503 videtur
1587 2449 1898 2503 Garatonio.
1921 2452 2110 2523 Itaque
2133 2451 2434 2523 exemplum

292 2541 415 2594 satis
432 2549 795 2609 opportunum
826 2547 903 2588 est
937 2525 1068 2588 huic
1088 2553 1258 2588 causa
1276 2553 1438 2606 quam
1464 2533 1680 2586 Plancio
1707 2533 2009 2587 Laterensis
2031 2534 2296 2588 excitavit
2313 2533 2433 2588 ndi-

296 2622 455 2674 litatis
476 2617 741 2690 repulsam
760 2637 963 2687 passus.
1641 2691 1647 2696 -

367 2704 445 2776 (3)
471 2705 551 2755 De
579 2700 832 2773 Pompeio
862 2700 1108 2754 trudente
1142 2698 1489 2754 candidatum
1516 2698 1854 2753 comitiorum
1888 2713 2160 2772 tempore,
2185 2702 2431 2756 omnibus

298 2787 508 2852 invitis,
533 2785 658 2840 vide
676 2787 837 2838 etiam
862 2785 932 2838 ad
952 2785 1111 2838 Attic.
1134 2785 1192 2849 1,
1219 2787 1300 2838 16.

365 2875 439 2943 (4)
466 2869 709 2941 Spatium
734 2869 791 2921 in
817 2867 1001 2923 codice
1029 2869 1248 2922 fortasse
1270 2866 1594 2940 explendum
1613 2867 1779 2921 verbo
1803 2871 2109 2936 ambignum.

366 2956 448 3024 (5)
480 2954 721 3028 Spatium
760 2953 816 3006 in
855 2953 1040 3006 codice
1067 2951 1213 3025 quod
1248 2952 1454 3025 explevi
1482 2971 1550 3005 ex
1575 2953 1898 3025 conjectura.
1929 2952 1999 3003 Et
2035 2951 2255 3024 quidem
2295 2967 2432 3008 totus

292 3043 441 3094 locus
476 3037 759 3092 videbatur
783 3036 1131 3109 corrigendus
1148 3043 1223 3090 sic
1245 3057 1260 3088 z
1287 3052 1338 3088 et
1363 3041 1608 3089 interdurn
1633 3051 1798 3105 potest
1819 3039 2014 3106 rogatio
2039 3041 2194 3106 Iegem
2213 3043 2430 3090 nondun

288 3129 534 3194 perlatam
560 3124 847 3193 significare.

366 3210 441 3274 (6)
466 3205 603 3259 Cod.
632 3209 1043 3269 minturnensem,
1068 3215 1125 3258 at
1148 3203 1408 3258 editiones
1437 3205 1811 3256 Minturnenses.
1836 3203 1900 3254 In
1927 3202 2172 3276 principe
2197 3203 2430 3258 editione

297 3310 395 3362 ego
418 3287 543 3344 dedi
562 3291 976 3341 Minturnensium
992 3328 1006 3351 ‚
1043 3307 1161 3360 quae
1187 3288 1348 3341 lectio
1379 3288 1678 3361 improbata
1706 3299 1782 3340 est
1807 3287 2023 3359 quidem
2053 3306 2086 3340 a
2105 3289 2428 3354 Garatonio,

296 3373 431 3426 mihi
454 3385 629 3425 tamen
650 3371 872 3425 ferenda
894 3369 1194 3425 videbatur.
1220 3373 1300 3424 Re
1322 3383 1498 3424 autem
1524 3390 1648 3425 vera
1667 3373 2070 3424 Minturnensium
2094 3375 2231 3440 (seu
2265 3375 2430 3427 mavis

294 3457 678 3523 Minturnenses)
702 3455 878 3508 coloni
902 3455 1129 3508 Marium
1160 3467 1526 3509 servaverunt.
1545 3456 1634 3507 Ait
1661 3455 1860 3528 quippe
1887 3455 2078 3509 Cicero
2102 3475 2208 3528 pro
2233 3457 2428 3522 Sextio,

294 3559 399 3594 22:
450 3565 474 3586 ιι
500 3537 737 3591 Marium
770 3537 840 3591 ad
875 3537 1185 3591 infimorum
1212 3558 1273 3593 ac
1323 3537 1752 3592 tenuissimorum
1806 3539 2088 3593 hominum
2143 3539 2428 3594 Minturnis

294 3621 708 3676 misericordiam
727 3622 1025 3694 confugisse
1046 3649 1087 3673 ι.
1107 3627 1172 3675 Et
1194 3621 1417 3695 quidem
1437 3621 1757 3676 Plutarchus
1778 3624 1870 3692 (in
1889 3623 2062 3676 Mario
2081 3619 2168 3676 ed.
2191 3624 2426 3678 Londin.

298 3707 457 3776 1723,
478 3719 610 3759 tom.
643 3705 699 3756 11
715 3744 730 3768 ,
750 3724 805 3778 p.
831 3705 972 3773 530)
995 3707 1153 3759 Marii
1183 3719 1507 3760 servatorem
1527 3707 1717 3761 diserte
1740 3707 1869 3761 dicit
1887 3710 2166 3780 λιμνουργὸν
2203 3711 2424 3781 γέροντι,

280 3793 483 3856 paludis
506 3789 956 3842 Minturnensium
976 3809 1135 3842 senem
1158 3796 1405 3844 colonum.

358 3873 437 3938 (7)
463 3877 611 3922 Ferro
641 3872 801 3927 habet
828 3873 999 3927 codex
1024 3874 1247 3937 melius,
1282 3894 1444 3948 qnam
1473 3873 1598 3930 edd.
1627 3897 1817 3941 errore,
1845 3889 1936 3932 aut
1961 3876 2194 3931 Ursinus
2225 3899 2420 3942 cruere,

284 3966 405 4019 quae
422 3951 610 4004 menda
634 3965 776 4007 sunt.
