2594 4537
616 343 1009 416 ORATIO
1048 346 1257 414 PRO
1305 347 1385 414 L.
1436 345 1866 416 FLACCO.
2173 349 2304 446 195

188 469 305 542 vit.
375 472 691 560 Questus
748 481 893 556 est,
958 465 1300 537 libertum
1349 489 1562 538 suum
1585 519 1604 554 ,
1662 467 1912 539 Flacco
1963 485 2268 568 praetore
2287 526 2306 560 ,

189 604 339 652 esse
378 578 819 651 damnatum.
878 579 943 646 Ο
973 576 1430 648 conditiones
1467 580 1758 648 miseras
1805 576 2306 652 administran-

186 687 441 760 darum
487 683 1063 784 provinciarum!
1106 687 1187 756 in
1228 684 1494 783 quibus
1535 685 1904 785 diligentia
1947 690 2162 787 plena
2216 692 2313 762 si—

186 799 617 871 multatum⁴
689 812 796 868 est
834 823 855 884 3
921 794 1399 894 negligentia,
1451 797 2068 895 vituperationum
2117 825 2134 867 t
2183 799 2314 872 ubi

186 911 527 980 severitas
553 907 955 1005 periculosa
988 919 1131 995 est,
1168 904 1556 978 liberalitas
1585 909 1889 1006 ingrata3
1935 933 2173 982 sermo
2207 915 2315 983 in·

186 1017 495 1092 sidiosus
515 1015 571 1106 ⁵,
600 1017 987 1090 assentatio
1016 1016 1465 1114 perniciosa;
1519 1014 1722 1088 frons
1752 1019 2078 1090 omnium
2106 1017 2312 1091 fami-

186 1129 379 1200 liaris
405 1182 426 1216 ,
492 1127 889 1202 multorum
931 1127 1213 1198 animus
1250 1127 1516 1213 iratus;
1552 1124 1938 1198 iracundiae
1973 1129 2274 1200 occultae
2295 1179 2316 1218 ,

188 1237 551 1315 blanditias
604 1251 914 1335 apertae:
969 1237 1344 1308 venientes
1401 1247 1741 1332 praetores
1807 1253 2224 1336 exspectant
2241 1236 2276 1284 ⁶
2296 1294 2315 1327 ‚

190 1346 661 1448 praesentibus
682 1349 1121 1433 inserviunt,
1145 1344 1498 1417 abeuntes
1533 1345 1899 1417 deserunt.
1937 1346 2077 1419 Sed
2109 1351 2320 1420 omit-

190 1475 425 1532 tamus
449 1458 818 1556 querelas,
858 1481 953 1528 ne
994 1469 1326 1528 nostrum
1367 1455 1748 1528 consilium
1783 1457 1859 1526 in
1901 1461 2318 1554 praetermit—

190 1569 426 1642 tendis
445 1580 471 1625 7
522 1560 959 1666 provinciis⁸
996 1563 1288 1638 laudare
1333 1565 1727 1638 videamur.
1769 1569 2088 1640 Literas⁹
2130 1571 2326 1641 misit

192 1677 279 1752 de
318 1680 561 1752 villico
596 1682 669 1749 P.
716 1676 1076 1775 Septimii,
1136 1675 1449 1749 hominis
1499 1681 1785 1765 ornati,
1841 1680 1974 1775 qui
2041 1678 2323 1752 villicus

192 1787 459 1866 coedem
492 1785 763 1860 fecerat
797 1814 814 1857 :
853 1786 1275 1883 Septimium
1301 1783 1672 1858 ardentem
1691 1788 2056 1860 iracundia
2083 1788 2324 1862 videre

192 1899 549 1996 potuistis.
611 1901 699 1968 In
744 1896 1097 1966 Lurconis
1158 1893 1502 1966 libertum
1551 1895 1900 1992 judicium
1947 1923 2038 1970 ex
2087 1900 2325 1972 edicto

193 2007 392 2080 dedit
426 2035 443 2077 ε
484 2006 713 2078 hostis
745 2020 853 2078 est
876 2009 1139 2076 Lurco.
1159 2003 1358 2093 Quid
1381 2005 2038 2101 igitur?hominum
2070 2011 2329 2105 gratio·

196 2143 443 2190 sorum
476 2114 1169 2216 splendidorumque
1200 2110 1478 2185 libertis
1497 2111 1634 2184 fuit
1664 2115 1828 2186 Asia
1854 2114 2200 2188 tradenda
2219 2119 2332 2188 ¹⁰?

193 2233 303 2303 An
324 2227 729 2301 simultates
746 2233 836 2314 ¹¹,
855 2223 1101 2299 nescio
1129 2245 1343 2321 quas,
1371 2245 1536 2295 cum
1567 2221 1845 2297 libertis
1871 2227 2126 2299 vestris
2141 2228 2328 2303 Flac·

198 2364 321 2411 cus
356 2336 689 2412 exercet?
726 2341 837 2407 An
871 2334 1079 2407 vobis
1114 2335 1190 2403 in
1230 2334 1482 2407 vestris
1513 2349 2067 2433 vestrorumque
2095 2342 2325 2411 causis

198 2451 531 2523 severitas
570 2446 741 2519 odio
784 2460 929 2535 θεῖς
974 2441 1304 2517 eamdem
1336 2442 1634 2516 laudatis
1655 2498 1674 2533 ,
1716 2460 1964 2543 quum‘
1983 2443 2072 2516 de
2113 2447 2326 2519 nobis

192 2558 567 2655 judicatis?

290 2672 614 2740 XXXVI.
642 2670 737 2739 At
767 2668 901 2739 iste
920 2662 1169 2735 Andro
1188 2668 1246 2752 ¹,
1288 2663 1636 2761 spoliatus
1659 2664 1872 2739 bonis
1891 2720 1910 2755 ,
1943 2681 2028 2739 ut
2055 2666 2326 2756 dicitis,

200 2778 287 2855 ad
324 2776 715 2852 dicendum
745 2776 1237 2849 testimonium
1274 2798 1423 2845 non
1451 2778 1670 2848 venit.
1704 2776 1899 2868 Quid
1917 2829 1937 2864 ‚
1969 2779 2026 2847 si
2052 2780 2330 2850 veniat?

201 2892 597 2963 Decisionis
652 2886 965 2959 arbiter²
1016 2890 1096 2959 C.
1141 2882 1464 2957 Caecilius
1513 2884 1672 2957 fuit.
1731 2888 1899 2977 Quo
1940 2889 2328 2985 splendore

268 3066 321 3115 4.
346 3056 427 3105 ΡΙ.
455 3054 773 3104 simultatum.
814 3051 1043 3103 Exuit-m
1075 3048 1217 3111 odie,
1305 3061 1396 3100 est.
1422 3050 1536 3102 Vid.
1559 3051 1769 3119 Epistol.
1789 3051 1852 3099 sd
1872 3052 2092 3101 Atticum
2110 3086 2128 3115 ,
2155 3056 2221 3113 V,
2245 3055 2329 3105 15.

203 3138 239 3183 si
260 3136 361 3185 sint
382 3134 717 3199 diligentiores
740 3132 795 3181 in
816 3130 1089 3181 exercendo
1106 3132 1219 3192 iure
1377 3144 1426 3194 9.
1451 3130 1636 3179 literas
1658 3130 1800 3179 mzkie.
1826 3130 2026 3179 Flaccus
2049 3132 2179 3180 Asine
2195 3148 2327 3196 pm·-

202 3226 446 3279 praetores.
1305 3218 1406 3270 tor,
1437 3220 1492 3258 ut
1529 3208 1752 3274 Septimii
1780 3208 1996 3269 villicus,
2031 3210 2118 3276 qui
2142 3212 2325 3261 cadem

270 3296 320 3343 5.
362 3294 533 3341 Semo
559 3288 835 3341 insidiosus.
868 3290 1127 3354 Superiora
1156 3286 1219 3337 de
1307 3289 1516 3350 ficerat,
1544 3286 2046 3353 comprehenderetur.

203 3372 493 3439 preteribat
506 3406 524 3431 ‚
561 3372 669 3421 haee
710 3370 773 3419 de
810 3368 1219 3435 provincialibus,
1384 3382 1465 3416 xo.
1505 3366 1782 3417 deenda.
1823 3366 2039 3417 Omnino
2075 3370 2291 3420 dedentis
2306 3404 2323 3429 ,

204 3470 412 3518 quorum
438 3466 599 3503 sermo
624 3450 824 3500 insidias
848 3448 1029 3509 tendit,
1055 3461 1220 3498 assen-
1309 3460 1453 3511 qusm
1481 3462 1574 3511 pro
1598 3444 1802 3495 arbitrio
1817 3455 2017 3497 vexent.

204 3536 319 3582 tatio
341 3532 611 3598 perniciem
628 3531 843 3579 molitur.
1387 3539 1469 3573 n.
1500 3528 1581 3573 Ah
1609 3524 1888 3574 simultates.
1915 3526 2039 3575 Nam
2067 3522 2214 3574 fldem
2241 3542 2330 3576 vos

270 3614 323 3661 ⁶.
356 3614 680 3677 Exspectant.
712 3611 895 3674 Hagno
920 3620 1033 3655 cum
1058 3604 1223 3655 studio
1309 3605 1466 3653 faeere
1476 3604 1722 3670 poteritis,
1733 3604 1847 3653 ideo
1865 3604 2116 3654 damnatos
2129 3604 2330 3655 lihertos

206 3702 479 3757 exspectare
500 3688 743 3739 videntur.
1068 3682 1079 3691 '
1313 3694 1523 3746 vesu-os,
1540 3683 1678 3748 qnod
1703 3700 1814 3733 cum
1833 3684 1903 3731 eis
1919 3682 2185 3734 simultates
2201 3686 2332 3735 Flac·

278 3788 325 3831 7.
353 3766 798 3817 mammetis.
820 3765 946 3815 Edd.
964 3772 1075 3812 ante
1090 3764 1227 3811 an-
1314 3782 1400 3816 cus
1415 3764 1684 3813 exercebat.

210 3848 401 3909 binum,
423 3844 712 3897 endecade.
734 3846 861 3895 LV.
884 3846 937 3894 L.
1383 3840 1625 3894 xxxvt.
1661 3859 1704 3891 ι.
1731 3840 1924 3891 Andro.
1953 3840 2158 3891 Valeriae
2178 3845 2272 3893 vir.

281 3930 329 3977 8.
351 3926 635 3976 Provinciis.
662 3929 825 3989 Quum
845 3922 1033 3971 seilicet
1054 3938 1083 3971 e
1108 3938 1229 3972 eon·
1391 3938 1438 3972 α.
1469 3918 1735 3970 Decfsionis
1759 3918 1954 3969 arbiter.
1977 3922 2130 3972 Testis
2154 3934 2334 3973 transs-

214 4006 366 4056 mlstu
410 4008 466 4054 in
500 4004 803 4071 provinciam
844 4004 915 4052 ire
950 4002 1142 4061 ποιοίη
1182 4012 1231 4051 et
1319 4003 1518 4061 aionis,
1545 4001 1631 4065 qui
1649 4035 1664 4060 ,
1693 4012 1933 4063 tamquam
1961 4002 2097 4051 testis
2113 4038 2128 4061 ‚
2155 4016 2335 4067 presto

216 4096 378 4147 pontes
418 4086 603 4135 invitus
638 4085 691 4132 in
728 4082 947 4133 Ciliciam
982 4082 1231 4146 profectus
1322 4084 1442 4143 luit,
1469 4096 1617 4146 quum
1643 4081 2022 4147 paciscerentur.

1993 4166 2098 4235 13.
