2594 4537
230 340 235 345 ,
304 260 443 359 590
694 262 795 332 m
844 258 1394 331 oRAnoNEM
1437 256 2050 331 PLANCIANAM

300 382 704 445 existimabant
728 381 843 461 (ι),
878 379 977 439 alii
1000 398 1145 438 vero
1177 398 1211 438 a
1244 378 1462 439 Latinis
1491 378 1716 457 priscis.
1748 384 1944 459 Atque
1969 381 2126 439 inter
2152 380 2272 440 bos
2299 381 2450 461 ipsos

304 502 479 541 musa
500 480 769 540 sacrificii
792 498 909 536 non
938 476 1229 535 convenit.
1272 478 1422 536 Nam
1453 475 1690 553 quidam
1719 476 1779 535 id
1809 477 2014 536 initum
2043 478 2132 557 (a)
2159 498 2240 536 ex
2273 480 2449 558 impe-

306 594 434 639 rato
454 580 641 639 Fauni
659 574 1034 635 contendunt.
1054 574 1336 631 Nonnulli
1355 586 1487 652 post
1509 572 1735 631 obitum
1751 574 1942 633 Latini
1963 575 2116 652 regis
2143 588 2208 632 et
2229 579 2448 647 AEneae,

293 677 453 757 quod
484 678 525 734 ii
547 692 830 751 nusquam
860 684 1314 749 comparuerant
1337 671 1440 751 (3).
1475 676 1680 750 Itaque
1709 672 1852 750 ipsis
1885 672 2098 731 diebus
2119 672 2264 731 ideo
2283 676 2452 732 oscil-

304 776 429 833 lare
454 774 854 842 instituerunt,
882 782 948 828 ut
978 768 1248 848 pendulis
1276 769 1558 829 machinis
1595 771 1982 849 agitarentur,
2034 771 2324 848 quoniam
2363 790 2454 829 eo·

304 892 437 929 rum
468 888 679 947 corpus
706 868 765 925 in
794 867 963 925 terris
992 886 1109 924 non
1140 879 1290 925 esset
1325 878 1620 945 repertum
1638 910 1655 939 ,
1697 878 1764 924 ut
1788 870 1994 925 animae
2021 866 2187 925 velut
2229 868 2294 925 in
2323 886 2452 925 aere

306 979 723 1045 quaererentur.
752 963 1049 1023 Feriarum
1078 963 1392 1021 latinarum
1419 962 1700 1021 sacrificio
1737 962 1959 1021 solebat
1983 963 2099 1020 hoc
2122 962 2453 1035 observari,

308 1078 375 1122 ut
398 1062 599 1121 Hostia
620 1061 707 1140 (4)
741 1074 802 1117 et
827 1060 1087 1119 civitates
1116 1058 1446 1137 adjacentes
1468 1060 1865 1137 portiunculas
1899 1060 2089 1117 carnis
2121 1060 2456 1139 acciperent

308 1181 379 1219 ex
412 1158 637 1217 Albano
664 1169 859 1215 monte
908 1154 1227 1215 secundum
1268 1168 1522 1214 veterem
1561 1155 2050 1234 superstitionem.
2078 1161 2310 1215 Verum
2343 1170 2456 1213 tam

306 1257 579 1335 exiguum
606 1254 667 1311 in
700 1254 813 1311 illis
862 1251 1190 1312 civitatibus
1218 1272 1524 1311 numerum
1562 1252 1865 1310 hominum
1901 1252 2214 1330 significat,
2251 1265 2323 1311 ut
2357 1252 2458 1311 de*

309 1355 420 1413 sint
446 1353 620 1410 etiam
649 1351 753 1429 qui
788 1369 1021 1409 carnem
1061 1350 1308 1429 petitum
1335 1348 1410 1407 de
1437 1350 1682 1408 solemni
1709 1368 1876 1408 more
1901 1350 2233 1408 mittantur.

410 1538 478 1581 α.
520 1510 1053 1606 Adjungamus‚
1100 1509 1159 1580 si
1194 1510 1343 1596 vis,
1379 1507 1456 1580 id
1493 1506 1696 1606 quod
1739 1522 1822 1579 tu
1863 1506 2036 1579 huic
2083 1506 2352 1581 obesse
2381 1518 2456 1597 (5)

314 1623 529 1693 etiam
562 1636 807 1719 putaS,
846 1634 1125 1718 patrem
1158 1618 1656 1717 publicanum.

395 1806 693 1858 Transttus
720 1799 785 1855 fit
824 1796 895 1854 ad
929 1796 1436 1874 quaestiunculam,
1466 1816 1582 1873 qua
1633 1794 1930 1855 humilitas
1957 1796 2188 1873 generis
2215 1794 2454 1875 objicie-

314 1900 490 1959 batur
514 1895 777 1964 Plancio,
804 1907 867 1951 ut
885 1893 967 1973 (6)
996 1907 1312 1973 eapropter
1330 1894 1604 1971 elargitus
1637 1894 1941 1971 pecuniam
1963 1892 2290 1967 videretur,
2310 1914 2454 1973 quo-

312 1998 468 2056 niam
498 1993 775 2071 consequi
806 1990 1140 2050 aedilitatem
1169 1991 1404 2049 familiae
1429 2010 1547 2049 suae
1573 1988 1852 2067 dignitate
1879 2009 1997 2047 non
2026 2006 2245 2069 posset.
2263 1990 2458 2050 Publi-

316 2228 558 2299 ἐλιυθίραν
584 2226 669 2284 τὴν
684 2224 819 2278 πόλιν
843 2222 1074 2280 ἐποίησεν·
1102 2213 1175 2282 αἶς
1201 2222 1233 2279 ἡ
1250 2220 1388 2292 τρίτη
1403 2220 1724 2292 προσενιμῆθη
1747 2218 2050 2284 &naamon
2069 2230 2169 2276 τῶν
2193 2223 2452 2286 &mettin

318 2319 479 2370 (vua.
510 2342 537 2362 ι
556 2315 783 2368 Senatus
816 2311 891 2364 ob
930 2328 1111 2382 pacem
1148 2327 1271 2362 cum
1309 2309 1466 2381 plebe
1507 2310 1698 2364 factam
1725 2308 1828 2363 diis
1859 2311 2118 2364 sacrificia
2153 2314 2454 2384 persolvere

318 2400 575 2462 decrevit,
596 2396 782 2451 addito
802 2413 911 2448 uno
928 2393 1017 2448 die
1047 2393 1227 2446 latinis
1254 2391 1393 2445 feriis
1411 2432 1430 2458 ‚
1456 2411 1576 2464 qun
1612 2405 1768 2445 antea
1799 2391 2009 2446 duobus
2035 2407 2248 2447 tantum
2279 2395 2458 2449 diebus

318 2484 737 2540 celebrabantur.
770 2477 982 2531 Primus
1008 2476 1226 2549 quidem
1255 2475 1368 2530 dies
1391 2495 1423 2529 a
1445 2475 1744 2547 Tarquinio
1765 2495 1891 2548 rege
1921 2492 2267 2532 consecratus
2297 2481 2458 2532 fuerat

320 2584 443 2647 post
477 2570 711 2624 devictos
735 2568 984 2619 Etruscos
1006 2583 1020 2617 τ
1046 2564 1180 2617 alter
1200 2583 1227 2616 a
1247 2564 1450 2638 populo
1475 2563 1708 2632 additus,
1727 2577 2011 2638 postquam
2030 2571 2234 2620 exactis
2251 2569 2458 2640 regibus

321 2658 535 2710 libertas
552 2651 673 2704 urbi
696 2648 901 2702 adserta
930 2659 1042 2701 est:
1076 2648 1262 2700 tertius
1288 2648 1523 2720 denique
1543 2654 1766 2704 accessit
1783 2651 1854 2704 ob
1871 2649 2104 2703 reditum
2127 2652 2306 2722 plebis
2333 2672 2364 2704 a
2391 2671 2462 2706 se-

321 2739 559 2796 00305000
580 2761 621 2787 ..
657 2735 906 2787 Jamvero
951 2732 1071 2804 quis
1117 2731 1332 2802 ignorat
1375 2733 1631 2786 victorem
1673 2734 2075 2788 celeberrimum
2117 2735 2462 2790 Etru-:orum

324 2825 485 2880 fuisse
504 2817 786 2875 Priscum?
809 2817 903 2888 qui
930 2829 983 2869 et
1002 2818 1071 2870 ab
1091 2816 1195 2870 iuis
1214 2817 1422 2889 imperii
1447 2818 1670 2890 insignia
1701 2819 1848 2872 ultro
1871 2820 2048 2872 oblata
2063 2824 2271 2891 accepit
2287 2840 2462 2887 ,coro-

322 2927 447 2964 nam
474 2923 691 2960 auream
706 2941 725 2968 ,
744 2901 929 2954 sellam
952 2902 1239 2955 eburneam
1258 2939 1277 2966 ,
1296 2913 1566 2973 sceptrum
1586 2922 1708 2957 cum
1734 2904 1928 2975 aquila,
1947 2905 2248 2958 amiculum
2265 2925 2464 2980 pnrpu-

320 3011 473 3048 renm
490 3007 615 3044 cum
641 2986 917 3042 securibus
942 3005 1047 3040 ιιι.
1075 2987 1355 3040 Recolatur
1377 2986 1522 3040 idem
1546 2987 1837 3060 Dionysius
1853 3029 1869 3055 ‚
1893 2989 2005 3055 111,
2027 2993 2116 3042 61.
2147 2990 2282 3042 Rem
2313 2991 2464 3062 pmii·

323 3079 443 3134 xius
461 3083 776 3147 pertractare
800 3088 913 3122 non
938 3069 1098 3142 hujus
1122 3081 1197 3123 est
1230 3071 1348 3126 loci.
1386 3071 1534 3126 Nihil
1552 3072 1763 3125 interim
1784 3085 1926 3126 vetat
1942 3114 1959 3139 ,
1984 3074 2118 3144 quin
2147 3075 2463 3130 arbitremur

327 3163 481 3218 serias
517 3178 546 3212 a
582 3156 763 3210 Prisco
798 3153 929 3207 olim
963 3154 1253 3215 institutas,
1280 3154 1602 3208 solemniore
1639 3155 1835 3211 deinde
1868 3157 1975 3211 ritu
2007 3177 2038 3212 a
2059 3157 2310 3229 Superbo
2337 3158 2462 3214 cele-

321 3244 463 3300 brari
492 3250 708 3312 coeptas.
750 3239 819 3290 Et
843 3236 1065 3310 quidem
1086 3238 1467 3292 Ambrosianus
1503 3239 1768 3312 interpres
1793 3259 1906 3294 non
1939 3251 2048 3294 tam
2099 3258 2258 3294 suam
2301 3260 2458 3314 qnam

326 3329 557 3384 aliorum
576 3322 881 3395 opinionem
907 3320 1073 3374 refert
1098 3319 1165 3373 de
1185 3321 1366 3374 latinis
1393 3321 1538 3376 feriis
1563 3341 1596 3376 u
1615 3323 1799 3378 Prisco
1817 3325 2120 3396 Tarquinio
2149 3325 2429 3378 institutis.

392 3416 471 3482 (ι)
499 3411 582 3462 Ita
610 3405 771 3460 codex
798 3407 1176 3471 existimabant,
1204 3403 1302 3457 sed
1322 3405 1533 3460 videtur
1554 3407 1733 3477 potius
1769 3407 2111 3462 scribendum
2133 3411 2431 3460 excubant.

393 3497 473 3566 (α)
509 3490 643 3546 eod.
670 3492 873 3542 initium.
893 3489 1095 3542 Confer
1118 3508 1220 3560 pro
1254 3489 1422 3561 Sylla,
1457 3490 1519 3544 13
1539 3529 1555 3555 ‚
1587 3510 1637 3545 a.

396 3581 473 3650 (3)
500 3573 637 3630 Cod.
678 3587 1104 3641 comparaveram.
1144 3573 1221 3625 De
1254 3575 1436 3627 AEneae
1477 3573 1693 3646 quidem
1729 3591 1950 3628 excessu
1983 3572 2109 3627 vide
2149 3573 2460 3647 Dionysiam

328 3665 604 3723 Halicarn.
632 3661 755 3710 Ant.
782 3659 933 3710 Rom.
958 3657 1013 3722 1,
1042 3659 1129 3721 64.

400 3753 481 3818 (4)
510 3747 681 3797 Hostia
706 3741 837 3794 urbs
871 3741 1011 3794 Latii
1038 3741 1286 3795 scribitur
1319 3741 1588 3796 interdum
1627 3759 1754 3796 cum
1795 3741 2176 3814 adspiratione.
2203 3743 2294 3796 sie
2323 3741 2456 3816 apud

328 3834 619 3886 Gruterum
646 3843 890 3889 ccconw,
922 3844 1009 3888 xo,
1030 3829 1223 3883 colonia
1241 3828 1522 3878 Hostiensae's.

401 3913 473 3973 (5)
501 3909 679 3962 Codex
704 3912 885 3961 abesse.
912 3907 1014 3962 Sed
1042 3909 1295 3964 mendum
1311 3948 1328 3974 ,
1349 3928 1474 3963 nam
1501 3909 1708 3976 Cicero,
1729 3929 1850 3982 cap.
1877 3911 1960 3976 13,
1980 3911 2169 3982 repetit
2193 3915 2372 3963 obesse.

401 3994 479 4059 (6)
511 3989 693 4042 Codex
718 4004 773 4040 ut
796 4005 863 4040 ut.
