2594 4537
668 286 1061 355 ORATIO
1109 288 1315 355 PRO
1365 286 1673 355 DOMO
1725 286 1951 355 SUA.
2244 288 2380 369 421

234 404 564 500 Negabas
609 402 715 477 fas
760 432 919 479 esse
938 462 957 495 ,
1010 406 1196 478 duos
1226 408 1562 479 consules
1584 420 1610 464 ⁷
1644 431 1797 479 esse
1826 408 1904 478 in
1933 405 2071 477 hac
2101 407 2386 478 civitate

234 516 570 587 inimicos
603 517 1041 616 reipublicae.
1081 522 1247 589 Duo
1294 533 1467 589 sunt
1509 520 1824 607 inventi,
1878 521 2006 614 qui
2053 532 2386 589 senatum

236 625 539 710 tribuno
581 624 849 698 furenti
900 632 1372 701 constrictum
1425 628 1840 717 traderen‘t3
1907 629 2038 727 qui
2088 652 2226 726 pro
2269 653 2386 699 me

236 750 483 837 patres
502 741 951 837 conscriptos
970 741 1378 839 deprecari,
1417 755 1490 811 et
1508 742 1786 839 populo
1814 740 2178 838 supplices
2205 763 2392 822 esse,

238 848 492 920 edictis
510 865 733 947 atque
754 852 1059 949 imperio
1082 854 1408 923 vetarent
1429 878 1448 939 ;
1479 850 1749 949 quibus
1778 844 2391 950 inspectantibus8

238 960 505 1032 domus
552 986 709 1033 mea
767 962 1332 1051 disturbaretur,
1379 961 1858 1060 diriperetur;
1905 965 2030 1059 qui
2076 961 2394 1059 denique

238 1068 611 1143 ambustas
652 1069 1113 1145 fortunarum
1148 1097 1479 1145 mearum
1513 1073 1892 1171 reliquias„
1941 1096 2104 1143 suas
2141 1074 2218 1142 in
2261 1069 2394 1141 do-

239 1204 403 1251 mos
442 1184 883 1281 comportari
906 1184 1268 1278 juberent.

341 1294 579 1363 Venio
620 1318 819 1363 nunc
854 1294 946 1365 ad
985 1308 1283 1392 patrem.
1326 1298 1473 1382 Tu,
1527 1297 1616 1385 Q.
1687 1293 1982 1378 Catule,
2027 1297 2126 1364 M.
2169 1294 2398 1364 Fulvii

241 1401 547 1471 domum
563 1414 621 1491 9,
650 1428 878 1500 quum
913 1409 972 1475 is
1013 1403 1249 1476 fratris
1282 1408 1390 1476 tui
1425 1429 1631 1476 socer
1660 1404 1932 1493 fuisset,
1964 1429 2399 1475 monumen-

242 1526 403 1581 tum
438 1527 731 1583 tuarum
768 1514 1279 1588 manubiarum
1338 1540 1493 1587 esse
1535 1514 1860 1603 voluisti,
1912 1529 2006 1607 ut·
2040 1514 2233 1610 ejuS,
2272 1516 2401 1610 qui

242 1626 646 1720 perniciosa
670 1624 1081 1722 reipublicae
1103 1626 1400 1698 consilia
1427 1629 1732 1723 cepisset
1749 1681 1767 1711 ,
1798 1628 2036 1694 omnis
2055 1624 2402 1693 memoria

240 1730 577 1804 funditus
621 1759 711 1806 ex
750 1736 981 1807 oculis
1017 1736 1401 1806 hominum
1449 1760 1534 1807 ac
1579 1734 1950 1806 mentibus
1998 1732 2398 1805 tolleretur.

242 1846 403 1911 Hoc
458 1844 519 1911 si
557 1845 807 1942 quis¹⁰
842 1844 978 1915 tibi
1015 1844 1396 1915 aedificanti
1437 1846 1628 1916 illam
1677 1846 2043 1943 porticum
2082 1844 2356 1916 diceret·
2385 1900 2403 1929 ,

244 1952 405 2026 fore
433 1970 754 2055 tempuS,
786 1982 1014 2055 quum
1056 1958 1115 2027 is
1162 1956 1503 2027 tribunus
1541 1955 1805 2054 plebis,
1854 1958 1982 2052 qui
2014 1957 2401 2026 auctorita-

242 2080 398 2135 tem
428 2083 753 2153 seriatim,
790 2066 1149 2163 judicium
1173 2068 1544 2141 bonorum
1572 2068 1902 2137 omnium
1935 2067 2366 2161 neglexisset
2392 2121 2410 2152 ‚

243 2191 460 2246 tuum
496 2194 1055 2250 monumentum
1077 2233 1096 2267 ‚
1130 2176 1557 2249 consulibus
1572 2201 1722 2247 non
1749 2175 1972 2247 modo
2001 2178 2407 2274 inspectan-

244 2287 483 2375 tibus,
546 2315 803 2362 verum
850 2290 1408 2386 adjuvantibuS,
1465 2286 1947 2375 disturbaret,
2003 2300 2405 2373 everteret,

244 2396 474 2495 idque
512 2422 677 2470 cum
722 2399 881 2494 ejus
920 2403 1139 2488 civis,
1192 2401 1318 2497 qui
1381 2397 1915 2497 rempublicam
1967 2421 2056 2468 ex
2110 2411 2406 2466 senatus

238 2511 681 2612 ,auctoritate
747 2513 1003 2582 consul
1060 2510 1537 2600 defendisset,
1597 2509 1819 2581 domo
1873 2508 2402 2606 conjungeret:

248 2645 405 2690 non
440 2621 951 2720 respondereS,
976 2621 1045 2691 id
1068 2677 1087 2710 ,
1122 2624 1256 2694 nisi
1280 2647 1540 2693 eversa<
1557 2623 1875 2708 civitate,
1905 2618 2230 2691 accidere
2261 2644 2410 2689 non

248 2732 513 2829 posse?

355 2845 601 2914 XLIV.
662 2847 750 2914 At
794 2842 1029 2916 videte
1076 2844 1394 2915 hominis
1447 2841 1978 2913 intolerabilem
2034 2839 2406 2910 audaciam

334 3097 385 3139 7.
418 3079 551 3126 Duos
580 3079 823 3128 consules.
856 3079 999 3126 Plura
1022 3081 1073 3126 in
1097 3097 1149 3127 ea
1180 3091 1297 3144 post
1386 3089 1661 3134 extractus,
1692 3078 1882 3125 occisus
1899 3087 2002 3133 est,
2029 3076 2134 3135 ejtas
2152 3086 2302 3138 caput
2318 3075 2412 3122 fuit

252 3158 386 3207 ned.
418 3160 473 3204 in
496 3159 893 3207 Sem—Rectius
922 3159 1119 3222 quidam
1142 3159 1294 3216 Mss;
1387 3159 1449 3208 nd
1477 3156 1727 3206 consulem
1753 3155 1979 3212 relatum,
2021 3163 2068 3200 et
2099 3169 2200 3216 quo
2241 3169 2413 3218 pensa·

256 3263 283 3281 .-
308 3237 433 3285 duos
459 3239 685 3285 consules
704 3260 727 3278 »v
745 3274 759 3296 ,
789 3237 926 3302 qnod
960 3255 1087 3303 saepe
1124 3241 1295 3286 corrui
1389 3239 1533 3286 batur
1557 3253 1678 3285 anto
1697 3273 1712 3298 ,
1752 3236 1928 3283 domus
1954 3235 2058 3294 ejus
2089 3233 2275 3292 diruta,
2293 3233 2412 3280 etin

254 3328 439 3384 perant
458 3317 643 3366 librarii
662 3351 677 3376 ,
699 3320 786 3381 qui
813 3317 1095 3365 nesciebant
1112 3330 1297 3365 veteres
1388 3333 1546 3365 aream
1571 3316 1761 3362 redacta
1790 3325 1888 3373 est,
1915 3329 2025 3377 quae
2047 3312 2300 3360 Flacciana
2327 3328 2416 3359 vo-

256 3397 361 3446 deco
394 3409 441 3445 et
470 3397 593 3444 duos
620 3399 801 3446 dixisse
818 3432 832 3457 ,
874 3398 934 3445 de
966 3413 1069 3461 quo
1100 3399 1162 3446 nd
1190 3398 1293 3461 epi·
1390 3397 1605 3445 cabetur.
1618 3395 1746 3442 Vide
1773 3394 1902 3442 Plut.
1931 3394 1982 3441 in
2012 3393 2254 3441 Graccho.

256 3477 432 3525 stolae.
1463 3491 1544 3522 roe.
1567 3477 1675 3522 Hoc
1698 3474 1743 3521 εἰ
1759 3473 1884 3537 quis.
1907 3473 2039 3520 Edit.
2061 3475 2212 3521 Rom.
2231 3473 2272 3518 si
2299 3471 2388 3533 qm‘
2400 3505 2414 3524 ‚

332 3557 383 3604 8.
406 3557 534 3605 Edd.
554 3567 675 3606 vett.
698 3556 1039 3622 spectantibus.
1386 3568 1441 3603 ut
1484 3569 1612 3617 eaepe
1653 3551 1858 3600 Tullius.
1897 3553 2052 3598 Etiam
2102 3551 2316 3605 deberet,
2356 3565 2414 3596 ac

332 3649 383 3700 9.
414 3639 487 3684 M.
524 3635 684 3683 Fulvii
718 3636 933 3685 domum.
983 3637 1095 3684 Fuit
1134 3638 1175 3681 is
1216 3635 1291 3682 Μ.
1387 3633 1700 3698 responderes
1741 3648 1832 3696 pro
1866 3631 2090 3687 dixisset,
2127 3646 2184 3676 ac
2212 3643 2415 3692 respon-

262 3715 462 3762 Fnlvius
499 3716 726 3776 Flaccus,
770 3716 980 3764 Gracchi
1018 3715 1205 3777 collega
1244 3714 1295 3761 in
1387 3712 1541 3761 disses
1562 3723 1750 3760 rectum
1768 3728 1871 3758 esse
1889 3709 2118 3758 arbitror.
2142 3710 2268 3756 Sunt
2287 3711 2416 3755 enim

258 3795 571 3843 triumviratu
590 3796 809 3858 agrario,
830 3806 878 3842 et
898 3793 1156 3842 seditionis
1174 3810 1297 3856 prae-
1389 3792 1521 3857 apud
1569 3791 1785 3840 Tullium
1833 3789 2006 3836 similia
2054 3803 2156 3852 non
2212 3803 2364 3850 pauca
2405 3801 2415 3834 ε

260 3875 441 3939 cipuus
481 3874 685 3924 satelles.
724 3878 891 3938 Quum
938 3889 967 3920 a
1010 3873 1297 3942 consulibus
1387 3873 1700 3936 eamdemque
1741 3871 1976 3918 rationem
2025 3867 2206 3915 habent
2227 3900 2244 3928 ‚
2274 3883 2420 3930 quam

258 3953 623 4018 expellerentur
641 3969 699 4001 ex
722 3953 861 4012 urbe,
880 3954 949 3999 M.
968 3952 1164 3999 Fulvius
1186 3969 1297 4000 cum
1391 3965 1582 4015 tempus
1610 3967 1702 4016 pro
1731 3949 1978 4014 praeterito
2003 3963 2217 4012 praesens
2237 3949 2288 3993 in
2309 3961 2420 3993 nar·

262 4036 450 4094 majore
472 4031 577 4080 mio
601 4051 629 4081 e
654 4033 852 4081 latebris
868 4031 1029 4080 balnei
1049 4032 1302 4092 cujusdam
1393 4030 1683 4079 rationibus.
