2594 4537
491 302 870 372 ORATIO
919 301 1126 372 rao
1176 301 1335 370 CN.
1386 299 1884 369 PLANclo.
2112 295 2253 395 539

97 423 444 522 judicum
475 422 966 512 alternorum3
1023 443 1399 519 quumque
1453 418 1737 490 nullum
1792 442 2023 515 genus
2058 443 2261 491 acer-

103 535 364 606 bitatis
405 534 1024 632 praetermitteret,
1073 531 1210 604 hoc
1265 546 1509 602 tamen
1552 553 1779 600 unum
1818 544 2261 626 praetereun-

107 645 300 716 dum
335 645 628 742 putarit.
675 645 914 736 Quid?
965 642 1186 738 liujus
1225 645 1333 712 rei
1370 638 1679 712 obscura
1720 647 1933 710 causa
1968 640 2121 712 est?
2164 665 2263 712 an

107 769 194 827 et
219 758 518 852 agitata,
553 779 781 853 quum
809 757 944 826 ista
967 754 1042 824 in
1072 767 1330 826 senatu
1359 775 1475 822 res
1506 747 1879 848 agebatur,
1912 761 1986 822 et
2011 749 2261 849 dispu-

105 879 268 936 tata
309 865 652 936 hesterno
693 864 813 936 die
861 864 1225 962 copiosius
1261 888 1302 934 a
1338 865 1430 954 Q.
1477 860 1912 932 Hortensio?
1947 863 2066 932 cui
2101 875 2263 934 tum

107 988 234 1045 est
267 988 558 1046 senatus
592 998 944 1047 assensus.
971 979 1128 1046 Hoc
1163 975 1387 1072 igitur
1420 972 1775 1044 sensimus
1804 996 1823 1042 ε
1856 971 2265 1067 cujuscum-

109 1109 270 1183 que
315 1083 553 1155 tribus
589 1083 891 1182 largitor
933 1099 1159 1178 esset,
1209 1109 1345 1182 per
1388 1083 1577 1155 hanc
1632 1084 2187 1156 consensionem
2206 1081 2261 1168 ⁵,

109 1219 286 1294 quae
325 1193 631 1267 honeste
655 1198 878 1294 magis
909 1219 1130 1294 quam
1165 1219 1337 1268 vere
1374 1193 1711 1265 sodalitas
1740 1195 2265 1283 nominaretur,

111 1329 344 1404 quam
377 1307 696 1404 quisque
731 1305 1004 1378 tribum
1057 1310 1256 1405 turpi
1289 1306 1673 1404 largitione
1719 1320 2224 1403 corrumperet
2242 1361 2265 1395 ‚

112 1441 292 1488 eum
325 1418 642 1489 maxime
689 1419 776 1488 iis
817 1415 1282 1504 hominibuS,
1330 1419 1461 1513 qui
1510 1416 1671 1513 ejus
1706 1413 1943 1486 tribus
1978 1429 2265 1502 essent,

113 1550 282 1599 esse
337 1542 624 1599 notum.
691 1531 800 1600 Ita
854 1530 1136 1626 putavit
1185 1543 1515 1616 senatus,
1566 1549 1799 1624 quum
1848 1549 1979 1596 reo
2032 1524 2269 1598 tribus

115 1635 514 1709 ederentur
555 1663 658 1709 eae
678 1692 701 1728 ‚
743 1661 924 1736 quas
969 1639 1030 1710 is
1077 1638 1462 1735 largitione
1507 1637 1877 1708 devinctas
1926 1634 2267 1725 haberet,

115 1747 413 1820 eosdem
453 1747 610 1821 fore
646 1763 864 1821 testes
884 1805 904 1839 ‚
943 1763 1018 1822 et
1055 1749 1353 1845 judices.
1392 1747 1759 1820 Acerbum
1799 1747 2105 1818 omnino
2138 1771 2265 1844 ge-

113 1883 264 1930 nus
279 1857 569 1957 judicii3
595 1860 722 1932 sed
746 1871 990 1932 tamen
1014 1913 1035 1949 ‚
1055 1861 1114 1930 si
1132 1860 1244 1931 vel
1269 1883 1399 1932 sua
1416 1913 1437 1949 ,
1478 1858 1592 1930 vel
1618 1883 1701 1930 ea
1720 1913 1739 1948 ‚
1766 1883 1930 1957 quae
1954 1859 2269 1929 maxime

115 1984 312 2041 esset
363 1969 628 2066 cuique
683 1971 1076 2066 conjuncta
1095 2023 1116 2060 ‚
1167 1969 1407 2041 tribus
1464 1967 1825 2059 ederetur,
1885 1970 2007 2040 vix
2052 1964 2266 2041 recu‘-

115 2077 459 2151 sandum.
691 2159 700 2172 ,

219 2191 408 2259 XVI.
460 2191 574 2261 Tu
611 2203 857 2261 autem
880 2243 902 2281 ‚
939 2193 1351 2262 Laterensis
1373 2243 1397 2279 ,
1453 2213 1637 2289 quas
1670 2177 1907 2260 tribus
1937 2189 2273 2261 edidisti?

117 2301 588 2372 Terentinam
609 2356 628 2389 ,
657 2302 878 2375 credo
895 2312 949 2374 ¹.
969 2306 1134 2374 Fuit
1151 2301 1224 2374 id
1257 2326 1576 2400 aequum,
1598 2316 1673 2375 et
1685 2316 1878 2373 certe
1904 2314 2274 2400 exspecta-

113 2426 282 2483 tum
317 2424 462 2497 est,
503 2424 578 2484 et
610 2410 751 2485 fuit
783 2412 1090 2512 dignum
1127 2414 1528 2485 constantia
1562 2426 1711 2483 tua.
1760 2410 1989 2505 Cujus
2015 2424 2097 2481 tu
2134 2416 2267 2481 tri·

113 2522 266 2595 bus
322 2522 776 2595 venditorem
798 2536 856 2614 ²,
919 2540 994 2597 et
1053 2539 1561 2624 corruptorem
1591 2578 1615 2613 ‚
1676 2537 1753 2595 et
1818 2537 2268 2620 sequestrem

117 2688 382 2749 objiceres,
404 2689 641 2737 accusasti
667 2700 828 2737 tamen
847 2690 1061 2754 exlege,
1087 2702 1144 2739 ut
1233 2689 1449 2740 delectos
1496 2706 1562 2738 α
1603 2689 1739 2738 omni
1778 2688 1973 2755 populo
2010 2700 2267 2738 aecusator

115 2768 420 2815 edendorum
443 2766 664 2828 judicum
683 2768 912 2817 facultate
931 2770 1005 2817 uti
1023 2786 1142 2835 pos·

117 2861 225 2895 ses:
258 2847 382 2895 nihil
398 2856 628 2911 preterea
646 2858 878 2909 sequutus
897 2864 974 2907 es;
991 2864 1146 2897 uuum

115 2926 218 2974 hoc
263 2925 508 2989 spectasti.
565 2924 858 2973 scholiastes
909 2926 1111 2975 adnotat
1128 2962 1143 2988 ‚

116 3020 274 3069 quum
295 3004 584 3051 nominatim
613 3002 676 3051 de
695 3003 883 3053 ambitu
909 3021 1147 3069 quarere-

115 3095 204 3132 tut
228 3098 244 3132 z
288 3083 524 3143 uindices
566 3100 630 3131 ex
669 3082 934 3143 rejectione
977 3084 1150 3135 haberi

117 3163 461 3222 consuevisse,
495 3162 732 3227 equalem
765 3163 952 3213 scilicet
985 3181 1150 3213 nume·

117 3258 228 3289 rum
251 3241 581 3303 rejicientibus
599 3252 696 3290 tam
707 3255 986 3295 accusatore
999 3261 1148 3310 quam

116 3338 206 3371 reo
218 3344 244 3363 ι·
261 3335 278 3381 ;
296 3320 432 3385 quod
450 3339 478 3372 a
497 3322 662 3371 Tullio
681 3323 864 3371 dicitur
881 3344 904 3365 ι
916 3324 1145 3384 rejectio·

115 3417 232 3448 nem
250 3398 584 3461 fierijudicum
602 3402 956 3461 alternorum-3
969 3424 995 3443 ι
1007 3402 1150 3451 deiu-

115 3482 180 3531 de
191 3515 208 3543 ,
219 3492 442 3531 senatun
455 3498 566 3529 secu
571 3481 723 3530 ndum
735 3481 891 3546 legem
905 3482 1140 3531 Liciniam

114 3570 330 3624 quatuor
349 3560 432 3608 edi
459 3560 612 3609 tribus
644 3561 708 3609 ab
741 3573 1022 3610 accusatore
1047 3578 1141 3611 vo-

112 3640 292 3699 luisse,
325 3654 388 3687 ex
425 3640 606 3703 quibus
649 3656 799 3689 unam
844 3641 1013 3689 liceret
1056 3657 1142 3691 reo

111 3716 394 3781 repudiare,
423 3730 482 3767 ut
507 3719 568 3767 de
603 3718 760 3767 tribus
789 3719 988 3785 reliquis
1008 3721 1144 3783 iudi·

110 3814 230 3847 cum
252 3796 451 3847 haberet
474 3798 763 3848 editionem.
784 3803 886 3849 Lex
919 3800 984 3849 ds
1001 3817 1138 3849 seua-

113 3888 192 3926 tus
234 3879 525 3927 auctoritate
561 3877 625 3926 ad
663 3880 904 3944 populum
937 3879 1036 3930 lata
1073 3881 1140 3931 ita

109 3965 337 4007 santes-n
351 3978 396 4007 ο.
431 3956 662 4007 Baianos
695 3959 898 4019 indices.
925 3960 986 4009 Id
1027 3972 1102 4010 est
1120 3997 1136 4024 ,

109 4050 242 4103 quos
271 4034 326 4081 in
363 4036 456 4087 hac
489 4052 586 4086 uua
626 4037 688 4086 de
723 4039 964 4089 sodalitiis
996 4056 1140 4091 causa

1232 2770 1408 2819 edebat
1434 2786 1538 2820 reo.

1308 2851 1361 2899 5.
1396 2852 1491 2897 Per
1528 2848 1657 2897 banc
1691 2846 2071 2897 consensionem.
2099 2850 2263 2899 Dubia

1233 2930 1333 2978 hoc
1356 2929 1411 2976 in
1433 2928 1548 2977 loco
1574 2926 1744 2975 multa.
1786 2927 1885 2975 Hic
1912 2928 2165 2977 consensio
2188 2940 2262 2977 est

1239 3007 1394 3057 coitio
1429 3006 1611 3055 civium
1652 3006 1813 3069 epulis
1846 3016 1895 3054 et
1918 3005 2265 3071 largitionibus

1238 3097 1606 3137 contractorum
1625 3086 1839 3133 ambitus
1860 3100 2029 3146 causa,
2044 3102 2153 3150 qne
2170 3087 2265 3135 mi.

1236 3186 1332 3217 nus
1377 3184 1490 3217 vere
1534 3166 1765 3215 sodalitas
1814 3164 2101 3226 dicebam-3
2148 3184 2262 3216 nam

1235 3261 1375 3299 erant
1400 3246 1679 3297 sodalitates
1702 3246 1922 3295 hone-tae
1938 3280 1953 3305 ,
1992 3246 2053 3295 de
2084 3246 2267 3311 quibus

1235 3330 1409 3379 Cicero
1434 3327 1497 3375 de
1524 3325 1776 3376 Amicitia.
1804 3324 1901 3373 Sed
1940 3326 2141 3391 proprie
2178 3342 2265 3375 so·

1236 3406 1460 3457 dalitium
1495 3404 1792 3465 vocabatur,
1825 3403 1965 3469 quod
2004 3404 2265 3457 honestum

1228 3502 1331 3535 non
1358 3498 1433 3535 est
1453 3484 1765 3534 vocabulum.

1300 3566 1442 3616 xvl.
1465 3583 1515 3615 ι.
1540 3566 1584 3613 T
1579 3563 1850 3613 anatinam
1862 3596 1879 3621 ‚
1895 3564 2059 3613 credo.
2078 3564 2263 3613 Tribus

1228 3656 1335 3693 erat
1357 3645 1567 3704 Plancis,
1584 3644 1649 3693 ad
1670 3644 1823 3709 ripam
1844 3643 2059 3702 Tiberin
2081 3660 2257 3709 nempe

1230 3723 1453 3773 Atinates
1478 3725 1533 3773 iu
1561 3740 1617 3773 ea
1641 3722 1979 3773 canebantur.

1304 3820 1354 3853 2.
1371 3804 1519 3867 cujus
1538 3816 1588 3853 eu
1602 3803 1753 3853 eribus
1768 3802 2099 3853 venditorem.
2120 3804 2257 3851 Lam·-

1225 3884 1373 3933 hinus
1388 3884 1649 3949 legendum
1665 3894 1807 3949 putat
1828 3894 2122 3948 emptorsmf
2142 3900 2257 3939 usus

1226 3965 1315 4027 qui
1334 3966 1630 4030 compit,
1646 3964 1767 4015 emit
1780 3998 1797 4025 ,
1814 3980 1919 4013 nou
1938 3962 2133 4023 vendin
2158 3963 2255 4013 uisi

1226 4044 1339 4107 quis
1380 4045 1514 4095 dicat
1528 4078 1545 4105 ,
1600 4046 1850 4098 Plancium
1902 4044 2029 4094 hauc
2068 4044 2253 4093 tribuna
