2594 4537
356 296 654 365 ros‘r
702 297 1043 367 REmT.
1091 295 1208 365 IN
1262 294 1473 367 SEN.
1523 294 1935 364 οΒΑΤιο.
2088 294 2225 391 ,67

67 416 264 487 simo
305 414 546 512 gradu
579 414 1050 514 diguitatis-‚12
1094 430 1313 513 atque
1344 417 1415 485 in
1459 415 1593 490 hac
1634 418 1959 487 omnium
1996 431 2225 490 terra-

69 550 240 597 rum
271 550 450 601 arce
472 524 534 571 ¹⁶
569 526 898 601 collocati
933 550 1218 613 sumus;
1257 530 1327 605 si¹
1358 525 1559 598 hunc
1590 529 1827 623 ipsum
1858 524 2229 611 ordinem,

73 662 114 709 a
157 662 326 733 quo
379 662 568 735 saepe
605 636 1325 736 magnificentissimis
1362 636 1747 709 decretis¹⁷
1792 662 2045 709 sumus
2094 637 2231 711 ho·

73 750 410 837 nestati3
453 751 892 824 immensum
936 747 1280 846 quiddam
1326 761 1396 847 et
1434 744 1801 819 infinitum
1840 762 1981 834 est,
2030 746 2235 844 quod

76 858 296 931 vobis
353 857 710 933 debemus
730 914 752 949 ,
819 861 947 957 qui
1009 873 1252 931 vestro
1318 858 1661 955 singulari
1717 858 1959 931 studio
2014 873 2233 957 atque

77 992 456 1043 consensu
481 966 566 1059 ¹⁸,
621 986 1004 1068 parentum
1053 966 1407 1041 beneficia
1428 1021 1449 1055 ,
1508 967 1813 1040 deorum
1856 969 2233 1037 immorta-

75 1079 256 1154 lium
295 1104 646 1170 munera‚
689 1079 948 1179 populi
983 1080 1264 1154 romani
1308 1079 1672 1166 honores,
1703 1092 1937 1165 vestra
1980 1078 2071 1149 de
2114 1102 2233 1149 mo

73 1190 314 1263 multa
339 1190 654 1284 judicia,
695 1190 908 1263 nobis
945 1193 1186 1265 omnia
1221 1216 1374 1262 uno
1412 1204 1747 1287 tempore
1778 1188 2235 1263 reddidistis:

77 1312 208 1387 ut,
257 1324 498 1397 quum
552 1300 782 1373 multa
829 1300 1078 1390 vebia,
1120 1325 1383 1398 magna
1430 1299 1710 1399 populo
1748 1322 2095 1385 romano,
2130 1299 2239 1371 in-

81 1408 574 1483 numerabilia
605 1410 1030 1508 parentibus
1052 1466 1074 1499 ,
1107 1414 1353 1485 omnia
1386 1410 1521 1483 diis
1552 1406 2085 1485 immortalibus
2117 1407 2237 1481 de-

79 1516 430 1607 beamus3
455 1520 608 1593 haec
629 1536 840 1593 antea
869 1522 1148 1618 singula
1175 1546 1307 1619 per
1330 1520 1491 1593 illos
1509 1519 1976 1595 habuerimus
1994 1572 2013 1606 ‚
2041 1540 2239 1590 nunc

85 1633 430 1703 universa
463 1656 600 1731 per
629 1657 762 1705 vos
795 1638 1461 1732 recuperaverimus
1482 1644 1565 1704 ¹⁹.
2033 1612 2039 1625 ⁶

177 1743 274 1811 H.
331 1744 629 1838 Itaque,
679 1756 921 1841 patres
969 1746 1395 1842 conscripti,
1444 1743 1651 1841 quod
1692 1769 1787 1815 ne
1831 1738 2236 1839 optandum

89 1928 298 1990 prttura
315 1956 332 1978 ,
387 1921 650 1969 consulatu
667 1956 683 1981 ,
737 1938 862 1986 qnos
916 1921 1124 1971 honores

89 2000 261 2065 populi
283 1998 584 2052 heneficium
607 2000 774 2052 dabat.
793 2002 1122 2067 Quamobrem

93 2090 200 2125 vere
228 2078 396 2127 dicere
422 2080 589 2144 potnit
615 2092 838 2139 senator,
870 2099 922 2129 se
947 2082 1124 2147 populi

91 2152 366 2227 honoribus
379 2159 432 2206 in
450 2168 618 2207 senatu
641 2160 950 2218 collocatum,
968 2176 1121 2225 quan-

97 2232 360 2299 doquidem
401 2254 429 2287 a
475 2238 664 2304 populo
705 2254 808 2290 non
848 2256 876 2289 a
921 2256 1121 2289 censore

96 2317 383 2366 citabantur
417 2319 742 2384 magistratus.
779 2323 894 2370 Eum
921 2320 1118 2384 quidem

97 2395 386 2445 ere-tionem
408 2409 602 2447 constat
621 2416 647 2447 a
671 2400 953 2448 censoribus
981 2417 1118 2448 com-

99 2475 346 2536 probatam
368 2476 446 2524 vel
460 2475 699 2526 firmatam
717 2495 820 2528 esse
839 2479 1120 2532 nominibus

98 2551 146 2599 in
169 2553 359 2604 tabulas
396 2571 484 2604 seu
519 2556 792 2622 catalogum
827 2559 1121 2622 inferendis,

99 2634 226 2694 quod
263 2635 522 2684 dicebatur
559 2636 714 2702 tegere
743 2649 964 2686 senatum
979 2657 998 2695 ,·
1034 2639 1122 2688 sed

99 2707 194 2774 ipsa
227 2723 449 2778 potestas
483 2715 538 2762 in
564 2727 784 2765 senatum
812 2717 1040 2766 veniendi
1063 2735 1120 2766 ac

100 2795 342 2842 sententia
395 2791 618 2843 dicende
671 2795 800 2846 hanc
851 2799 1120 2846 censoriam

99 2866 352 2920 lectionem
373 2873 695 2938 precedebat.

105 2939 112 2948 “
169 2951 244 3000 15.
286 2954 346 2999 In
384 2949 626 3024 altissimo
649 2953 816 3017 gradu
849 2953 1119 3021 dignitatis.

103 3026 364 3079 Consulatu
384 3065 400 3091 ,
421 3047 522 3094 qno
541 3031 676 3081 nulla
700 3031 911 3098 dignitas
930 3035 981 3082 in
1004 3036 1122 3082 civi·

103 3115 189 3154 tate
213 3111 544 3175 prestantior.

169 3187 248 3237 16.
281 3189 544 3238 Terrarum
559 3207 694 3239 aree.
722 3191 805 3241 Ad
831 3207 974 3256 qnam
997 3208 1120 3255 prae-

101 3263 203 3314 sidii
230 3283 378 3316 causa
416 3279 581 3332 gentes
615 3285 784 3319 omnes
810 3271 1116 3336 confugiunt.

101 3338 214 3394 Nam
268 3357 449 3412 preter
495 3349 770 3413 provincias
783 3387 798 3411 ‚
864 3367 974 3416 qnae
1031 3369 1117 3402 sua

103 3427 254 3498 emnia
274 3425 340 3474 ad
362 3443 596 3475 summam
612 3441 803 3478 senatus
828 3441 1118 3496 potestatem

99 3503 362 3554 referebant
379 3539 394 3564 ,
431 3521 568 3572 reges
591 3507 734 3556 etiam
771 3519 820 3557 et
853 3509 996 3558 liberi
1020 3527 1116 3575 po·

105 3581 196 3642 puli
211 3583 495 3649 complures
515 3602 644 3651 saepe
663 3587 728 3635 ad
743 3599 961 3638 senatum
980 3591 1118 3639 anxi·

101 3658 151 3708 lii
179 3681 324 3712 cause
361 3665 726 3729 confugiebant.
761 3653 1008 3734 Frequens
1033 3687 1118 3735 pe-

103 3739 328 3805 riphrasis
381 3745 532 3793 curie
553 3781 570 3805 ,
621 3745 693 3794 nti
751 3763 846 3812 pro
893 3748 1144 3811 Milone,-

105 3835 200 3886 ηρ.
227 3823 315 3872 33.

168 3917 252 3965 17.
279 3903 778 3972 Magnificentissimis
796 3906 1014 3958 decretis.
1031 3909 1120 3958 Di-

109 3980 202 4028 vina
231 3983 652 4033 senatusconsulta
687 3985 792 4034 haee
828 3987 1040 4052 appellat
1065 3989 1118 4038 in

109 4069 216 4108 orat,
243 4077 338 4128 pro
366 4062 564 4122 Sextio,
583 4079 692 4128 cap.
725 4067 821 4126 60,
841 4067 931 4127 61,
951 4067 1114 4134 ibique

1207 1934 1420 1988 quatuor
1438 1934 1713 1971 enumerat:
1728 1924 1965 1986 primum,
1984 1930 2042 1968 ut
2060 1930 2234 1968 cuncta

1207 2018 1268 2051 ex
1289 2004 1425 2050 Italia
1444 2018 1643 2061 omnes,
1673 2002 1759 2065 qni
1787 2000 2028 2065 rempubl.
2052 2000 2235 2047 salvam

1206 2100 1309 2131 esse
1336 2082 1545 2139 vellent,
1570 2081 1633 2129 ad
1657 2080 1887 2142 suffragia
1912 2079 1974 2127 de
1998 2080 2236 2127 Cicerone

1203 2161 1483 2209 revocando
1504 2158 1699 2208 serenda
1718 2168 2105 2205 convocarentur
2124 2170 2137 2203 :
2157 2156 2230 2204 al·

1204 2252 1377 2299 terum,
1399 2239 1534 2306 quod
1550 2239 1610 2287 de
1626 2239 1736 2303 ipso
1754 2234 2033 2285 revocando
2049 2236 2101 2284 in
2116 2246 2231 2284 tem-

1202 2321 1288 2388 plo
1314 2321 1455 2370 Jovis
1482 2319 1671 2384 Optimi
1692 2315 1897 2366 Maximi
1926 2317 2103 2363 sactum
2133 2325 2230 2372 est,

1201 2413 1412 2466 utroque
1429 2401 1665 2448 referente
1682 2395 1907 2454 consule,
1924 2410 2075 2458 quum
2096 2395 2233 2442 Pom·

1201 2482 1341 2546 peius
1401 2479 1475 2528 illi
1528 2478 1618 2528 nni
1674 2475 2005 2527 testimoninm
2062 2474 2233 2538 patria

1203 2571 1501 2609 conservatus
1530 2557 1705 2606 dedit:
1740 2556 1933 2606 tertium
1952 2589 1967 2614 ,
1998 2569 2060 2602 ue
2094 2553 2233 2619 quis,
2324 2587 2329 2592 ·

1161 2641 1170 2650 ’
1206 2639 1329 2688 dum·
1348 2638 1428 2690 lex
1459 2639 1521 2687 de
1542 2639 1654 2704 ipso
1688 2633 1968 2685 revocando
2000 2633 2233 2694 ferretur,

1205 2719 1268 2767 de
1320 2719 1444 2767 caelo
1496 2727 1737 2777 servaret,
1782 2731 1845 2764 ne
1890 2715 1999 2778 quis
2044 2729 2231 2762 moram

1203 2799 1351 2848 ullam
1387 2799 1612 2846 afferret:
1641 2806 1891 2860 quartum,
1923 2803 1979 2841 ut
2016 2793 2078 2841 iis
2097 2827 2113 2852 ,
2144 2791 2231 2856 qui

1205 2895 1267 2926 ex
1319 2889 1421 2926 tota
1476 2877 1615 2926 Italia
1662 2876 1817 2939 ipsius
1864 2873 2035 2922 salutis
2086 2887 2231 2922 cansa

1204 2967 1557 3016 convenerant,
1583 2965 1841 3019 agerentur
1863 2952 2055 3016 gratia,
2084 2962 2231 3015 atque

1207 3047 1262 3085 ut
1276 3038 1450 3096 iidem,
1470 3037 1532 3084 ad
1550 3051 1624 3083 res
1642 3033 1898 3082 redeuntes
1916 3041 1971 3079 ut
1990 3031 2228 3088 venirent,

1203 3126 1505 3180 rogarentur.
1535 3113 1653 3162 vid.
1681 3123 1729 3160 et
1757 3127 1867 3176 cap.
1902 3125 1983 3160 ιι.

1281 3213 1301 3244 1
1314 3197 1364 3244 8.
1384 3195 1553 3244 Studio
1571 3205 1719 3258 aeque
1735 3207 1988 3240 consensu.
2015 3191 2143 3239 Nam
2168 3205 2231 3238 cx

1203 3291 1437 3323 ccccxvn
1464 3273 1767 3323 senatoribus
1795 3282 1845 3319 et
1870 3268 2232 3336 magistratibus

1203 3354 1433 3404 omnibus
1481 3369 1609 3402 unns
1650 3351 1877 3401 dissensit
1908 3355 1964 3401 Ρ.
2010 3349 2231 3400 modius.

1202 3435 1324 3500 cap.
1352 3449 1431 3482 10.

1278 3529 1361 3576 ¹9·
1388 3515 1488 3561 Per
1504 3527 1601 3561 vos
1622 3509 2075 3576 recuperaverimus.
2109 3507 2229 3555 seut

1202 3609 1284 3642 sus
1319 3603 1391 3640 est
1421 3609 1434 3639 ε
1472 3591 1577 3639 Etsi
1615 3589 1721 3638 haec
1760 3590 1877 3638 olim
1913 3588 2225 3652 accepimus3

1203 3683 1365 3721 tamen
1393 3685 1543 3735 quum
1572 3679 1707 3718 antea
1734 3669 1922 3732 singula
1938 3702 1951 3726 ,
1982 3667 2077 3714 boc
2104 3675 2229 3712 tem-

1202 3767 1325 3816 pore
1344 3751 1563 3798 universa
1582 3747 2055 3814 recuperaverimus:
2072 3743 2231 3793 multo

1203 3831 1357 3890 majus
1372 3829 1470 3878 hoc
1484 3845 1651 3878 recens
1665 3826 1955 3877 beneficium
1978 3835 2067 3882 est,
2084 3839 2231 3888 quam

1201 3910 1294 3958 alia
1331 3910 1635 3974 superiorum
1672 3921 1948 3974 temporum
1984 3905 2227 3954 nniversa-

1203 4017 1274 4027 -
1312 3992 1407 4038 Per
1429 3989 1558 4039 mos.
1599 3993 1693 4041 Per
1719 3988 1957 4054 populum
1986 4001 2107 4035 rom.
2140 4001 2228 4053 per

1203 4079 1450 4132 parentes,
1477 4085 1565 4134 per
1590 4069 1707 4117 deos
1727 4067 2038 4116 immortales.
