2594 4537
322 296 345 342 1
370 295 395 345 1
412 271 457 345 8
552 272 649 342 Μ.
686 269 764 340 Τ.
797 265 1284 362 CICERONIS
1329 253 1674 338 ORATIO
1707 264 1884 334 PRO
1912 263 2282 336 ARCHIA.

310 391 531 468 modo
574 392 895 464 humana
920 443 939 477 ‚
983 413 1233 464 verum
1278 391 1494 473 etiam
1530 387 1769 458 divina
1815 387 1894 458 in
1933 389 2152 459 tantis
2203 412 2439 487 nego·

310 499 478 578 tiis⁵
511 498 1049 574 commendatio
1081 497 1302 571 debet
1337 521 1528 586 esse,
1563 508 1650 567 ut
1681 497 1849 569 eum
1870 550 1892 588 ‚
1930 498 2058 594 qui
2091 522 2256 588 VOS,
2303 501 2440 596 qui

312 628 587 688 vestros
638 613 1142 708 imperatores,
1196 609 1328 707 qui
1384 605 1640 706 populi
1695 607 1977 679 romani
2033 633 2150 682 res
2199 624 2439 706 gestas
2550 667 2551 670 ,

313 745 599 820 semper
637 720 955 821 ornavit3
1008 722 1136 819 qui
1189 722 1402 792 etiam
1451 718 1566 790 bis
1614 715 2078 792 recentibus⁶
2129 721 2436 806 nostris,

311 832 709 929 vestrisque
757 829 1165 904 domesticis
1202 829 1542 928 periculis
1585 842 1931 900 aeternum
1981 853 2058 900 se
2109 833 2438 901 testimo·

312 942 515 1013 nium
553 937 845 1012 laudum
886 937 1221 1014 daturum
1252 963 1406 1012 esse
1439 939 1858 1039 profitetur-3
1885 939 2162 1037 quique
2198 953 2312 1012 est
2351 965 2442 1012 eo

312 1074 654 1137 numer-0,
690 1050 821 1146 qui
858 1073 1143 1150 semper
1189 1046 1384 1148 apud
1429 1071 1680 1120 omnes
1713 1047 1953 1118 sancti
1997 1064 2166 1118 sunt
2205 1046 2438 1119 habiti

312 1174 529 1257 atque
566 1157 737 1232 dicti
769 1184 784 1228 τ
817 1159 1022 1234 sicin
1047 1175 1356 1232 vestram
1385 1156 1744 1256 accipiatis
1761 1153 1992 1228 fidem
2012 1208 2032 1244 ‚
2059 1169 2144 1228 ut
2175 1155 2440 1230 huma-

312 1271 537 1342 nitate
566 1283 798 1342 vestra
827 1269 1098 1344 levatus
1126 1271 1368 1368 potius
1387 1323 1408 1357 ‚
1437 1291 1655 1366 quam
1683 1264 2066 1338 acerbitate
2095 1266 2436 1338 violatus⁷

312 1403 467 1453 esse
500 1376 845 1451 videatur.

406 1492 588 1581 Quae
642 1487 732 1562 de
791 1513 1003 1562 causa
1021 1545 1041 1581 ‚
1098 1515 1233 1589 pro
1295 1515 1452 1563 mea
1495 1486 2024 1562 consuetudine
2047 1540 2068 1577 ,
2119 1486 2440 1560 breviter

314 1598 880 1698 simpliciterque
918 1601 1096 1689 dixi,
1128 1599 1406 1696 judices
1422 1653 1442 1690 ,
1481 1625 1566 1678 ea
1605 1597 1896 1671 confido
1937 1596 2240 1697 probata
2283 1623 2436 1671 esse

314 1707 688 1780 omnibus:
722 1733 882 1805 quae
907 1733 1057 1779 non
1082 1708 1253 1798 fori,
1283 1733 1526 1809 neque
1546 1707 1864 1806 judiciali
1885 1705 2435 1793 consuetudine,

315 1832 390 1891 et
422 1817 515 1890 de
554 1817 867 1891 bominis
902 1820 1191 1916 ingenio
1206 1814 1263 1910 ⁸,
1301 1833 1374 1892 et
1407 1819 1886 1898 communiter
1917 1815 2006 1890 de
2041 1819 2269 1916 ipsius
2295 1834 2438 1891 stu-

314 1928 436 2000 dio
468 1927 817 2025 loquutus
858 1953 1053 2018 sum,
1093 1954 1211 2018 ea,
1242 1929 1521 2026 judices
1541 1984 1561 2017 ‚
1601 1955 1644 2000 a
1682 1925 1886 2000 vobis
1922 1951 2133 2025 spero
2173 1951 2332 1998 esse
2363 1927 2438 1996 in

314 2036 583 2111 bonam
614 2052 889 2135 partem
916 2053 1240 2138 accepta3
1277 2037 1368 2110 ab
1407 2063 1495 2111 eo
1509 2050 1566 2127 9,
1593 2038 1721 2134 qui
1746 2034 2098 2131 judicium
2127 2051 2436 2120 exercet,

315 2161 513 2220 certo
530 2157 591 2194 ¹⁰
625 2151 793 2220 scio.

311 2318 399 2383 qni
448 2316 621 2383 populi
670 2334 793 2368 rom,
828 2334 903 2366 res
941 2330 1096 2382 gestu
1140 2334 1328 2384 semper

313 2396 503 2445 ornavit
522 2431 537 2451 ,
558 2397 737 2461 dignm
760 2404 831 2445 eat
848 2431 866 2453 ,
894 2413 1039 2459 quem
1058 2397 1200 2445 vohi·
1224 2412 1330 2447 non

311 2475 533 2525 homines
566 2475 749 2536 modo,
790 2474 877 2525 aed
908 2478 1052 2523 etiam
1089 2474 1157 2525 dii
1194 2492 1333 2527 oom-

312 2553 576 2614 mendent3
604 2553 813 2618 potimus
830 2567 857 2601 a
882 2554 1022 2603 vobis
1048 2562 1105 2602 nt
1124 2571 1231 2603 eum
1259 2555 1330 2605 sic

314 2635 367 2680 in
383 2642 589 2680 vestram
615 2631 862 2698 accipiatis
880 2630 1028 2681 fidem
1042 2668 1059 2694 ‚
1088 2642 1143 2681 ut
1161 2634 1332 2682 buma-

314 2710 465 2759 nitate
519 2720 677 2758 vestra
734 2710 915 2758 levatus
967 2714 1132 2776 potius
1184 2728 1327 2775 quam

315 2788 575 2843 acerbitate
593 2788 799 2847 violatus
816 2806 917 2837 em
934 2791 1172 2840 videatur.

388 2866 442 2917 5.
461 2868 521 2915 In
540 2866 691 2916 tantis
708 2867 927 2935 nogotiis.
948 2870 1007 2917 In
1021 2870 1331 2934 gravissimis,

320 2961 445 3010 quon
463 2946 546 2995 ille
564 2956 759 3009 tractat,
774 2946 1038 2998 laboribus.

387 3026 438 3074 6.
485 3025 579 3089 Qui
622 3025 769 3075 etiam
814 3026 886 3077 lu‘s
926 3028 1190 3077 recentibus
1236 3043 1331 3076 no·

317 3102 441 3152 stris.
467 3106 745 3170 Scripturas
783 3118 883 3155 erat
908 3107 1111 3157 Archias
1150 3106 1332 3157 bellum

318 3182 663 3233 catilinarium.

1489 2336 1514 2380 7
1526 2352 1539 2365 .
1553 2316 1788 2367 Violams.
1805 2318 1893 2365 Est
1902 2317 2030 2364 enim
2043 2324 2203 2380 poete
2215 2328 2436 2365 nanctum

1415 2412 1618 2455 nomen,
1649 2394 1788 2460 quod
1809 2396 1943 2445 nulla
1965 2410 2192 2459 umquam
2215 2394 2437 2443 barbaria

1418 2476 1638 2527 violavit.

1489 2556 1541 2604 8.
1582 2557 1657 2602 De
1681 2550 1889 2602 bominis
1915 2552 2132 2618 ingenio.
2157 2554 2234 2601 De
2261 2552 2437 2602 summi

1415 2644 1574 2698 poetae
1609 2634 1802 2683 virtute.
1841 2659 1910 2670 ——
1941 2632 2129 2681 Studio.
2173 2635 2251 2681 De
2287 2632 2436 2681 literis

1417 2712 1594 2777 quibus
1621 2712 1814 2761 deditus
1839 2712 2018 2761 studet.

1487 2806 1538 2855 9.
1555 2790 1633 2838 Ab
1651 2806 1729 2840 eo.
1748 2791 1795 2839 A
1814 2799 2050 2857 praetore,
2068 2790 2154 2855 qui
2173 2788 2294 2839 huic
2307 2788 2436 2853 iudi-

1418 2870 1496 2919 cio
1518 2870 1762 2936 praesidet.

1497 2938 1572 2998 io.
1603 2950 1739 2997 Certo
1765 2947 1882 2997 scio.
1905 2950 2070 3011 Quum
2087 2948 2192 3015 ipae
2207 2948 2276 2997 sit
2295 2948 2436 2997 &nter

1420 3028 1632 3091 Quintus
1651 3044 1666 3076 ε
1691 3027 1826 3091 quod
1852 3029 2055 3076 omnino
2072 3044 2100 3076 a
2117 3042 2287 3076 recens
2305 3027 2433 3075 edito

1421 3107 1676 3157 scholiasta
1698 3108 1884 3157 dictum
1913 3108 2056 3157 nobis
2081 3106 2228 3171 hnjua
2244 3116 2435 3157 senten-

1425 3185 1503 3235 tia
1520 3188 1617 3235 vim
1634 3202 1691 3237 ac
1711 3202 1901 3237 semum
1919 3197 2022 3237 tum
2039 3186 2248 3256 primum
2267 3184 2432 3253 aperit·
