2594 4537
799 322 1583 392 PRAEFATIONEs.
2124 326 2265 415 249

147 446 436 538 pulmone
469 443 776 508 revellere
816 442 942 530 (ut
971 446 1140 506 forte
1173 440 1345 508 dicet
1383 442 1617 530 aliquis
1650 440 1921 506 calidior
1952 442 2169 530 paullo
2198 460 2265 507 et

151 551 430 617 novitatis
477 548 912 636 studiosior),
957 548 1060 613 vel
1109 548 1497 613 sententiam
1546 562 1623 612 ut
1662 563 1985 613 mutarem
2006 596 2025 631 ,
2072 547 2267 638 perfi-

153 681 300 723 cere.

227 764 276 828 1.
319 762 598 829 conatus
643 759 1028 853 subjiciendi
1075 760 1285 825 Tullio
1326 758 1541 824 aliena
1572 763 1817 850 ‚scripta
1858 766 2023 825 vani
2047 786 2071 825 .·
2103 774 2270 826 certe

156 892 234 940 res
257 868 536 958 dffficilek
553 867 704 957 ficit
739 868 860 932 illa
889 880 1116 949 cerate,
1155 888 1353 956 quam
1375 870 1569 955 ponit
1610 866 1693 932 V.
1730 862 1809 933 Ο(
1840 868 2039 951 Quod
2072 868 2269 957 igitur

159 974 462 1063 plerisque
495 975 632 1037 fere
662 972 744 1037 ab
781 974 1071 1039 Homero
1114 970 1270 1036 inde
1300 971 1634 1037 nobilibus
1667 972 2088 1062 scriptoribus
2125 996 2274 1039 eve-

159 1081 244 1143 nit
257 1130 276 1165 ,
313 1096 388 1143 ut
424 1079 496 1143 in
532 1101 776 1144 nomen
811 1077 1076 1143 illorum
1106 1076 1423 1143 darentur
1452 1077 1553 1143 vel
1581 1078 1663 1143 ab
1692 1079 1847 1167 ipsis
1878 1080 2271 1161 auctoribus,

151 1188 241 1251 vel
263 1208 298 1249 a
327 1185 604 1249 librariis
639 1200 812 1249 certe
827 1232 848 1266 ,
881 1206 954 1249 ea
988 1206 1184 1273 opera
1199 1233 1216 1267 ‚
1258 1207 1403 1273 quae
1431 1184 1523 1248 sic
1555 1183 1908 1249 lectoribus
1932 1198 2271 1249 tommen-

153 1290 274 1357 dari
293 1314 483 1382 posse
500 1340 518 1373 ‚
539 1306 606 1357 et
623 1292 1076 1356 auctoritatem
1095 1290 1381 1357 nancisci
1401 1306 1740 1381 putarent:
1760 1290 1922 1357 illud
1939 1294 2030 1357 M.
2054 1294 2272 1357 Tullio

151 1396 326 1462 etiam
363 1394 706 1479 accidisse,
749 1412 1018 1485 propter
1049 1395 1395 1473 maximam
1424 1396 1545 1460 viri
1578 1397 1957 1486 opinionem
1984 1418 2120 1461 non
2148 1397 2275 1461 mi-

151 1502 412 1567 randum
439 1518 558 1566 est.
587 1505 680 1566 Ac
707 1501 910 1567 libros
943 1500 1209 1590 quidem
1241 1499 1325 1565 ad
1355 1500 1763 1567 Herennium
1792 1524 1908 1565 sua
1934 1524 2273 1567 commen-

151 1608 320 1673 dasse
349 1607 722 1699 praestantia
755 1600 1038 1689 videtur,
1073 1605 1256 1695 quod
1287 1630 1457 1696 opus
1486 1624 1617 1671 tam
1646 1607 1899 1699 elegans
1918 1656 1937 1691 ,
1974 1602 2105 1673 tam
2137 1630 2277 1697 per-

151 1714 378 1779 factum
395 1762 416 1796 ‚
464 1714 574 1778 vix
607 1712 704 1777 ab,
725 1713 852 1777 alio
887 1711 1204 1801 proficisci
1234 1713 1527 1802 potuisse
1547 1760 1567 1795 ‚
1609 1710 1915 1779 homines
1953 1730 2275 1804 putarent.

155 1819 656 1884 Declamationes
711 1834 1060 1906 antequam
1087 1817 1212 1884 iret
1249 1818 1321 1881 in
1364 1817 1697 1901 exsilium,
1722 1820 1878 1883 etin
1902 1820 2277 1885 Sallustium

153 1925 492 2007 invectiva,
535 1926 756 1990 statim
801 1925 926 1989 sub
977 1940 1230 1989 renatas
1277 1924 1492 1989 literas
1550 1925 1783 2013 agnitae
1843 1942 1911 1990 et
1956 1927 2274 1991 damnatae

153 2049 314 2097 sunt.
335 2032 530 2097 Liber
553 2032 636 2095 de
665 2029 1102 2095 Consolatione
1117 2030 1222 2095 vix
1243 2045 1628 2113 emerserat,
1653 2053 1863 2119 quum
1888 2054 2008 2096 suo
2030 2032 2281 2097 auctori

151 2154 248 2202 est
265 2136 636 2203 redonatus.
661 2136 760 2200 De
785 2136 1069 2226 epistolis
1095 2135 1179 2199 ad
1205 2138 1484 2200 Brutum
1505 2135 1767 2223 longior
1792 2136 2038 2219 fabula,
2069 2136 2305 2226 dispu·‘

155 2245 302 2309 tatio
327 2242 702 2334 impeditior
716 2257 814 2308 est
831 2292 850 2326 ,
874 2266 908 2307 a
932 2266 1038 2308 me
1070 2241 1337 2331 quidem
1367 2241 1666 2308 nondum
1690 2241 1781 2308 ita
1798 2265 2064 2308 excussa
2082 2258 2148 2308 et
2166 2268 2279 2309 ex·

151 2351 399 2438 quisita,
421 2367 500 2415 ut
522 2349 798 2414 abscisse
819 2350 1258 2438 pronunciare
1280 2347 1559 2413 audeam
1582 2372 1599 2414 :
1627 2349 1751 2414 nisi
1777 2347 1961 2438 quod
1984 2348 2283 2414 sufficere
2318 2435 2323 2442 Ι

156 2457 310 2520 mihi
345 2457 661 2522 hactenus
705 2453 1046 2520 videbatur
1078 2454 1593 2520 Middletoniana
1633 2452 1925 2521 defensio
1944 2503 1964 2538 ‚
1999 2472 2077 2520 ut
2114 2477 2285 2520 nova

155 2585 342 2652 opera
370 2585 456 2628 ne
489 2561 677 2627 valde
707 2561 976 2650 quidem
1021 2584 1188 2650 opus
1221 2561 1331 2646 sit,
1358 2563 1439 2626 In
1476 2562 1883 2628 orationibus
1908 2579 2059 2651 post
2082 2561 2284 2627 Redi·

158 2685 294 2735 tum
325 2673 393 2735 in
431 2686 664 2736 senatu
686 2719 706 2755 ,
739 2688 809 2735 et
847 2671 930 2736 ad
970 2671 1293 2754 Quirites,
1336 2694 1459 2760 pro
1499 2672 1717 2736 Domo
1749 2694 1900 2754 sua,
1933 2686 2000 2736 et
2038 2671 2120 2736 de
2153 2673 2290 2736 Ha·

157 2777 484 2867 ruspicum
529 2776 855 2866 responsis
897 2798 1079 2840 nune
1119 2775 1556 2852 manebimus.
1582 2777 1699 2842 Hae
1728 2778 1785 2841 si
1823 2776 1904 2841 ab
1932 2776 2057 2840 alio
2090 2766 2288 2864 quam

155 2903 190 2945 a
231 2883 542 2949 Cicerone
589 2883 838 2973 seriptae
878 2897 1067 2964 sunt,
1119 2882 1365 2946 factum
1412 2881 1543 2947 hoc
1592 2883 1677 2946 sit
1718 2904 1981 2947 necesse
2016 2898 2115 2946 est
2151 2905 2289 2946 non

157 3009 299 3081 post
327 2989 712 3058 instauratas
739 2992 1037 3082 profecto
1064 2991 1319 3056 literas:
1346 3007 1503 3056 sunt
1528 2985 1703 3056 enini
1730 2992 1987 3056 codices
2014 2993 2289 3079 antiqui,

157 3097 222 3161 in
267 3097 508 3188 quibus
563 3119 653 3163 eae
681 3082 1010 3162 habentur
1047 3105 1154 3178 (v.
1208 3118 1267 3186 g.
1320 3119 1495 3161 unus
1544 3096 1759 3160 soeculi
1800 3098 1897 3160 IX
1937 3095 2007 3160 in
2052 3097 2291 3162 biblio·

161 3203 338 3269 them
385 3225 519 3292 reg.
566 3203 768 3268 PariS.
819 3227 887 3268 n.
935 3203 1198 3290 7794):
1239 3225 1364 3266 nec
1408 3201 1685 3267 durante
1728 3201 1835 3265 illa
1878 3203 2291 3291 superiorum

161 3309 542 3374 saeculorum
573 3307 907 3390 barbarie3
945 3307 1094 3396 quis
1131 3307 1307 3372 enim
1345 3323 1495 3395 post
1520 3307 1833 3372 Lactantii
1859 3323 2109 3374 aetatem
2145 3310 2295 3373 talia

161 3413 512 3479 scriberet?
543 3430 620 3477 ut
667 3412 752 3478 de
797 3413 1060 3478 Asconii
1095 3412 1365 3476 Pediani
1384 3461 1401 3490 ‚
1454 3411 1882 3496 Quintiliani,
1912 3409 2293 3502 'grammati-

163 3541 422 3603 comm,
455 3518 849 3584 testimoniis
871 3519 1004 3600 jam
1037 3516 1202 3582 nihil
1234 3517 1445 3582 dicam
1465 3565 1484 3600 ,
1515 3517 1868 3604 dequibus
1898 3521 2120 3607 paullo
2147 3535 2299 3606 post

163 3623 812 3692 commemorandum
867 3625 976 3690 sit.
1037 3625 1270 3713 Neque
1316 3646 1471 3688 vero
1518 3624 1621 3688 vir
1668 3623 1901 3688 doctus
1924 3672 1942 3707 ,
1991 3624 2299 3690 adversus

165 3753 356 3818 quem
403 3731 544 3796 haec
589 3748 888 3820 suscepta
930 3730 1288 3819 disputatio
1322 3745 1422 3794 est
1440 3777 1459 3811 ‚
1505 3729 1573 3793 h.
1628 3751 1685 3794 e.
1740 3727 2045 3793 adversus
2112 3732 2299 3813 cujus

163 3839 439 3904 rationes
470 3862 486 3903 ε
525 3859 744 3926 neque
787 3838 966 3902 enim
1005 3859 1155 3901 cum
1191 3857 1527 3925 quoquam
1560 3834 1833 3901 homine
1864 3836 2055 3900 nobis
2096 3834 2303 3903 disce-

165 3945 362 4028 ptatio
389 3961 525 4028 est;
552 3964 810 4009 musam
844 3945 1052 4033 ipsam
1085 3959 1503 4008 tractamus...
1527 3962 1746 4032 neque
1776 3965 1931 4033 ergo
1958 3942 2095 4032 ipse
2128 3943 2304 4009 Mar-

172 4047 436 4120 klandus
485 4052 782 4119 obscuris
819 4051 942 4116 illis
983 4067 1049 4116 et
1091 4049 1379 4118 barbaris
1422 4050 1666 4117 saeculis
1713 4049 2021 4117 confictas
2061 4051 2150 4114 ait
2192 4051 2343 4134 has·
