2594 4537
383 283 672 352 ORAT.
721 282 854 351 DE
903 285 1337 354 HARUSP.
1392 281 1979 352 RESPONSIS.
2097 276 2243 376 459

108 407 211 474 Μ.
251 401 568 501 Lepidus
589 456 610 491 ‚
646 405 728 472 L.
766 400 1142 490 Claudius,
1173 427 1303 476 rex
1334 425 1741 491 sacrorum,
1772 403 1871 472 M.
1894 403 2243 488 Scaurus,

108 517 211 584 M.
252 517 550 586 Crassus
569 567 590 599 ,
631 513 988 602 C.Curi0‚
1013 517 1201 586 Sext.
1239 519 1507 599 Caesar,
1538 512 1799 584 flamen
1825 511 2247 603 Quirinali3‚

109 624 205 712 Q.
245 623 668 708 CorneliuS‚
704 627 783 694 P.
825 620 1321 696 Albinovanus
1344 679 1366 713 ‚
1408 626 1499 716 Q.
1539 624 1955 710 Terentius,
2004 621 2249 719 ponti-

109 731 286 805 fices
333 735 700 808 minores⁹
717 787 740 824 ‚
791 757 1002 806 causa
1055 735 1341 832 cognita
1358 789 1379 824 ,
1428 733 1715 806 duobus
1778 732 1957 804 locis
2020 730 2209 802 dicta
2232 783 2252 816 ‚

110 844 428 914 maxima
473 841 882 952 frequentia
926 846 1535 944 amplissimorum
1578 869 1661 917 ac
1696 843 2253 942 sapientissimo-

111 977 280 1024 rum
330 954 599 1026 civium
657 953 986 1028 adstante
1007 1010 1026 1044 ‚
1081 958 1282 1028 omni
1330 957 1716 1054 religione,
1770 979 1919 1032 una
1972 965 2217 1024 mente
2234 1005 2255 1040 ‚

108 1089 374 1156 omnes
411 1064 922 1138 liberaverunt.

212 1177 372 1246 VII.
410 1178 612 1274 Nego
645 1199 996 1273 umquam
1034 1191 1202 1274 post
1231 1200 1433 1249 sacra
1470 1177 1863 1246 constituta
1880 1227 1903 1262 ‚
1939 1197 2257 1270 quorum

109 1282 370 1358 eadem
389 1299 500 1356 est
531 1287 924 1382 antiquitas
943 1341 963 1375 ‚
999 1311 1162 1384 quae
1194 1289 1421 1387 ipsius
1456 1286 1657 1359 urbis
1676 1339 1698 1374 ‚
1728 1285 1873 1360 ulla
1896 1283 1989 1356 de
2007 1309 2085 1356 re
2106 1337 2127 1374 ‚
2164 1307 2259 1355 ne

113 1393 210 1466 de
248 1398 482 1494 capite
524 1395 820 1494 quidem
860 1399 1222 1496 virginum
1273 1399 1653 1471 vestalium
1670 1451 1691 1485 ‚
1732 1411 1881 1466 tam
1918 1392 2260 1490 frequens

111 1505 504 1603 collegium
526 1507 888 1603 judicasse
919 1535 936 1579 ε
965 1533 1417 1607 quamquam
1440 1508 1529 1580 ad
1558 1505 1892 1580 facinoris
1924 1503 2261 1601 disquisi-

111 1618 395 1688 tionem
441 1619 740 1690 interest
793 1617 1042 1692 adesse
1080 1644 1303 1716 quam
1350 1618 1718 1718 plurimos.
1760 1621 1871 1687 Ita
1920 1627 2029 1686 est
2070 1613 2265 1684 enim

113 1729 621 1827 interpretatio
645 1737 670 1772 ¹
727 1729 848 1803 illa
897 1728 1333 1828 pontificum
1360 1783 1379 1817 ‚
1436 1742 1522 1801 ut
1556 1727 1777 1800 iidem
1829 1738 2264 1824 potestatem

114 1937 382 2004 adoptatus
428 1949 504 1987 est
535 1954 564 1987 a
601 1940 666 2001 Q.
692 1938 899 1988 Metello
934 1939 1050 1999 Pio,
1094 1949 1152 1988 ut

119 2031 299 2068 notum
349 2031 425 2069 est
449 2053 466 2077 ,
517 2019 824 2083 proindeque
867 2018 1173 2068 nominibus·

115 2101 434 2156 commutatis
457 2099 524 2162 Q.
545 2099 772 2149 Caecilius
791 2097 1020 2147 Metellus
1037 2099 1152 2148 Pin-s

117 2178 292 2242 Scipio
314 2178 478 2228 dietus
499 2189 572 2227 est
588 2213 605 2237 ,
635 2179 764 2226 sicut
779 2178 833 2226 in
852 2179 1006 2226 Fastis
1026 2177 1156 2226 Cou-

115 2255 380 2308 sularibus.
409 2259 478 2307 At
496 2293 511 2318 ,
529 2257 570 2306 si
595 2258 794 2323 quando
814 2258 1043 2324 privatim
1063 2274 1154 2324 ap-

115 2336 409 2403 pellaretur,
423 2354 525 2386 non
538 2339 602 2401 Q.
615 2338 860 2398 Metellus,
876 2337 961 2386 sed
975 2340 1034 2387 P.
1047 2336 1156 2387 Sci-

115 2417 212 2482 pio
249 2432 430 2467 nomeu
473 2417 550 2465 illi
593 2428 698 2467 emt
711 2450 728 2476 ,
761 2428 812 2467 et
851 2418 1000 2483 vulgo
1031 2416 1156 2473 ,talis

117 2494 379 2547 audiebat.
412 2496 598 2545 Eadem
629 2498 818 2545 ratione
848 2498 922 2545 M.
945 2498 1127 2546 Brutus
1137 2529 1156 2558 ,

117 2578 193 2625 ita
239 2575 419 2639 passim
458 2574 519 2623 ab
568 2576 800 2625 omnibus
835 2576 1118 2625 nominatus
1137 2602 1164 2637 ‚-

121 2654 353 2721 Philipp.
374 2657 428 2704 X
453 2656 505 2703 in
544 2655 673 2705 scto
693 2657 763 2718 Q.
786 2656 954 2720 Coepio
977 2658 1158 2705 Brutus

123 2737 314 2787 dicitur
328 2769 345 2796 ‚
383 2745 558 2799 utpote
583 2736 648 2785 ab
671 2736 776 2797 eius
799 2736 1048 2785 avunculo
1087 2739 1155 2811 Q.

124 2815 336 2867 Servilio
360 2815 592 2881 Caepioue
613 2816 876 2881 adoptatus
899 2832 914 2865 ε
943 2815 1080 2881 qnod
1105 2818 1158 2862 in

122 2896 283 2945 literis
323 2897 748 2960 monumentisque
792 2895 1003 2961 publicis
1039 2894 1159 2943 ado-

125 2976 316 3041 ptantis
335 2974 530 3025 familia
561 2976 758 3025 nomina
796 2972 1158 3033 retinebantur,

124 3072 187 3104 ac
209 3056 404 3125 gentis,
433 3070 542 3120 quae
566 3056 736 3105 relicta
759 3056 942 3113 fuerat,
974 3068 1159 3118 cogno-

125 3152 245 3185 men
264 3134 605 3185 tantummodo
619 3134 860 3183 manebat.
869 3135 993 3197 Qua
1007 3149 1160 3197 quum

126 3218 198 3265 ita
217 3232 318 3265 sese
341 3214 578 3263 haberent
591 3250 608 3278 ‚
631 3226 766 3265 recte
792 3213 993 3279 quidem
1019 3229 1066 3261 c.
1091 3220 1157 3273 47

129 3312 225 3361 pro
244 3296 404 3343 Domo
425 3296 481 3343 P.
503 3294 672 3358 Scipio
695 3294 901 3352 dicitur,
925 3292 1158 3357 privatim

128 3374 406 3440 appellatus
425 3389 456 3423 a
471 3373 706 3425 Cicerone
722 3406 737 3431 ‚
755 3387 909 3437 quum
929 3364 1158 3419 Macedo-

129 3456 296 3503 nicum
321 3468 560 3517 proavum
577 3462 848 3503 maternum
866 3449 1088 3509 haberet,
1101 3460 1160 3499 ut

129 3534 299 3598 Scipio
319 3565 336 3593 ,
361 3547 465 3580 non
498 3542 557 3580 nt
581 3530 846 3595 adoptatus
865 3546 896 3579 a
923 3527 1159 3589 Metello;

128 3630 232 3678 quo
258 3610 418 3660 modo.
451 3626 664 3675 proavus
691 3608 768 3657 illi
793 3620 1026 3673 paternus
1057 3616 1162 3655 erat

127 3694 188 3741 1..
228 3690 458 3741 Metellus
497 3687 814 3739 Macedonici
853 3686 1016 3737 frater.
1059 3682 1158 3735 Hic

127 3785 250 3819 vero
267 3770 548 3817 nominatur
569 3804 585 3829 ,
618 3779 673 3815 ut
698 3767 950 3832 pontifex,
989 3776 1036 3813 et
1061 3780 1160 3830 pu-

127 3850 264 3899 blico
279 3847 552 3896 sacerdotio
573 3846 855 3910 insignitus,
878 3862 1026 3909 quem
1042 3862 1160 3909 pro·

129 3931 261 3981 fecto
287 3930 454 3978 locum
481 3937 820 3993 occupaverat,
848 3936 902 3974 ut
922 3925 1159 3991 plebeius,

130 4023 180 4060 et
200 4008 466 4076 adoptatus
479 4044 494 4068 ‚
522 4023 624 4057 non
643 4017 700 4058 ut
723 4006 980 4071 patricius3
1000 4020 1160 4069 neque

1238 1939 1399 1988 omitti
1425 1949 1620 2006 poterat
1650 1953 1923 2005 pronomen
1939 1933 2159 1994 Metelli,
2178 1933 2267 1998 qni

1236 2019 1569 2083 adoptaverat.

1311 2115 1362 2162 9.
1393 2102 1537 2147 Pone.
1564 2096 1795 2144 minores.
1822 2092 1958 2142 Male
1988 2093 2045 2141 in
2076 2091 2267 2142 Francii

1239 2177 1420 2243 legitur
1434 2175 1699 2245 pontifices
1719 2173 1947 2238 majores.
1968 2173 2037 2220 111
2069 2172 2266 2219 fuerunt

1240 2274 1368 2323 quos
1386 2257 1606 2321 superins
1624 2253 1923 2316 nominavit;
1942 2250 2265 2313 subjiciuntur

1241 2338 1468 2386 minores.
1492 2337 1644 2385 Erant
1679 2344 1842 2382 autem
1866 2330 2131 2399 pontifices
2164 2346 2266 2378 ma-

1239 2418 1375 2479 jores
1404 2426 1455 2465 et
1484 2415 1727 2477 minores,
1766 2413 1829 2463 de
1859 2426 2073 2477 quorum
2102 2410 2275 2458 discri-

1244 2497 1377 2545 mine
1404 2495 1519 2545 vide
1539 2494 1745 2545 Gathar.
1770 2492 1833 2541 de
1861 2502 1959 2541 vet.
1985 2492 2108 2541 Jure
2134 2494 2270 2540 Pon·

1245 2577 1320 2627 tif.
1343 2576 1433 2625 lib.
1460 2578 1486 2623 1
1504 2611 1521 2638 ‚
1548 2590 1660 2639 cap.
1680 2579 1769 2627 24.

1314 2656 1430 2704 vlt.
1476 2670 1523 2704 ι.
1568 2650 1927 2717 Ιπεοφνεεατίο.
1968 2649 2051 2698 Sic
2090 2648 2273 2697 dicitur

1243 2734 1483 2785 sententia
1504 2730 1795 2799 pontificum
1818 2730 1915 2779 lata
1939 2729 2003 2778 de
2026 2744 2081 2777 re
2102 2726 2273 2791 dubia,

1244 2810 1587 2877 ad'religiones
1602 2810 1901 2877 pertinente,
1932 2808 1994 2858 de
2017 2824 2111 2873 qna
2138 2804 2271 2871 apud

1245 2893 1361 2942 illos
1398 2891 1784 2957 disceptabatur,
1807 2903 1952 2952 quam
1990 2886 2273 2933 consulibus

1247 2970 1563 3023 referentibus
1600 2978 1767 3034 postea
1804 2964 2273 3015 senatusconsultum

1247 3050 1553 3115 sequebatur.
1567 3049 1637 3097 Ut
1656 3062 1809 3112 quum
1824 3045 1887 3093 ad
1908 3042 2167 3109 pontifices
2194 3059 2271 3091 re·

1241 3131 1427 3191 jectum
1463 3128 1526 3177 de
1560 3127 1712 3176 domo
1751 3122 2004 3174 Ciceronis
2044 3121 2274 3185 frequens

1245 3208 1507 3273 collegium
1538 3204 1673 3257 omni
1699 3219 1806 3251 eam
1832 3200 2065 3265 religione
2092 3200 2271 3247 libera-

1245 3288 1333 3337 vit.
1356 3288 1507 3351 Quod
1527 3301 1682 3350 quum
1718 3282 1783 3331 ad
1809 3291 2033 3329 senatum
2068 3279 2273 3329 relatum

1245 3378 1369 3416 esset
1384 3400 1398 3426 ,
1426 3364 1615 3415 censuit
1641 3363 1843 3412 domum
1880 3360 2013 3407 illam
2041 3358 2275 3423 religione

1244 3446 1497 3495 liberatam
1524 3443 1696 3495 videri.
1716 3438 2011 3491 Pontificum
2036 3440 2278 3503 interpre-

1249 3526 1483 3575 tationem
1529 3524 1602 3573 M.
1648 3520 1839 3571 Tullius
1900 3517 2273 3583 responsionem

1247 3615 1422 3655 vocat:
1452 3604 1567 3651 «De
1590 3601 1738 3649 domo
1757 3608 1941 3658 nostra,
1957 3597 2137 3661 inquit,
2152 3593 2278 3641 nihil

1247 3682 1407 3733 adhuc
1433 3679 1693 3747 pontifices
1720 3677 2135 3743 responderunt».
2159 3674 2270 3721 Jac.

1247 3763 1455 3813 Guther.
1473 3762 1534 3811 de
1558 3771 1657 3809 vet.
1688 3762 1807 3811 Jute
1830 3753 2061 3805 Pontifie.
2090 3752 2182 3803 lib.
2210 3754 2236 3799 1
2252 3785 2268 3810 ,

1247 3858 1361 3907 cap.
1392 3850 1479 3900 ²4·
1506 3840 1679 3889 Paucis
1716 3836 1936 3887 versibus
1971 3845 2090 3899 post
2130 3842 2273 3882 vocat

1245 3920 1466 3988 collegii,
1502 3920 1731 3971 nimirum
1775 3912 2070 3983 pontificum
2094 3948 2109 3977 ,
2138 3910 2277 3979 judi-

1247 4017 1391 4051 cmm.
