2594 4537
271 264 412 347 244
664 256 1317 361 MARKLAsNDI
1366 256 1489 326 ET
1537 257 2001 329 GESNERI

266 384 497 450 studiis
527 406 669 447 non
699 398 830 445 tam
859 380 1206 445 exercitato
1226 426 1246 461 ,
1281 402 1480 469 quam
1512 380 1565 445 is
1598 379 1877 446 debebat
1908 404 2080 465 esse,
2117 382 2232 469 qui
2258 404 2441 446 om-

267 514 416 557 nem
437 504 688 555 aetatem
711 488 777 550 in
802 483 1170 550 evolvendis
1187 502 1385 573 atque
1402 484 1881 575 perscrutandis
1898 486 2439 551 clarissimorum

261 598 596 661 oratorum
629 592 882 681 scriptis
907 592 1432 680 consumpsisset.
1470 592 1886 680 Quamquam
1918 614 2054 656 non
2081 610 2180 657 est
2201 594 2437 657 incre-

264 700 460 767 dibile
481 748 500 782 ,
552 696 1031 781 Quintilianum
1077 696 1146 759 in
1194 718 1481 761 errorem
1526 694 1827 762 incidisse
1870 697 2073 785 ipsius
2109 696 2439 786 exemplo

261 806 558 887 Asconii,
591 803 774 885 cujus
806 804 1024 867 forsan
1053 802 1264 866 fuerat
1309 800 1568 866 auditor
1612 802 1807 890 (Inst.
1844 804 2021 867 Orat.
2054 804 2085 867 1
2104 850 2124 885 ,
2154 826 2221 891 7,
2254 802 2391 891 24)
2410 852 2433 883 ,

265 916 367 978 vel
401 914 467 977 in
507 912 693 992 cujus
728 909 1206 976 commentariis
1239 930 1382 972 eam
1410 908 1790 998 opinionem
1816 910 2185 993 invenerat,
2222 909 2435 975 adeo-

268 1042 400 1109 que
418 1034 727 1083 neutrum
749 1014 1010 1081 illorum
1028 1063 1048 1098 ,
1077 1032 1156 1080 ut
1178 1012 1317 1079 fieri
1341 1014 1534 1097 solet,
1558 1016 1909 1105 suscepisse
1940 1016 2431 1080 accuratiorem

269 1124 715 1189 tractationem
749 1122 980 1199 libelli,
1029 1122 1141 1211 qui
1181 1121 1316 1202 jam
1356 1136 1498 1185 tum
1539 1122 1796 1213 corpori
1826 1122 2431 1187 Ciceronianorum

269 1232 661 1320 scriptorum
695 1224 927 1295 ¹illatus
978 1250 1099 1318 pro
1157 1228 1409 1293 sincero
1454 1248 1529 1293 ac
1578 1228 1867 1317 genuino
1910 1227 2287 1293 haberetur.
2338 1228 2431 1291 Et

269 1338 594 1404 Asconius
641 1336 908 1425 quidem
955 1350 1144 1397 natus
1185 1349 1293 1398 ἐει
1334 1334 1739 1423 temporibus
1794 1334 2107 1423 Aug-usti3
2158 1334 2432 1423 scripsit

268 1460 488 1509 autem
511 1441 1030 1508 Commentarios
1059 1461 1213 1505 suos
1236 1438 1320 1503 ad
1344 1440 1598 1528 aliquot
1622 1440 1953 1505 Ciceronis
1985 1440 2317 1505 orationes
2348 1440 2425 1503 in

268 1552 534 1641 gratiam
571 1568 844 1613 suorum
879 1548 1236 1641 liberorum
1273 1546 1399 1610 sub
1436 1544 1690 1611 Claudii
1721 1562 1836 1610 aut
1866 1546 2145 1611 Neronis
2176 1546 2425 1634 princi·

267 1672 460 1745 patu,
492 1656 628 1736 iel,
676 1648 1047 1743 diligentius
1076 1651 1274 1717 ducta
1308 1653 1676 1733 conjectura
1710 1674 1790 1716 ex
1820 1651 1968 1716 loco
2004 1650 2299 1739 quodam
2330 1650 2423 1715 ad

269 1764 496 1850 fragm.
524 1774 684 1824 orat.
717 1781 839 1848 pro
870 1760 961 1823 M.
988 1760 1264 1842 Scauro,
1295 1782 1360 1847 p.
1396 1758 1597 1840 1013,
1632 1758 1798 1823 circa
1827 1780 1930 1822 an.
1965 1756 2047 1822 U.
2078 1756 2245 1852 83²2
2298 1774 2421 1823 aut

271 1882 447 1931 certe
480 1880 630 1955 post
657 1874 904 1929 annum
941 1864 1089 1953 795.
1125 1867 1422 1948 Quarum
1456 1866 1783 1929 rationum
1822 1880 2252 1951 utracumque
2288 1886 2421 1953 po-

271 1973 398 2036 tior
426 1968 740 2054 videatur,
762 1970 1030 2034 restabit
1049 1970 1457 2033 intervallum
1482 1990 1686 2059 prope
1724 1992 1845 2033 roo
1870 1978 2193 2031 annorum
2210 2016 2229 2051 ,
2259 1969 2416 2035 satis

267 2078 539 2167 longum
575 2076 677 2141 his
713 2076 1119 2141 orationibus
1155 2074 1663 2140 conscribendis.

357 2184 540 2249 xm.
579 2183 827 2249 Licebit
857 2199 1074 2247 tamen
1109 2184 1380 2246 fortasse
1408 2204 1547 2245 rem
1580 2204 1793 2246 secare
1832 2182 2128 2263 tenuius,
2155 2198 2234 2246 ut
2260 2203 2415 2246 con·-

271 2289 465 2357 fectio
535 2292 905 2355 orationum
977 2305 1263 2378 ponatur
1322 2289 1496 2353 inter
1552 2289 1804 2354 editum
1868 2288 2107 2354 librum
2170 2287 2408 2355 Valerii

265 2397 565 2478 Maximi,
591 2396 658 2459 h.
694 2417 752 2461 e.
785 2394 1039 2459 circiter
1065 2395 1239 2458 inter
1271 2413 1522 2459 annum
1554 2395 1637 2459 U.
1666 2385 1740 2459 C.
1768 2395 1920 2483 786,
1954 2411 2018 2460 et
2046 2395 2231 2460 illum
2256 2413 2408 2461 ante

271 2501 611 2566 definitum
665 2501 814 2587 795.
871 2497 1071 2581 Quod
1115 2519 1233 2562 cur
1279 2499 1441 2564 mihi
1492 2501 1585 2565 sic
1628 2515 1939 2583 statuam,
1986 2501 2155 2565 hanc
2198 2500 2405 2566 habeo

271 2629 551 2672 causam.
599 2599 760 2669 Duae
806 2605 907 2668 vel
966 2621 1096 2670 tres
1152 2607 1487 2671 sententiae
1548 2621 1801 2671 exstant
1853 2605 2031 2695 apud
2078 2605 2403 2672 Valerium

271 2711 632 2776 Maximum
655 2759 672 2793 ,
707 2733 852 2799 quae
877 2726 942 2775 et
969 2709 1036 2773 in
1067 2710 1188 2775 hac
1209 2761 1228 2794 ,
1264 2735 1460 2801 quam
1492 2711 1979 2776 Ciceronianam
2001 2727 2191 2778 vocat
2215 2716 2407 2778 Asco-

273 2819 458 2898 nius,
494 2817 786 2881 oratione
821 2817 1168 2905 leg-untur3
1202 2833 1267 2881 et
1306 2816 1482 2907 apud
1522 2817 1851 2882 Valerium
1894 2817 2157 2906 quidem
2196 2841 2403 2884 sermo

269 2939 486 2988 rectus
537 2937 636 2986 est
673 2944 746 2987 ac
797 2923 1100 3011 proprius
1118 2969 1136 3006 ,
1182 2922 1355 3013 apud
1402 2939 1725 2987 oratorem
1762 2939 2063 2988 nostrum
2101 2923 2399 3007 vitiosus,

271 3031 445 3094 cer‘te
495 3028 851 3094 abhorrens
901 3029 1004 3091 ab·
1032 3027 1435 3117 optimorum
1481 3029 1871 3118 scriptorum
1915 3028 2397 3095 consuetudine.

268 3133 434 3198 Vide
474 3149 633 3200 orat.
673 3156 802 3223 -pro
843 3121 1096 3216 Domo,
1133 3157 1189 3197 c.
1227 3132 1348 3216 383
1386 3133 1469 3199 de
1505 3134 1658 3200 Har.
1694 3156 1862 3222 resp.
1902 3157 1960 3199 c.
1992 3155 2057 3220 9.
2106 3135 2245 3199 Jam
2280 3136 2401 3199 mi-

271 3241 450 3304 nime
496 3239 836 3304 verisimile
881 3254 1015 3320 est,
1061 3237 1391 3302 Valerium
1437 3238 1525 3303 ita
1576 3261 1771 3303 usum
1808 3261 1946 3304 esse
1976 3239 2191 3304 verbis
2224 3239 2399 3306 Cice-

270 3345 452 3410 ronis
477 3393 494 3422 ‚
545 3361 621 3408 ut
659 3345 856 3426 hujus
889 3344 1208 3408 latinitate
1253 3333 1389 3408 non
1436 3346 1907 3434 acquiesceret,
1952 3367 2226 3434 eamque
2261 3367 2401 3410 cor-

274 3451 566 3516 rectione
620 3471 808 3539 egere
856 3465 1115 3538 putaret
1129 3471 1156 3532 ς
1209 3441 1748 3514 'verisimillimum
1796 3468 2015 3516 autem
2035 3499 2053 3528 ‚
2110 3452 2397 3539 imperito

275 3558 690 3625 declamatori
735 3557 1051 3647 placuisse
1094 3557 1339 3646 aliquid
1380 3559 1702 3648 surripere
1738 3583 1775 3623 a
1808 3560 2065 3624 Valerio
2084 3608 2103 3642 ,
2149 3559 2261 3623 sed
2294 3579 2397 3624 ve-

273 3666 456 3753 stigia
505 3663 698 3753 plagii
733 3663 1104 3728 obliterasse
1147 3662 1554 3726 immutanda
1608 3665 1888 3728 auctoris
1934 3663 2035 3729 sui
2074 3665 2397 3732 latinitate.

274 3775 490 3857 Atque
525 3768 607 3832 ad
637 3770 808 3834 hanc
851 3771 1290 3850 conjecturam
1320 3757 1513 3832 etiam
1546 3769 1711 3834 ratio
1742 3770 2053 3858 temporis
2086 3772 2393 3859 cong-ruit.

272 3876 440 3940 Nam
462 3923 479 3950 ‚
527 3889 606 3938 ut
653 3869 999 3968 minimum
1051 3896 1353 3939 numeres
1378 3923 1395 3956 ,
1434 3874 1661 3940 decem
1696 3877 1854 3941 anni
1884 3876 2213 3940 intersunt
2239 3869 2396 3941 inter

266 3977 620 4054 editionem
665 3981 900 4044 Valerii
950 3981 1215 4048 Maximi
1269 3997 1335 4046 et
1386 3981 1805 4070 scriptionem
1852 3981 1999 4047 libri
2040 3983 2392 4050 Asconiani.
