2594 4537
998 312 1181 335 mm

1709 312 2494 339 mmmm-

859 464 1755 573 EXCURSUS
1857 468 2020 577 ΙΙ,

751 666 1325 751 GASPARIS
1393 668 2080 751 GARATONII

678 836 754 884 Ad
774 852 830 886 ea
850 838 993 885 verba
1015 836 1284 893 Ciceronis,
1305 847 1426 887 orat.
1455 852 1546 900 pro
1573 838 1658 885 Cn.
1687 837 1907 894 Plane-lo,
1944 853 2052 903 cap.
2077 840 2140 887 16
2161 856 2172 885 :

350 982 527 1056 Apud
538 996 755 1056 ⁴eosque
774 998 885 1048 me,
912 998 989 1037 ne
1007 981 1267 1058 quinque
1285 981 1522 1058 quidem
1549 980 1772 1053 rejectis·
1786 1022 1804 1053 ,
1829 984 1988 1058 quod
2001 983 2066 1038 in
2084 984 2373 1058 proximo
2399 1002 2487 1039 reo

426 1072 503 1128 de
540 1073 765 1131 consati
799 1074 1085 1131 sententia
1108 1075 1466 1133 constitutum
1490 1086 1582 1131 est
1601 1114 1621 1143 ,
1665 1092 1848 1151 cogas
1873 1094 2112 1131 causam
2141 1076 2222 1131 de
2231 1076 2488 1148 firmis

432 1169 701 1229 omnibus
738 1172 973 1227 debete?

1652 1322 1718 1335 -

335 1489 341 1495 -
435 1441 820 1508 Scholiastes
862 1444 935 1509 in
980 1441 1410 1509 describendo
1455 1443 1537 1507 de
1553 1443 1855 1532 fortunis
1883 1444 2176 1509 omnibus
2215 1444 2486 1509 oinisit:

345 1563 491 1613 tum
507 1549 755 1637 reliqua
775 1547 860 1614 ad
876 1547 1072 1616 finem
1096 1571 1308 1638 usque
1337 1550 1564 1638 capitis
1597 1550 1736 1615 sine
1765 1550 2075 1616 varietate
2104 1550 2406 1639 protulit,
2419 1563 2488 1613 ut

348 1655 599 1736 omnia,
620 1678 767 1743 quae
786 1655 1229 1742 praetermittO.
1246 1653 1431 1719 Idem
1457 1652 1714 1745 prodit,
1747 1653 1929 1743 quod
1959 1656 2282 1721 hactenus
2303 1657 2488 1747 igno-

346 1761 630 1844 rabatur,
662 1762 1038 1849 proximum
1068 1762 1253 1827 illum
1281 1785 1470 1827 reum
1507 1762 1704 1829 fuisse
1735 1762 2097 1827 Vatinium.
2133 1763 2322 1831 «lam
2340 1812 2360 1846 ,
2395 1762 2490 1825 in·

348 1865 525 1954 quit,
562 1865 644 1929 de
680 1865 991 1931 sodalitiis
1036 1889 1293 1932 causam
1344 1867 1594 1932 dixerat
1634 1868 1706 1933 P.
1725 1867 2024 1933 Vatinius
2043 1917 2062 1951 ,
2097 1868 2344 1933 eodem
2377 1866 2489 1932 de·

349 1971 657 2037 fendente
686 1972 779 2037 M.
814 1974 1161 2061 Cicerone,
1202 1973 1390 2054 cujus
1424 1974 1722 2063 exemplo
1759 1990 1955 2064 negat
1984 1975 2342 2063 iniquitate
2369 1974 2486 2038 La-

350 2079 618 2144 terensis
651 2100 803 2159 esse·
820 2078 1086 2143 Plancio
1116 2079 1506 2168 permissum
1531 2080 1555 2161 j
1564 2078 1784 2145 udices
1809 2080 2077 2161 rejicere
2098 2110 2147 2143 ι.
2177 2080 2398 2146 Maius
2411 2081 2484 2141 V.

349 2185 423 2249 C.
462 2199 637 2251 recte
668 2185 955 2267 adnotat,
988 2186 1374 2250 Ciceronem
1399 2207 1521 2276 pro
1538 2185 1803 2251 Vatinio
1822 2184 2058 2251 dixisse
2077 2186 2150 2251 L.
2177 2186 2488 2265 Domitio,

347 2308 415 2357 et
444 2292 653 2381 Appio
688 2291 959 2358 Claudio
1005 2314 1169 2357 coss.
1220 2314 1397 2356 anno
1447 2293 1578 2379 699
1633 2292 1722 2380 (i.
1759 2314 1816 2357 e.
1849 2315 1982 2381 700
2013 2292 2326 2380 Almel.),
2359 2313 2486 2380 quo

348 2395 625 2484 proinde
654 2397 991 2461 Plancium
1024 2419 1290 2486 quoque
1322 2394 1719 2460 defenderit:
1755 2396 1848 2462 sic
1880 2397 2058 2461 enim
2089 2419 2172 2461 ex
2203 2397 2483 2462 Asconio

346 2519 755 2592 compertum
774 2501 935 2585 fieri,
960 2520 1038 2568 ut
1061 2503 1399 2569 Manutius
1420 2503 1827 2568 existimavit.
1861 2504 1942 2568 In
1968 2503 2482 2594 fragmentorum
2565 2549 2567 2554 -

344 2607 631 2673 editione
660 2609 990 2674 Graeviana
1012 2607 1197 2674 locus
1222 2609 1490 2674 Asconii
1521 2625 1640 2691 est,
1667 2632 1732 2698 p.
1772 2630 1959 2674 1002.
1991 2608 2314 2674 Patricius
2336 2631 2484 2674 vero

346 2713 463 2794 ibi,
490 2735 635 2804 pag.
686 2735 875 2796 1001,
913 2737 994 2778 ex
1022 2714 1104 2779 D.
1139 2714 1528 2803 Hieronymi,
1563 2712 1860 2803 apologia
1901 2715 1970 2777 in
2001 2712 2326 2778 Rufinum
2354 2713 2486 2778 haec

346 2818 583 2884 affert:
643 2849 670 2875 ι
689 2819 859 2909 Lege
912 2842 1034 2908 pro
1069 2819 1332 2885 Vatinio
1383 2817 1820 2907 (Ciceronis)
1868 2819 2382 2902 oratiunculam,
2427 2833 2486 2882 et

345 2923 494 2990 alias
513 2973 534 3007 ,
572 2923 687 2989 ubi
718 2923 1167 2990 sodalitiorum
1194 2925 1442 2990 mentio
1472 2922 1546 2990 fit
1563 2955 1608 2989 w.
1643 2925 1826 3014 Ergo
1865 2940 1932 2989 et
1979 2946 2194 2990 annus
2209 2973 2229 3008 ,
2269 2940 2338 2990 et
2367 2924 2487 2988 cri-

345 3053 499 3096 men
530 3031 873 3117 utriusque
899 3029 1323 3095 accusationis
1348 3027 1526 3094 idem
1555 3029 1696 3094 fuit.
1725 3031 1973 3094 Tamen
2007 3045 2236 3094 contra
2263 3031 2488 3096 Manu·

346 3136 513 3202 tium
556 3137 820 3225 copiose
867 3134 1220 3225 disputavit
1253 3136 1582 3202 Ferratius
1604 3185 1624 3218 ,
1654 3137 1768 3212 vir,
1785 3137 2232 3202 Romanarum
2269 3159 2484 3202 rerum

348 3245 813 3334 peritissimus,
861 3245 1011 3326 -111,
1080 3244 1333 3334 epistol.
1397 3242 1432 3308 5
1452 3293 1469 3326 ‚
1525 3266 1667 3333 pag.
1742 3242 1864 3332 167
1921 3240 2004 3308 ad
2073 3266 2218 3332 171,
2299 3261 2366 3309 et
2410 3244 2486 3326 V,

358 3373 461 3433 η,
504 3373 651 3440 pag.
715 3349 864 3432 365,
910 3364 987 3412 ut
1029 3348 1443 3414 Plancianam
1505 3349 1843 3437 superiore
1899 3371 2076 3413 anno
2133 3348 2486 3439 Pompeio,

348 3470 415 3520 et
478 3457 713 3520 Crasso
755 3456 991 3520 iterum
1056 3477 1219 3521 coss.
1266 3454 1556 3520 habitam
1601 3453 2096 3519 demonstraret.
2155 3453 2338 3519 silvii
2355 3505 2378 3537 ,
2426 3471 2488 3518 et

348 3561 561 3652 Pighii
614 3560 839 3625 eadem
888 3561 1210 3626 sententia
1244 3562 1456 3626 fuerat
1493 3583 1509 3626 ε
1568 3561 1635 3623 in
1677 3558 1974 3626 eamdem
2021 3581 2146 3624 nos
2203 3561 2485 3639 ivimus3

348 3668 464 3756 qui
491 3714 510 3749 ,
588 3681 937 3756 postquam
1004 3667 1400 3732 Manutianis
1464 3667 1835 3732 Ferratiana
1897 3666 2299 3747 subjecimus
2343 3689 2482 3756 pag.

352 3771 474 3840 352
494 3822 513 3857 ,
558 3771 923 3838 Corradum
970 3773 1055 3839 de
1104 3776 1176 3841 C.
1207 3773 1374 3839 Alfio
1407 3774 1750 3863 quaesitore
1777 3772 2204 3837 refutavimus
2235 3770 2322 3837 ad
2351 3795 2480 3860 cap.

352 3901 428 3964 17
452 3927 471 3960 ‚
534 3881 790 3945 actione
855 3903 1063 3945 causae
1126 3904 1278 3948 cum
1331 3881 1618 3946 Ferratio
1664 3894 1959 3944 retracta.
2011 3877 2218 3961 Quod
2275 3899 2480 3952 nunc,

344 3983 684 4050 scholiaste
717 3986 972 4075 prolato
994 4037 1012 4071 ‚
1064 4009 1198 4052 non
1257 3987 1409 4052 licet
1437 3987 1649 4052 facere
1669 4033 1688 4066 ,
1722 4005 2117 4072 causamque
2151 3981 2478 4048 fatendum
