2594 4537
339 280 482 377 394
989 282 1087 347 M.
1136 280 1212 345 T.
1267 278 1827 349 CICERONIS

333 409 666 487 tionum,
713 401 1251 499 provinciarum
1280 455 1300 489 ,
1350 424 1601 497 regum
1632 456 1651 488 ‚
1712 398 1915 471 orbis
1963 397 2286 495 denique
2350 416 2479 472 ter-

335 540 578 586 rarum
609 511 700 583 de
738 512 915 582 meis
941 512 1018 581 in
1048 534 1305 581 ornnes
1339 510 1683 581 mortales
1714 510 1991 581 meritis
2018 532 2255 579 unum
2279 510 2477 604 judi-

335 627 530 695 cium
559 678 579 708 ‚
631 644 1012 719 unumque
1062 644 1549 690 consensum:
1593 618 1945 691 adventus
1992 643 2203 690 meus
2258 634 2479 715 atque

335 734 676 803 introitus
713 733 790 801 in
835 728 1093 801 urbem
1132 732 1260 827 qui
1310 728 1489 801 fuit?
1530 743 1775 799 utrum
1812 754 1927 799 me
1962 732 2197 827 patria
2232 731 2338 800 sic
2373 756 2476 800 ac-

335 842 561 938 cepit,
609 853 690 910 ut
733 840 971 911 lucem
1009 838 1465 937 salutemque
1502 838 1853 910 redditam
1888 838 2025 910 sibi
2064 864 2149 911 ac
2184 844 2471 911 restitu-

335 968 482 1022 tam
511 951 832 1049 accipere
859 947 1110 1020 debuit
1129 1004 1148 1037 ,
1177 974 1269 1020 an
1308 963 1387 1019 ut
1413 948 1779 1021 crudelem
1810 950 2251 1045 tyrannum?
2276 950 2473 1046 quod

329 1086 460 1131 vos
497 1059 814 1131 Catilinoe
854 1059 1170 1158 gregales
1220 1056 1311 1129 de
1363 1084 1479 1129 me
1530 1058 1769 1129 dicere
1818 1056 2178 1129 solebatis.
2224 1064 2473 1156 Itaque

331 1169 452 1241 ille
495 1192 686 1241 unus
719 1167 912 1253 dies,
953 1193 1106 1265 quo
1146 1169 1262 1240 die
1302 1193 1418 1239 me
1456 1170 1773 1265 populus
1802 1192 2149 1240 romanus
2184 1193 2231 1239 a
2268 1184 2475 1267 porta

335 1282 412 1350 in
443 1280 877 1379 Capitolium
901 1334 920 1367 ‚
963 1294 1184 1376 atque
1215 1278 1387 1350 inde
1423 1277 1725 1349 domum
1761 1302 1891 1349 sua
1918 1278 2337 1351 celebritate
2366 1278 2473 1349 lae-

332 1392 636 1488 titiaque
681 1393 1105 1463 comitatum
1131 1398 1188 1432 ²1
1239 1389 1647 1461 honestavit
1670 1442 1689 1478 ‚
1734 1402 1951 1459 tantae
1996 1388 2178 1459 mihi
2206 1391 2473 1485 jucun-

336 1501 540 1574 ditati
569 1501 706 1573 fuit
723 1558 742 1589 ‚
771 1518 854 1573 ut
881 1517 1004 1573 tua
1031 1499 1210 1571 mihi
1233 1499 1719 1573 conscelerata
1740 1499 1856 1569 illa
1880 1501 1987 1571 vis
2008 1556 2027 1585 ‚
2068 1524 2221 1569 non
2250 1498 2473 1569 modo

335 1636 490 1682 non
535 1609 1064 1710 propulsanda,
1106 1608 1228 1681 sed
1275 1611 1491 1681 etiam
1530 1608 1836 1679 emenda
1874 1606 2093 1679 fuisse
2127 1608 2467 1680 videatur.

261 1804 264 1809 ,
339 1724 582 1811 Quare
637 1720 758 1793 illa
807 1722 1170 1793 calamitas
1219 1720 1329 1816 (si
1367 1719 1469 1789 ita
1506 1732 1615 1789 est
1657 1717 2125 1816 appellanda)
2166 1720 2471 1791 excussit

333 1831 478 1902 hoc
515 1853 745 1928 genus
777 1847 1012 1903 totum
1051 1828 1414 1900 maledicti
1435 1882 1455 1916 ,
1495 1853 1587 1898 ne
1624 1829 2009 1925 quisquam
2038 1826 2305 1899 audeat
2328 1829 2468 1924 jam

330 1939 865 2037 reprehendere
933 1938 1391 2011 consulatum
1458 1962 1703 2008 meum
1766 1950 1875 2007 tot
1901 1991 1922 2024 ‚
1994 1939 2214 2009 tantis
2235 1993 2256 2026 ‚
2328 1954 2467 2009 tam

329 2053 602 2124 ornatis
647 2052 936 2149 judiciis
957 2106 978 2141 ‚
1027 2052 1501 2137 testimoniis,
1548 2046 2095 2120 auctoritatibus
2133 2074 2465 2147 compro-

333 2159 607 2233 batum.

426 2277 680 2346 XXIX.
714 2270 946 2363 Quod·
971 2272 1028 2342 si
1065 2275 1144 2343 in
1179 2273 1319 2344 isto
1362 2286 1490 2342 tuo
1518 2271 1898 2345 maledicto
1929 2271 2286 2370 probrum
2324 2297 2465 2343 non

331 2383 555 2454 modo
611 2382 792 2454 mihi
845 2381 1131 2452 nullum
1179 2381 1542 2476 objectam,
1600 2379 1727 2453 sed
1781 2387 1992 2453 etiam
2047 2381 2341 2453 laudem
2391 2380 2461 2450 il·

326 2496 588 2566 lustras
623 2515 904 2579 meam3
942 2491 1124 2588 quid
1160 2505 1231 2562 te
1273 2506 1399 2563 aut
1432 2491 1587 2563 fieri
1606 2548 1626 2581 ,
1676 2507 1803 2564 aut
1846 2491 2027 2589 fingi
2063 2489 2467 2564 dementius

333 2602 622 2702 potest?
663 2605 844 2690 Uno,
873 2605 1068 2672 enim
1109 2600 1539 2690 maledict0‚
1576 2599 1690 2672 bis
1736 2627 1777 2672 a
1822 2628 1939 2673 me
1986 2604 2303 2700 patriam
2334 2625 2469 2673 ser-

328 2728 570 2784 vatam
629 2735 783 2785 esse
834 2711 1229 2784 concedis:
1277 2711 1573 2800 semel1,
1628 2736 1859 2808 quum
1922 2709 1997 2781 id
2052 2709 2233 2795 feci,
2278 2709 2467 2810 quod

333 2847 588 2896 omnes
652 2849 802 2895 non
867 2837 1138 2922 negent
1203 2822 1768 2909 immortalitati,
1837 2822 1897 2892 si
1963 2820 2123 2891 fieri
2185 2837 2465 2920 potest,

333 2933 825 3016 mandandum
853 2961 873 3021 ;
895 2950 976 3010 tu
996 2933 1356 3033 supplicio
1374 2932 1829 3031 puniendum
1856 2930 2126 3030 putasti
2145 2959 2165 3020 ;
2186 2935 2469 3016 iterum,

330 3069 562 3140 quum
617 3060 828 3115 tuum
856 3099 876 3132 ‚
917 3045 1467 3141 multorumque
1515 3057 1815 3141 propter
1874 3055 1946 3112 te
1970 3052 2027 3129 ²,
2071 3039 2467 3113 inflamma-

327 3168 488 3225 tum
524 3157 600 3224 in
634 3153 874 3225 bonos
911 3176 1166 3224 omnes
1201 3153 1597 3251 impetum,
1638 3176 1805 3223 meo
1839 3175 2149 3250 corpore
2183 3154 2465 3252 excepi,

323 3288 420 3334 ne
457 3264 1059 3349 eamcivitatem,
1095 3286 1317 3357 quam
1352 3285 1743 3334 servassem
1781 3263 2116 3351 inermi5‚
2155 3277 2467 3336 armatus

325 3375 401 3443 in
441 3373 825 3443 discrimen
864 3369 1319 3443 adducerem.

425 3481 600 3556 Esto
627 3537 646 3572 ,
674 3506 829 3552 non
863 3479 1003 3552 fuit
1038 3482 1112 3552 in
1151 3507 1266 3554 me
1308 3507 1525 3580 poena
1562 3483 1709 3555 ulla
1745 3483 2055 3582 peccati;
2095 3497 2166 3553 at
2197 3481 2345 3554 fuit
2364 3484 2465 3578 ju-

327 3732 456 3778 rem,
473 3713 562 3778 qui
581 3711 648 3761 ita
676 3709 854 3760 florens
873 3712 992 3774 suit,
1014 3726 1071 3761 ut
1091 3730 1275 3773 verear,
1292 3730 1357 3762 ne
1516 3717 1713 3764 xxm.
1744 3729 1791 3762 ι.
1819 3715 1993 3766 Semel.
2018 3715 2187 3777 Quum
2214 3715 2465 3764 Catilinam

323 3796 436 3858 quis
473 3809 552 3840 me
587 3790 750 3840 studio
786 3793 953 3857 gloria
993 3803 1135 3857 putet
1165 3793 1355 3842 idcirco
1444 3792 1565 3842 urhe
1586 3793 1794 3857 depulit.

325 3874 509 3932 existe,
531 3881 588 3919 ut
610 3872 678 3919 ita
703 3872 913 3921 redirem
931 3895 972 3920 n.
1516 3889 1567 3920 τι.
1629 3873 1787 3934 Quum
1846 3883 1981 3919 mum
2012 3908 2028 3935 ,
2112 3873 2467 3938 multorumque

415 3969 434 3998 ι
451 3967 497 4000 ι.
520 3951 680 3998 Graev.
703 3968 732 3998 e
750 3951 867 4002 cod.
886 3955 1057 4002 Franc-
1087 3973 1110 3996 ι
1129 3969 1186 4002 nc
1212 3951 1357 3999 comi·
1436 3965 1645 4018 propter
1686 3965 1747 4002 ee.
1802 3955 2026 4018 Quorum
2072 3953 2287 4018 impetus
2344 3970 2371 4001 a
2424 3965 2470 4001 te.

339 4041 440 4079 tatu
462 4051 505 4080 n.
534 4033 586 4081 J.
603 4035 668 4084 V.
699 4037 753 4084 L·.
975 4053 980 4060 ·
1446 4041 1550 4080 erat
1574 4047 1818 4080 aecensus.
