2594 4537
851 323 1620 395 ARGUMENTUM.
2151 325 2285 425 337

236 458 393 518 test,
442 441 553 505 nisi
586 457 793 503 auctor
836 447 923 505 rei
966 448 1093 526 ipse
1132 448 1316 505 factus
1357 448 1450 506 sit.
1493 446 1828 505 Infit-matur
1861 446 2070 505 deinde
2101 450 2294 509 Clodii

236 540 619 601 maledictum
660 559 731 598 ea
756 558 993 618 quoque
1034 541 1261 599 ratione
1280 585 1297 614 ,
1349 540 1507 618 quod
1542 541 1604 599 iu
1643 542 1770 619 ipsa
1807 543 2108 621 rogatione
2151 546 2296 604 nihil

236 639 577 717 scripserit,
606 657 727 716 quo
753 637 941 697 minus
971 639 1174 699 Cicero
1202 640 1261 697 in
1289 651 1620 696 senatorum
1647 656 1890 697 numero
1919 655 2208 715 maneret,
2236 657 2294 701 et

236 732 413 813 quod
456 735 520 792 in
555 734 679 812 lege
704 734 803 793 illa
828 735 1167 813 suffragium
1204 734 1406 793 tulerit
1425 753 1543 792 non
1571 735 1826 813 populus
1855 756 2156 811 romaum,
2191 746 2298 798 ve·-

236 852 385 892 rum
410 829 718 891 multitudo
744 832 1043 891 hominum
1069 852 1143 891 ex
1168 834 1350 891 servis
1374 830 2069 905 conductis„facinorosis
2085 879 2102 907 ,
2130 856 2300 914 egen-

240 930 409 989 tibus
450 929 712 987 collecta.
755 928 973 1003 Quinta
1010 948 1145 1007 pars
1178 928 1370 987 eidem
1395 927 1598 987 Clodio
1639 930 1984 1007 respondet,
2010 933 2300 990 accusanti

237 1029 620 1097 Ciceronem,
642 1025 801 1103 quod
841 1025 915 1085 de
941 1046 1005 1084 se
1029 1028 1159 1106 ipso
1195 1025 1498 1105 gloriosius
1525 1026 1843 1103 praedicare
1869 1028 2117 1101 soleret3
2173 1044 2297 1089 tum

240 1125 323 1182 iis
347 1165 365 1194 ,
404 1123 509 1201 qui
535 1122 859 1200 objicerent
886 1124 941 1181 ei
969 1122 1284 1183 discessum
1314 1142 1384 1181 ex
1412 1123 1618 1200 patria.
1651 1124 1826 1181 Sexta
1847 1165 1866 1193 ,
1899 1124 1972 1183 de
1999 1125 2174 1185 domo
2202 1145 2302 1184 re-

240 1218 587 1300 cuperanda
624 1233 905 1296 quantum
942 1216 1199 1293 laboret,
1238 1238 1527 1297 quamque
1565 1220 1833 1297 improbe
1863 1234 1922 1279 et
1972 1223 2132 1282 nulla
2166 1224 2303 1281 reli-

240 1318 440 1397 gionis
482 1314 851 1375 observantia
880 1317 1082 1375 fecerit
1108 1314 1348 1375 Clodius
1370 1316 1433 1373 in
1460 1313 1559 1375 illa
1584 1314 1936 1390 dedicanda,
1979 1331 2038 1375 et
2072 1319 2214 1397 quid
2242 1321 2303 1378 in

240 1430 319 1473 ea
352 1426 477 1473 tota
503 1434 569 1471 re
594 1413 903 1492 spectarit,
952 1412 1222 1471 ostendit.
1258 1418 1330 1473 Iu
1365 1412 1569 1491 primis
1610 1411 1895 1471 dedicatio
1938 1413 2306 1492 improbatur

244 1531 323 1570 eo
346 1553 364 1580 ,
404 1510 571 1588 quod
600 1529 717 1567 non
749 1508 984 1568 affuerit
1018 1508 1324 1587 collegium
1358 1509 1727 1587 pontificum,
1768 1509 1869 1569 sed
1898 1529 2048 1569 unus
2085 1524 2306 1570 tantum

242 1607 519 1687 pontifex
536 1650 555 1679 ,
582 1606 769 1665 affinis
797 1605 985 1665 Clodii
1000 1650 1017 1678 ,
1047 1603 1376 1665 adolescens
1401 1605 1702 1684 imperitus
1717 1648 1734 1677 ‚
1765 1608 1982 1665 sororis
2008 1607 2307 1685 precibus,

246 1708 455 1768 matris
489 1708 659 1766 minis
698 1707 983 1765 adductus
1008 1751 1025 1779 ,
1069 1722 1263 1765 mente
1290 1720 1350 1764 et
1391 1706 1584 1786 lingua
1619 1706 1921 1767 titubante.
1963 1710 2030 1765 In
2058 1710 2304 1788 septima

248 1820 425 1886 parte
452 1817 653 1864 orator
679 1824 885 1883 preces
913 1804 1051 1862 facit
1080 1803 1155 1861 ad
1180 1809 1386 1863 ,Iovem
1415 1817 1474 1861 et
1501 1803 1648 1863 alios
1671 1803 1844 1874 deos,
1874 1818 1971 1874 ut,
2004 1805 2055 1863 si
2081 1808 2309 1865 ruinam

246 1902 329 1962 ab
362 1920 567 1959 eorum
594 1900 825 1980 templis
852 1920 919 1957 ac
952 1898 1212 1958 delubris
1238 1899 1565 1977 depulerit,
1593 1900 1642 1957 si
1668 1920 1836 1959 suum
1865 1914 2042 1980 caput
2068 1922 2178 1979 pro
2208 1923 2312 1961 eo·-

246 2018 385 2057 rum
411 1994 791 2075 religionibus
817 1997 1005 2055 furori
1032 1996 1304 2074 ferroque
1332 1996 1858 2073 perditissimorum
1884 1997 2100 2056 civium
2139 1998 2310 2075 obje-

247 2096 434 2164 cerit,
464 2094 625 2153 hunc
652 2113 713 2151 se
742 2094 994 2151 fructum
1022 2088 1175 2149 ser're
1203 2093 1426 2162 sinant,
1453 2104 1518 2149 ut
1545 2091 1738 2149 redire
1763 2092 1826 2151 in
1852 2094 2120 2172 proprias
2147 2092 2312 2152 sedes

248 2192 461 2262 liceat3
496 2188 897 2267 similibusque
927 2188 1199 2267 precibus
1240 2187 1314 2245 ad
1343 2186 1646 2265 pontifices
1685 2188 1906 2261 utitur,
1941 2200 2008 2247 ut
2051 2189 2308 2268 ipsorum

248 2288 550 2348 sententiis
563 2285 685 2364 jam
712 2287 774 2343 in
800 2286 1051 2364 patriam
1085 2283 1388 2358 reductus,
1415 2288 1572 2342 nunc
1597 2284 1934 2344 eorumdem
1963 2285 2226 2344 manibus
2249 2289 2308 2344 in

251 2385 436 2443 domo
464 2403 569 2442 sua
596 2382 931 2441 collocetur.

334 2486 461 2540 Jam
489 2480 581 2539 his
605 2479 877 2538 omnibus
900 2493 1161 2539 octavam
1186 2493 1414 2559 partem
1441 2480 1638 2560 adjicit
1657 2481 1978 2550 Fet-ratius,
2016 2495 2308 2558 tamquam

250 2596 435 2640 unam
460 2579 718 2637 omnium
742 2577 1133 2656 gravissimam
1152 2621 1169 2650 ,
1194 2599 1267 2638 ex
1293 2598 1419 2656 cap.
1444 2587 1522 2655 49
1545 2591 1606 2637 et
1629 2599 1788 2657 seqq.
1819 2579 2308 2638 consecrationem

252 2675 467 2734 domus
485 2674 693 2733 factam
722 2693 847 2732 esse
876 2687 1079 2732 contra
1104 2687 1366 2750 veterem·
1380 2676 1566 2752 legem
1590 2677 1878 2755 Papiriam
1893 2720 1910 2748 ,
1935 2696 2052 2754 qua
2078 2690 2310 2735 cautum

253 2783 409 2833 esset
426 2815 445 2845 ,
468 2792 579 2830 nne
598 2773 729 2850 quis
754 2772 973 2849 injussu
1000 2771 1189 2850 plebis
1216 2772 1368 2832 aedes
1384 2816 1401 2844 ,
1433 2786 1670 2844 terram,
1703 2793 1862 2832 aram
1889 2787 2250 2832 consecraret
2267 2797 2310 2844 »3

255 2889 558 2948 quumque
590 2868 665 2927 de
691 2869 987 2928 Ciceronis
1014 2869 1190 2928 domo
1219 2868 1540 2928 dedicanda
1569 2869 1708 2926 nihil
1739 2869 1978 2928 Clodius
2009 2868 2080 2928 ad
2111 2889 2308 2949 popu-

253 2967 383 3025 lum
421 2965 681 3034 tulisset.
730 2985 851 3022 non
872 2965 1009 3042 jure
1045 2966 1251 3023 factam
1281 2965 1472 3024 videri
1498 2964 1937 3023 dedicationem.
1979 2969 2110 3024 Hoc
2137 2987 2316 3044 argu-
2365 2961 2368 2966 ’

255 3074 459 3121 mento
484 3081 605 3120 uno
632 3073 939 3140 permotos
982 3075 1179 3120 censet
1200 3061 1297 3120 ille
1323 3063 1660 3140 pontifices„
1709 3074 1776 3120 ut
1801 3061 2121 3121 secundum
2149 3063 2312 3122 Cice-

258 3177 461 3217 ronem
482 3158 813 3234 judicarent
834 3181 853 3231 ;
878 3177 1055 3236 quam
1083 3177 1206 3216 rem
1231 3156 1384 3216 bene
1413 3157 1646 3237 conjicit
1673 3179 1746 3217 ex
1785 3158 1976 3216 verbis
2003 3157 2220 3217 decreti
2252 3158 2312 3215 in

256 3254 429 3334 epist.
460 3255 535 3313 ad
574 3259 698 3314 Att.
730 3256 769 3316 l.
800 3254 839 3316 l.
871 3254 1099 3312 relatis:
1130 3281 1155 3308 α
1184 3254 1233 3313 si
1254 3275 1446 3333 neque
1472 3255 1677 3334 populi
1697 3254 1860 3333 jussu
1902 3275 2090 3333 neque
2129 3254 2316 3334 plebis

257 3353 411 3411 scitu
445 3351 529 3421 is,
574 3351 679 3429 qui
708 3371 771 3410 se
814 3351 1109 3410 dedicasse
1136 3350 1384 3425 diceret,
1427 3353 1766 3412 nominatim
1807 3353 1862 3410 ei
1890 3352 1974 3410 rei
2013 3354 2318 3432 praefectus

256 3460 444 3520 esset,
471 3468 663 3526 neque
688 3449 895 3527 populi
913 3449 1081 3526 jussu
1108 3461 1209 3508 aut
1231 3448 1418 3528 plebis
1445 3449 1592 3508 scitu
1617 3449 1677 3507 id
1708 3449 1896 3508 facere
1915 3448 2114 3521 jussus
2137 3462 2320 3518 esset;

255 3544 451 3603 videri
474 3554 645 3622 posse
670 3545 793 3603 sine
822 3545 1100 3622 religione
1127 3565 1253 3604 eam
1282 3557 1508 3622 partem
1535 3564 1688 3604 areae
1713 3545 1858 3604 mihi
1883 3546 2154 3604 restitui»
2180 3566 2192 3600 :
2223 3565 2318 3601 rc-

258 3641 453 3716 liquas
484 3653 683 3719 partes
710 3641 991 3699 orationis
1032 3659 1232 3699 omnes
1250 3684 1267 3713 ‚
1296 3641 1404 3698 etsi
1447 3654 1716 3718 accurate
1745 3652 2050 3711 tractatas,
2090 3659 2320 3698 causam

260 3754 382 3793 non
412 3737 709 3796 continere
726 3780 743 3808 ,
780 3737 1061 3815 facileque
1086 3738 1328 3796 refutari
1356 3739 1628 3815 potuisse.
1658 3737 1773 3798 Sed
1795 3737 1972 3796 satius
1999 3749 2112 3808 est,
2139 3735 2322 3815 ipsius

260 3829 509 3891 Ferratii
536 3833 1063 3894 animadversiones
1089 3833 1439 3893 adscribere.
1477 3859 1502 3887 «x
1533 3840 1886 3914 Interpretes
1911 3877 1928 3906 ‚
1975 3833 2164 3910 inquit
2189 3877 2206 3906 ‚
2262 3835 2324 3892 in

263 3924 675 3984 enumerandis
712 3927 1065 4005 argumentis
1092 3929 1372 3994 omittunt
1395 3927 1538 3988 illud
1561 3969 1578 3996 ‚
1629 3927 1788 4006 quod
1819 3927 2175 4006 praecipuum
2201 3941 2288 3986 est
2307 3971 2324 3998 ‚

270 4020 549 4098 quodque
572 4041 753 4081 unum
776 4024 1025 4082 maxime
1060 4025 1362 4103 pontifices
1388 4026 1571 4084 moirit
1592 4067 1610 4099 ,
1643 4039 1708 4084 ut
1739 4025 1854 4103 ipsi
1893 4045 2132 4086 causam.
2155 4023 2326 4100 adju-

384 4123 506 4190 IV.
564 4137 659 4182 Cle·
680 4155 789 4200 pars
817 4139 1033 4185 secunda.
2001 4151 2088 4194 22
