2594 4537
562 284 940 353 ORATIO
990 286 1184 353 PRO
1241 286 1549 353 DOMO
1596 287 1817 355 SUA.
2099 292 2231 374 401

105 414 268 481 rius
317 405 698 493 CamilluS,
740 419 813 476 et
853 409 950 478 M.
1001 405 1339 477 Servilius
1388 406 1610 477 Ahala
1635 420 1691 496 9,
1744 433 1971 505 quum
2009 430 2247 484 essent

107 519 398 618 optime
457 516 547 587 de
609 514 985 613 republica
1046 516 1323 604 meriti,
1386 530 1626 587 tamen
1676 519 1929 615 populi
1978 523 2251 594 incitati

103 632 268 698 vim
313 624 906 720 iracundiamque
963 622 1382 712 subierunt3
1438 623 1898 723 damnatique
1951 635 2253 703 comitiis

112 737 543 809 centuriatis
572 744 636 777 ¹⁰
704 757 933 830 quum
985 735 1063 805 in
1126 736 1455 805 exsilium
1514 735 2035 834 profugissent,
2084 766 2246 813 rur-

113 872 246 926 sus
283 844 376 916 ab
415 842 670 914 eodem
708 842 983 941 populo
1016 842 1300 939 placato
1334 858 1503 915 sunt
1535 849 1610 915 in
1644 872 1841 919 suam
1881 854 2255 947 pristinam

116 955 554 1054 dignitatem
616 953 947 1023 restituti.
1023 952 1243 1042 Quod
1302 956 1365 1025 si
1424 953 1537 1025 his
1560 964 1617 997 ¹¹
1686 954 2036 1031 damnatis
2102 987 2255 1033 non

116 1064 352 1136 modo
389 1088 542 1135 non
573 1064 938 1133 imminuit
973 1063 1335 1134 calamitas
1370 1064 1737 1135 clarissimi
1768 1075 2081 1143 nominis
2109 1072 2258 1169 glo-

115 1176 310 1245 riam
331 1227 351 1261 ,
385 1171 512 1244 sed
546 1173 760 1243 etiam
794 1172 1242 1243 honestavit:
1277 1198 1447 1243 nam
1469 1229 1490 1262 ,
1530 1176 1660 1247 etsi
1692 1177 2076 1274 optabilius
2107 1196 2256 1268 est,

119 1306 438 1355 cursum·
466 1285 628 1353 vitae
668 1279 1026 1353 conficere
1077 1285 1231 1354 sine
1284 1281 1537 1355 dolore
1561 1340 1580 1370 ,
1635 1298 1707 1357 et
1757 1288 1909 1359 sine
1952 1289 2259 1385 injuria3

124 1410 378 1465 tamen
412 1390 509 1462 ad
545 1390 1160 1463 immortalitatem
1207 1393 1451 1490 gloriae
1487 1393 1649 1492 plus
1693 1394 1903 1468 affert
1924 1453 1943 1487 ‚
1982 1398 2265 1474 deside-

121 1518 372 1575 ratum
407 1526 558 1574 esse
603 1525 645 1571 a
695 1502 840 1573 suis
885 1500 1158 1574 civibus
1179 1556 1198 1591 ,
1251 1528 1471 1600 quam
1519 1507 1821 1577 omnino
1866 1531 2265 1605 numquam

123 1638 288 1697 esse
341 1612 688 1684 violatum
728 1640 743 1683 ε
793 1612 1013 1701 mihi,
1065 1614 1220 1685 sine
1273 1614 1429 1684 ullo
1468 1615 1743 1710 judicio
1792 1619 2047 1716 populi
2094 1644 2263 1717 pro·

125 1722 324 1795 fecto
349 1776 370 1809 ,
433 1737 592 1793 tum
653 1722 1106 1821 amplissimis
1167 1726 1497 1795 omnium
1549 1725 1835 1820 judiciis
1892 1730 2262 1816 restitute,

125 1831 492 1905 maledicti
553 1832 794 1904 locum
823 1885 843 1919 ,
893 1847 1018 1903 aut
1077 1834 1397 1905 criminis
1456 1833 1861 1909 obtinebit?
1909 1842 2139 1913 Fortis
2195 1858 2267 1913 et

128 1956 476 2014 constans
517 1942 596 2011 in
639 1942 912 2038 optima
959 1944 1236 2037 ratione
1273 1943 1446 2013 civis
1480 1948 1555 2013 P.
1599 1945 1941 2043 Popillius
1973 1958 2031 1992 ¹²
2080 1975 2265 2021 sem-

129 2077 266 2151 per
297 2050 472 2140 fuit3
505 2068 748 2122 tamen
783 2052 938 2149 ejus
979 2054 1054 2121 in
1093 2054 1292 2123 omni
1330 2053 1471 2123 vita
1508 2052 1689 2124 nihil
1723 2069 1829 2125 est
1861 2056 1949 2127 ad
1980 2056 2265 2129 laudem

129 2164 486 2235 illustrius
511 2215 532 2250 ,
576 2185 796 2259 quam
844 2161 1200 2233 calamitas
1248 2163 1422 2258 ipsa.
1469 2164 1649 2251 Quis
1692 2164 1881 2233 enim
1921 2168 2069 2261 jam
2114 2192 2270 2239 me·-

129 2275 496 2359 minisset,
532 2296 702 2343 eum
729 2271 924 2344 bene
958 2271 1049 2343 de
1079 2272 1454 2371 republica
1493 2277 1833 2345 meritum
1852 2330 1871 2364 ,
1906 2278 2045 2347 nisi
2074 2293 2147 2350 et
2177 2278 2269 2350 ab

129 2381 489 2481 improbis
554 2383 899 2481 expulsus
963 2396 1148 2454 esset
1169 2436 1188 2472 ,
1254 2397 1329 2454 et
1384 2408 1517 2481 per
1568 2383 1803 2456 bonos
1852 2389 2271 2460 restitutus?

132 2494 223 2582 Q.
256 2492 529 2565 Metelli
562 2493 978 2594 praeclarum
1027 2493 1419 2590 imperium
1474 2494 1548 2563 in
1599 2518 1679 2566 re
1730 2495 2017 2567 militari
2081 2495 2220 2569 fuit
2246 2553 2265 2586 ,

135 2605 420 2701 egregia
459 2628 806 2690 censura,
857 2604 1090 2676 omnis
1129 2605 1272 2674 vita
1322 2603 1537 2702 plena
1586 2608 1980 2732 gravitatis3
2028 2622 2269 2681 tamen

134 2714 364 2810 hujus
409 2715 544 2784 viri
599 2713 884 2786 laudem
929 2713 1019 2784 ad
1075 2714 1584 2811 sempiternam
1636 2719 2053 2826 memoriam
2099 2734 2272 2790 tem·
2376 2699 2385 2708 ⁸

137 2825 342 2922 poris
385 2821 748 2894 calamitas
782 2825 1227 2947 propagavit.

238 2935 566 3006 XXXIII.
608 2931 831 3022 Quod
873 2933 932 3002 si
972 2945 1043 3002 et
1085 2931 1256 3018 illis,
1296 2936 1426 3029 qui
1460 2931 1741 3027 expulsi
1774 2925 1949 3002 sunt
1976 2935 2268 3031 inique,

141 3042 270 3117 sed
323 3059 564 3114 tamen
617 3041 898 3139 legibus
945 3039 1259 3128 reducti,
1299 3040 1603 3111 inimicis
1645 3039 2110 3130 interfectis1,
2149 3069 2270 3115 ro-

143 3150 1041 3253 gationibus'tribunitii5‚
1087 3173 1242 3221 non
1289 3148 1714 3220 auctoritate
1761 3162 2083 3236 senatuS,
2120 3178 2273 3224 non

219 3381 274 3428 9.
325 3366 399 3414 Μ.
450 3363 674 3414 Servilius
713 3361 900 3411 Ahala.
973 3361 1169 3425 Optime
1255 3361 1458 3418 XXVI,
1503 3377 1612 3425 cap.
1662 3357 1727 3420 ὃς
1770 3361 1977 3426 Dionys.
2023 3363 2272 3417 Italicam.

143 3451 314 3510 itaque
363 3447 624 3504 Muretus,
677 3443 915 3502 Ursinus,
971 3443 1170 3507 Pighius
1255 3439 1345 3489 lib.
1372 3442 1423 3487 X
1439 3456 1591 3508 ,.cap
1617 3439 1665 3488 5.

146 3527 206 3576 C.
245 3524 504 3574 Servilium
549 3523 757 3572 Ahalam
793 3521 975 3587 ubique
1011 3522 1172 3570 nomi·
1336 3535 1419 3567 11.
1448 3520 1584 3580 Alii,
1613 3519 1685 3571 iis.

145 3614 349 3653 mmm.
1335 3614 1418 3647 η.
1453 3601 1511 3647 P.
1540 3598 1794 3664 Popillius.
1817 3601 1880 3648 Bt
1909 3600 1969 3649 de
1993 3599 2205 3664 Popillio
2228 3613 2278 3650 et

227 3697 311 3731 xo.
343 3679 558 3730 Comitia}
583 3678 880 3729 cenem-iacis.
902 3680 1173 3728 Consuetu-
1262 3679 1325 3728 de
1370 3675 1573 3726 Metello
1623 3678 1807 3726 dictum
1852 3689 1928 3726 est
1969 3679 2023 3725 in
2058 3689 2277 3728 extremo

149 3763 220 3810 do
245 3772 350 3809 erat
365 3795 382 3822 ,
415 3771 472 3808 ut
495 3761 538 3808 si
561 3761 672 3824 quis
697 3770 810 3808 ame
837 3759 1034 3808 comitia
1062 3775 1175 3806 cen·
1261 3767 1385 3805 orat.
1406 3767 1522 3820 post
1544 3757 1669 3806 ned.
1695 3758 1749 3804 in
1776 3757 1971 3814 Senatu.

152 3839 334 3888 tux-iata
372 3837 530 3886 solum
557 3838 780 3888 vertisset
824 3837 982 3887 exsilii
1015 3853 1175 3897 causa,
1335 3838 1583 3888 xxxm.
1635 3854 1677 3885 1.
1734 3835 1949 3885 Ῑηίιηὶσίε
2001 3833 2283 3902 interfectis.

153 3918 296 3985 plebs
331 3917 526 3966 tributis
555 3919 800 3978 scisceret,
839 3917 893 3966 id
918 3917 964 3965 ei
992 3919 1178 3978 justum
1264 3917 1325 3966 C.
1356 3917 1583 3966 Graccho
1607 3914 1847 3984 Popillio,
1882 3917 2147 3966 Satumino
2171 3918 2286 3968 Μο-

155 3997 389 4046 exsilium
443 4008 582 4046 esset
631 3997 760 4046 vido
815 3997 1008 4046 Livium
1023 4030 1039 4055 ,
1089 3995 1176 4044 lib.
1266 3996 1402 4048 tello.

351 4084 472 4151 IV.
527 4099 616 4144 01⁰0.
632 4115 745 4159 pars
763 4099 974 4146 secanda.
1906 4081 1995 4153 26
