2594 4537
645 302 1020 371 omno
1067 304 1271 374 PRo
1320 306 1391 373 P.
1438 304 1795 373 sULLA.
2194 304 2289 401 69

165 436 326 495 sunt
362 435 604 520 partes
618 430 675 511 ²,
703 422 980 517 judices
1034 450 1050 493 z
1088 425 1162 493 in
1193 438 1431 497 vestra
1473 422 2025 497 mansuetudine
2072 438 2287 522 atque

167 532 603 603 humanitate
638 555 922 603 causam
965 546 1192 607 totam
1231 558 1532 632 repono.
1567 539 1714 607 Vos
1748 536 2139 633 rejectione
2184 540 2291 608 in-

167 642 506 739 terposita
526 640 556 685 ³
577 695 599 730 ‚
625 640 806 712 nihil
834 642 1361 743 suspicantibus
1382 643 1627 734 nobis,
1658 646 2020 744 repentini
2050 650 2127 716 in
2155 671 2289 718 nos

161 750 434 841 judices
483 751 946 842 consedistis»,
985 751 1076 823 ab
1106 754 1641 827 accusatoribus
1669 755 1928 827 delecti
1963 755 2050 827 ad
2090 780 2291 855 spem

163 860 650 950 acerbitatis4‚
693 887 736 933 a
769 861 1062 935 fortuna
1096 863 1311 936 nobis
1352 865 1441 936 ad
1495 865 1903 964 praesidium
1938 866 2288 937 innocen·

163 973 270 1041 tiae
293 968 324 1013 ⁵
360 974 756 1045 constituti.
791 978 892 1045 Ut
923 998 1093 1071 egn,
1122 974 1300 1071 quid
1336 974 1423 1045 de
1456 974 1573 1047 me
1608 973 1928 1074 populus·
1950 998 2287 1046 romanus

164 1082 628 1170 existimaret,
667 1084 838 1180 quia
881 1106 1169 1154 severus
1204 1088 1280 1155 in
1318 1083 1692 1183 improbos
1734 1086 2005 1156 fueram
2028 1139 2048 1174 ,
2090 1084 2288 1158 labo-

166 1189 398 1281 ravi⁶,
431 1206 504 1263 et
532 1247 553 1279 ,
614 1218 776 1291 quae
832 1195 1063 1291 prima
1113 1197 1524 1266 innocentis
1584 1194 1759 1265 mihi
1814 1194 2137 1268 defensio
2184 1213 2290 1267 est

163 1301 425 1390 oblata,
463 1304 747 1401 suscepi
788 1331 802 1371 :
851 1308 951 1375 sic
981 1329 1110 1374 vos
1138 1307 1591 1377 severitatem
1626 1304 2097 1400 judiciorum,
2128 1330 2291 1402 quae

163 1437 284 1507 per
321 1412 462 1485 hos
495 1438 777 1485 menses
807 1424 832 1469 ⁷
875 1416 952 1484 in
992 1414 1324 1487 homines
1361 1414 1873 1487 audacissimos
1925 1413 2109 1486 facta
2146 1403 2291 1503 est,

167 1522 450 1595 lenitate
467 1548 552 1614 ac
582 1524 1064 1595 misericordia
1091 1525 1433 1623 mitigate.
1461 1531 1617 1597 Hoc
1644 1550 1876 1623 quum
1905 1526 2286 1622 impetrare
2376 1566 2387 1571 -

162 1656 200 1702 a
237 1632 444 1705 vobis
479 1635 632 1732 ipsa
661 1658 874 1705 causa
909 1633 1127 1706 debet
1162 1662 1178 1706 ε
1220 1649 1377 1707 tum
1417 1651 1526 1709 est
1567 1637 1787 1709 vestri
1823 1636 2041 1705 animi
2072 1650 2288 1732 atque

161 1744 438 1814 virtutis
482 1742 883 1832 declarare,
924 1770 1076 1815 non
1115 1768 1272 1841 esse
1311 1764 1438 1817 eos
1469 1769 1631 1833 VOS,
1659 1746 1748 1818 ad
1777 1768 1963 1843 quos
2004 1744 2289 1842 potissi-

165 1876 394 1943 mum,
431 1854 860 1952 interposita
907 1855 1296 1951 rejectione
1327 1910 1348 1944 ,
1390 1854 1728 1929 devenire
1750 1850 1782 1899 ⁸
1842 1858 2283 1927 convenerit.

163 1968 238 2033 In
280 1989 434 2062 quo
492 1990 664 2062 eg0‚
709 1963 1034 2061 judices,
1077 1990 1244 2054 VOS,
1301 1980 1655 2063 quantum
1698 1990 1903 2037 meus
1952 1989 2159 2035 amor
2212 1965 2287 2035 in

165 2098 280 2145 vos
328 2074 650 2173 postulat
674 2130 695 2162 ,
756 2088 1038 2146 tantum
1081 2074 1342 2146 hortor
1366 2128 1385 2157 .‚
1437 2088 1539 2145 ut·
1579 2074 1949 2145 communi
2012 2072 2287 2159 studi0‚

163 2186 505 2282 quoniam
524 2188 596 2258 in
633 2184 1037 2284 republica9
1056 2186 1425 2280 conjuncti
1442 2202 1713 2272 sumuS,
1735 2181 2287 2253 mansuetudine

163 2309 227 2364 et
264 2295 756 2368 misericordia
793 2310 1026 2368 vestra
1077 2292 1325 2368 falsam
1362 2320 1405 2366 a
1443 2294 1653 2366 nobis
1704 2291 2141 2365 crudelitatis
2168 2290 2283 2363 ‘fa-

163 2428 342 2476 mam
387 2404 840 2503 repellamuS.
1722 2407 1727 2415 “

465 2538 471 2543 ¹
1263 2542 1445 2608 firmari
1459 2558 1670 2607 videtur.
1691 2556 1820 2606 Mira
1836 2554 2034 2620 quidem
2052 2554 2287 2602 industris

1261 2639 1453 2700 judiees
1472 2671 1487 2698 ,
1524 2649 1628 2686 tum
1672 2653 1823 2701 quum
1864 2635 2091 2700 suffragia
2138 2633 2283 2681 laturi

1265 2730 1449 2779 essent,
1474 2728 1644 2766 monet
1667 2717 1839 2766 Cicero
1856 2752 1871 2777 ,
1896 2725 2097 2764 caveant
2124 2729 2185 2760 ne
2209 2711 2287 2760 his

227 2582 274 2614 a.
303 2571 490 2615 νοεῖν-τε
509 2564 617 2630 jam
641 2579 757 2616 sunt
773 2577 960 2632 partes.
985 2565 1049 2614 Id
1072 2578 1146 2616 est
1160 2599 1176 2626 ‚

163 2659 284 2693 nunc
319 2657 536 2695 vestrum
579 2657 652 2694 est
686 2646 912 2711 partibus
935 2680 952 2707 ,
997 2645 1180 2694 scilicet

163 2721 353 2784 officiis,
377 2726 660 2774 muneribus
678 2727 848 2774 vestris
865 2725 1019 2789 fungi.

229 2803 274 2850 3.
306 2807 401 2851 Vos
422 2803 681 2869 rejectione
698 2802 1004 2868 interposita.
1020 2803 1170 2861 oliui,

165 2891 208 2926 et
217 2882 488 2944 rejectione.
502 2887 644 2931 Facta
658 2882 880 2944 judicum
893 2881 1147 2930 sortitione
1157 2914 1172 2939 ,

163 2958 328 3008 licebat
345 2962 616 3010 accusatori
637 2972 686 3009 et
707 2977 792 3009 neo
809 2977 869 3010 ex
886 2976 948 3008 eo
969 2975 1174 3008 numero

165 3038 350 3096 reiioeee
361 3076 378 3100 ,
397 3055 526 3105 quos
542 3039 636 3086 sibi
647 3039 896 3097 inimicos,
914 3049 1000 3086 sut
1015 3036 1176 3100 aliqua

165 3136 220 3167 ex
243 3137 294 3168 re
317 3117 660 3168 incommodos
685 3119 792 3166 fore
812 3127 1055 3183 putarent.
1076 3115 1176 3166 Sed

167 3198 212 3245 in
231 3199 428 3246 crimine
455 3197 808 3260 conjurationis
831 3195 896 3244 sd
921 3211 1072 3244 unum
1093 3211 1176 3243 sc-

166 3289 422 3328 casatos-em
434 3278 660 3340 judicum
673 3277 871 3337 rejectio
885 3275 1174 3341 pertinebat.

166 3359 216 3406 1..
237 3359 536 3422 Torquatum
563 3355 749 3406 artibus
773 3370 914 3402 usum
941 3370 1042 3402 esse
1064 3369 1174 3401 sus-

168 3433 346 3497 picetur
372 3447 512 3485 vetus
535 3435 816 3484 scholiastes
845 3449 948 3482 nou
973 3449 1174 3497 prorsus

165 3513 426 3564 laudandis.
470 3515 686 3575 Coujicit
721 3513 852 3562 enim
887 3513 1027 3560 sliam
1070 3523 1174 3560 tum

165 3609 343 3642 causam
362 3594 424 3642 de
439 3591 526 3650 vi,
547 3594 653 3658 lege
669 3591 871 3641 Plautia
881 3627 898 3652 ‚
918 3590 1174 3639 dicendam

165 3675 212 3719 iu
236 3672 332 3720 alio
359 3671 591 3720 tribunali
620 3671 792 3718 eodem
828 3681 1048 3732 tempore
1073 3683 1174 3732 quo

168 3751 410 3798 Ciceronis
423 3784 439 3809 ‚
481 3760 532 3797 et
567 3751 868 3813 Torquatum
906 3749 972 3796 iu
1009 3747 1176 3795 fecisse

167 3841 242 3876 aut
249 3830 399 3893 gratis
417 3839 502 3876 ant
515 3827 622 3875 aliis
639 3827 796 3876 modis
811 3837 870 3875 nt
882 3825 1034 3888 judex
1048 3841 1180 3890 qnae-

167 3911 328 3973 stionjs
353 3907 418 3956 de
435 3908 520 3970 νί,
554 3906 956 3956 subeon-titionum
975 3907 1080 3965 vis,
1118 3905 1182 3954 sd

169 3987 376 4035 tribunal
387 4003 529 4034 suum
546 3986 746 4034 traxerit
757 4001 925 4033 omnes
935 3984 1078 4032 Sullae
1098 3984 1179 4044 ju-

170 4065 292 4115 dices
313 4083 440 4132 quos
467 4065 540 4113 illi
561 4066 796 4129 gratiosos
817 4065 922 4112 sore
940 4062 1180 4111 existims-

171 4157 260 4208 κη
283 4147 372 4211 qui
393 4147 534 4194 etiam
558 4159 726 4194 sensus
751 4143 924 4209 apitis
939 4141 1037 4191 fine
1055 4156 1178 4190 con·

1268 2796 1369 2846 doli
1391 2808 1440 2845 et
1462 2797 1565 2846 odii
1597 2795 1780 2844 artibus
1807 2796 1977 2843 favisse
2010 2791 2291 2864 videantur,

1260 2875 1305 2924 si
1321 2874 1502 2926 Sullam
1522 2874 1701 2936 injuste
1724 2875 2071 2922 condemnent.

1334 2965 1384 3013 4.
1408 2954 1496 3003 Ad
1517 2969 1648 3017 spem
1672 2951 1964 3000 acerbitatis.
1990 2953 2049 2997 In
2075 2949 2282 2997 Sullam.

1334 3033 1382 3081 5.
1406 3033 1494 3082 Ad
1503 3033 1785 3097 praesidium
1802 3028 2109 3080 innocentia.
2131 3026 2283 3088 Quod

1261 3114 1536 3177 integritate
1577 3122 1627 3160 et
1673 3112 1857 3172 iustitis
1898 3112 2284 3156 innotescerent.

1262 3191 1537 3254 Blanditur,
1556 3200 1615 3238 ut
1632 3188 1727 3236 sibi
1744 3203 1913 3238 eorum
1927 3184 2157 3235 conciliet
2178 3188 2285 3248 gra'-

1265 3269 1401 3320 tism.

1335 3349 1389 3396 6.
1404 3342 1663 3395 laboravi.
1681 3343 1742 3390 Id
1758 3353 1831 3392 est
1846 3379 1861 3402 ,
1872 3341 2283 3407 quemadmodum

1263 3441 1373 3490 ego,
1392 3426 1503 3489 quin
1522 3438 1717 3471 severus
1729 3424 1781 3469 iu
1800 3421 2056 3486 improbos
2076 3420 2257 3468 fueram
2272 3411 2315 3480 ,'

1262 3515 1434 3554 notum
1459 3504 1617 3550 fucere
1631 3499 1767 3549 volui
1786 3501 1910 3566 quid
1936 3499 1997 3546 de
2022 3515 2100 3546 me
2120 3513 2283 3562 popu-

1261 3585 1339 3632 lus
1360 3599 1482 3632 rom.
1504 3581 1773 3630 existimare
1793 3581 2002 3638 deberet,
2022 3589 2073 3626 et
2090 3577 2283 3641 suscepi

1263 3677 1372 3727 quae
1399 3649 1585 3725 prima}
1610 3669 1706 3707 etc.

1338 3756 1385 3800 7.
1426 3743 1522 3789 Per
1556 3737 1644 3786 hos
1676 3751 1873 3784 menses.
1907 3735 2011 3800 Qui
2036 3735 2287 3784 Ciceronis

1271 3819 1583 3868 consulatum
1636 3815 1859 3881 proxime
1908 3824 2021 3862 sunt
2078 3815 2287 3877 sequuti.
2364 3865 2371 3872 ,

1269 3898 1397 3946 Vide
1423 3913 1568 3962 supra
1586 3929 1603 3956 ‚
1628 3911 1734 3959 cap.
1760 3895 1849 3942 30.

1343 3979 1392 4026 8.
1418 3974 1654 4024 Devem're
1678 3971 1961 4021 convenerit.
1986 3971 2066 4018 Ad
2091 3985 2214 4033 quos
2240 3984 2291 4015 se

1269 4057 1477 4121 dirigere
1500 4054 1755 4103 debuerint
1778 4063 2078 4101 accusatores
2105 4048 2281 4112 iniqui.

1341 4154 1397 4200 9.
1424 4137 1510 4186 Al.
1534 4135 1687 4184 rebus.
1714 4137 1767 4184 J.
1787 4134 1853 4182 V.
1881 4133 1935 4178 Ia·
