2594 4537
358 275 506 366 430
989 275 1090 342 M.
1143 275 1219 341 T.
1273 275 1861 345 CICERONIS

353 404 432 472 in
477 415 545 471 te
593 403 831 497 ipsum
880 417 1034 467 esse
1089 419 1537 467 conversam.
1582 394 1723 466 Sed
1751 452 1771 483 ,
1828 395 2055 488 homo
2076 401 2107 449 4
2168 400 2505 468 omnium

353 511 704 584 scelerum
745 506 1331 605 flagitiorumque
1368 505 1893 578 documentum
1918 561 1937 594 ,
1981 505 2185 603 quod
2233 507 2311 578 in
2362 513 2505 579 Ga·-

351 621 556 694 binio
598 619 876 706 fateriS,
929 617 1044 713 cuj
1057 641 1140 687 us
1171 616 1699 715 impudicitiam
1746 619 2069 716 pueritiae
2090 671 2108 703 ‚
2160 617 2505 690 libidines

349 728 886 815 adolescentiae,
929 725 1246 798 dedecus
1287 741 1359 798 et
1393 741 1781 824 egestatem
1802 727 2119 825 -reliquae
2158 733 2353 812 vitae,
2404 729 2503 799 la-

353 839 742 912 trocinium
764 837 1182 910 consulatus
1215 837 1525 910 vidimus
1549 865 1568 926 ;
1599 840 1719 910 cui
1746 863 1839 910 ne
1864 840 1999 910 ista
2018 836 2318 935 quidem
2348 841 2503 938 ipsa

356 948 718 1022 calamitas
765 948 1030 1044 injuria
1069 949 1311 1046 potuit
1348 947 1719 1020 accidere:
1752 947 1827 1019 id
1870 950 1943 1018 in
1976 973 2097 1019 me
2130 948 2501 1021 infirmas?

355 1075 428 1134 et
461 1063 746 1159 gravius
781 1084 937 1131 esse
979 1057 1193 1148 dicis»,
1229 1058 1433 1158 quod
1474 1085 1631 1130 uno
1673 1055 2181 1131 adolescente⁵
2199 1115 2221 1148 ,
2278 1083 2499 1157 quam

352 1171 555 1272 quod
588 1171 944 1242 concione
971 1185 1118 1241 tota
1157 1169 1397 1242 teste⁶
1436 1168 1717 1242 fecisti?

445 1289 692 1387 XLDJL.
737 1282 1112 1356 Dedicatio
1159 1307 1532 1381 magnam,
1582 1283 1863 1380 inquit,
1920 1281 2151 1354 habet
2200 1283 2501 1379 religio-

345 1420 536 1468 nem.
593 1399 862 1468 Nonne
906 1393 1112 1466 vobis
1165 1399 1402 1466 Numa
1456 1394 1852 1493 Pompilius
1909 1392 2200 1465 videtur
2245 1394 2501 1491 loqui?

348 1508 620 1578 Discite
657 1509 1096 1594 orationem,
1125 1503 1543 1604 pontificeS,
1580 1517 1653 1576 et
1674 1527 1803 1576 vos
1825 1559 1843 1592 ,
1873 1501 2247 1592 flamines3
2280 1509 2495 1574 etiam

349 1633 460 1706 tu,
516 1626 727 1703 rex¹‚
771 1615 966 1686 disce
1007 1639 1048 1685 a
1087 1613 1341 1713 gentili
1392 1614 1733 1687 homine²
1788 1643 1804 1686 ε
1862 1637 2311 1711 quamquam
2382 1615 2497 1684 ille

349 1741 642 1825 gentem
687 1726 894 1797 istam
941 1725 1237 1823 reliquit
1269 1753 1288 1814 ;
1358 1726 1485 1799 sed
1539 1741 1780 1797 tamen
1824 1724 2017 1797 disce
2058 1723 2155 1796 ab
2198 1723 2499 1796 homine

345 1835 818 1935 religionibus
858 1835 1147 1925 dedito,
1185 1838 1428 1932 just0,
1476 1851 1633 1908 tum
1678 1839 2007 1922 omnium
2058 1835 2495 1933 religionum

345 1951 606 2046 perito.
645 1947 884 2039 Quid?
924 1947 998 2017 in
1037 1944 1521 2036 dedicatione,
1555 1971 1837 2036 nonne,
1872 1961 1946 2016 et
1980 1947 2147 2043 quis
2186 1945 2399 2036 dicit,
2424 1961 2495 2018 et

343 2056 563 2156 quid,
597 2073 670 2130 et
708 2057 1117 2156 quomod0‚
1148 2058 1543 2155 quaeritur?
1588 2061 1699 2130 An
1734 2073 1819 2130 tu
1852 2057 2007 2130 haec
2034 2060 2139 2130 ita
2178 2056 2493 2130 confun-

337 2169 447 2241 dis
495 2185 570 2242 et
622 2169 1045 2268 perturbas,
1083 2183 1168 2240 ut
1195 2224 1214 2258 ,
1268 2173 1717 2271 quicumque
1752 2169 1927 2241 velit
1962 2223 1982 2258 ,
2044 2167 2253 2268 quod
2288 2169 2486 2252 velit,

343 2278 722 2380 quomodo
749 2281 922 2352 velit
940 2336 959 2370 ,
998 2284 1224 2379 possit
1251 2281 1629 2353 dedicare?
1652 2281 1833 2375 Quis
1860 2306 2015 2353 eras
2041 2297 2123 2353 tu
2146 2338 2169 2371 ,
2206 2284 2338 2380 qui
2367 2282 2487 2353 de·

341 2390 677 2463 dicabas?
713 2416 865 2487 quo
897 2392 1110 2487 jure?
1143 2417 1292 2490 qua
1332 2392 1540 2491 lege?
1574 2417 1725 2490 quo
1758 2392 2141 2491 exemplo?
2184 2416 2332 2489 qua
2367 2416 2491 2489 po·

342 2501 652 2573 testate?
686 2500 814 2571 ubi
855 2516 928 2571 te
973 2504 1087 2573 isti
1129 2504 1238 2574 rei
1284 2501 1599 2601 populus
1636 2528 1979 2575 romanus
2030 2500 2487 2602 praefecerat?

340 2608 573 2683 Video
627 2612 822 2679 enim
877 2634 1032 2682 esse
1096 2610 1333 2708 legem
1380 2628 1697 2685 veterem
1744 2612 2290 2700 tribunitiam³‚
2327 2638 2481 2711 quae

338 2733 532 2790 vetet
555 2774 574 2807 ,
613 2720 888 2817 injussu
927 2720 1162 2819 plebis
1194 2721 1413 2811 aedeS,
1454 2738 1716 2794 terram
1739 2779 1758 2812 ,
1800 2748 1993 2795 aram
2040 2748 2477 2797 consecrare.

340 2834 597 2929 Neque
625 2844 784 2902 tum
813 2831 955 2903 hoc
983 2832 1103 2904 ille
1149 2835 1236 2923 Q.
1279 2835 1643 2931 Papirius,
1686 2836 1811 2929 qui
1851 2834 2039 2907 hanc
2085 2836 2321 2933 legem
2367 2862 2479 2906 ro-

337 2942 557 3039 gavit,
596 2944 862 3030 sensit,
901 2968 1144 3041 neque
1193 2948 1599 3043 suspicatus
1635 2960 1776 3033 est,
1826 2945 1987 3017 fore
2040 2948 2479 3046 periculum,

329 3076 424 3124 ne
461 3052 823 3125 domicilia
866 3070 994 3125 aut
1046 3057 1535 3154 possessiones
1590 3056 2181 3130 indemnatorum
2220 3060 2477 3130 civium

401 3296 452 3344 4.
489 3290 591 3337 Sed
611 3290 774 3339 bomo.
810 3292 962 3353 Quod
1005 3292 1238 3341 concedis
1277 3310 1362 3341 ne-
1524 3296 1709 3344 xux.
1756 3312 1801 3347 x.
1832 3298 1939 3360 nn,
1980 3314 2091 3347 nx.
2134 3303 2192 3351 L.
2228 3302 2473 3352 (Euodiu-

331 3367 452 3416 farie
487 3379 538 3417 ιο
557 3370 710 3433 egisse
735 3372 786 3419 in
805 3370 1000 3419 Gabinii
1019 3372 1166 3421 bonis
1191 3388 1363 3421 coune-
1450 3374 1680 3437 appellat,
1702 3390 1951 3425 umorum
1979 3394 2163 3444 regan.

327 3448 539 3507 orandis,
551 3448 766 3499 hominis
787 3450 1134 3515 impurissimi,
1151 3452 1282 3501 idem
1301 3453 1363 3502 de
1524 3469 1573 3500 a.
1600 3456 1651 3500 A
1672 3456 1853 3520 gentili
1874 3456 2089 3508 bomine.
2122 3460 2252 3522 Alii,
2282 3480 2319 3510 a
2342 3475 2469 3531 gme-

326 3544 548 3595 meornm
561 3528 810 3578 bonorum
829 3533 1196 3581 consecratione
1219 3533 1361 3581 fateri
1450 3531 1499 3581 Ιι.
1531 3543 1633 3582 tuo.
1664 3536 1715 3583 J.
1733 3538 1796 3586 V.
1824 3539 1879 3585 L.

325 3623 432 3657 non
455 3609 528 3656 via
551 3610 576 3656 i>
1520 3614 1567 3661 3.
1600 3615 1751 3663 Video
1788 3616 1921 3665 enim
1949 3635 2051 3668 esse
2080 3622 2233 3686 Iegem
2270 3634 2471 3671 vaera-

399 3692 446 3737 5.
473 3690 580 3736 Uno
603 3690 924 3737 adolescente.
937 3690 1175 3739 Pontifice
1193 3693 1361 3751 Natta,
1446 3691 1759 3747 tribunitiam.
1784 3698 1998 3749 videtur
2022 3703 2079 3749 1..
2109 3704 2335 3767 Papirius
2349 3738 2365 3764 ,
2392 3704 2471 3750 tri-

323 3782 467 3829 quem
509 3769 571 3816 ad
617 3785 737 3818 mea
781 3770 957 3819 domus
996 3772 1354 3821 dedicationem
1444 3772 1607 3821 hunus
1636 3775 1823 3839 plebis,
1860 3777 2019 3843 legem
2052 3780 2220 3830 tulisse
2257 3783 2323 3831 de
2354 3800 2467 3832 eon·

322 3844 604 3895 adhibui-23.
1443 3856 1713 3903 sacratione
1760 3872 1949 3917 rerum:
1988 3876 2085 3923 qm
2128 3862 2237 3927 lege
2287 3874 2471 3912 entim

391 3922 446 3971 6.
479 3921 722 3973 concione
747 3938 854 3975 toea
872 3940 1005 3979 teste.
1037 3932 1203 3995 Quum
1225 3930 1353 3979 bona
1442 3944 1571 3991 erat,
1616 3951 1679 3983 ne
1725 3938 1837 4001 quis
1890 3938 2012 4003 quid
2062 3940 2255 4003 injussu
2306 3944 2469 4009 populi

327 4000 526 4048 Gabinii
543 4008 854 4053 consecrasti.
1442 4028 1763 4065 muscetum.
