2594 4537
240 312 381 393 420

878 308 975 373 M.
1028 306 1105 372 T.
1162 302 1732 372 CICERONIS

236 432 553 531 aliquem
584 456 599 497 ε
644 425 1055 497 aedilitatem
1086 421 1378 493 duobus
1413 423 1490 491 in
1527 422 1737 509 lociS,
1782 422 2042 519 partim
2074 422 2150 490 in
2183 444 2344 492 arm
2369 474 2388 505 ,

238 542 497 639 partim
532 538 609 607 in
641 536 871 605 hortis
906 535 1054 604 suis
1094 532 1506 619 collocavit;
1547 532 1832 630 signum
1859 530 1951 602 de
1981 530 2205 603 busto
2237 556 2390 601 me-

233 650 512 723 retricis
556 644 873 717 ablatum
922 645 1037 717 isti
1081 642 1320 727 dedit,
1364 642 1568 739 quod
1617 657 1804 714 esset
1844 644 2136 740 signum
2167 644 2392 740 magis

236 764 539 831 istorum
558 752 614 841 ⁶,
650 778 867 851 quam
914 752 1223 852 publicae
1258 751 1630 825 libertatis.

333 876 535 941 Hanc
596 864 804 937 deam
862 866 1248 962 quisquam
1304 862 1574 934 violare
1627 862 1889 934 audeat
1915 917 1934 951 ,
1999 865 2396 961 imaginem

239 978 670 1063 meretriciS,
710 989 1222 1071 ornamentum
1260 972 1616 1071 sepulcri,
1655 998 1696 1043 a
1732 970 1891 1043 fure
1927 970 2330 1061 sublatam,
2357 1000 2398 1041 a

238 1087 586 1185 sacrilego
619 1084 1098 1158 collocatam?
1130 1084 1283 1155 haec
1324 1108 1442 1154 me
1483 1083 1705 1154 domo
1749 1107 1909 1153 mea
1938 1084 2207 1181 pellet?
2245 1082 2398 1153 haec

238 1197 463 1269 ultrix
499 1192 779 1265 afflictae
820 1194 1121 1265 civitatis
1146 1248 1166 1283 ,
1212 1191 1632 1292 reipublicae
1675 1193 1926 1291 spoliis
1967 1192 2398 1265 ornabitur?

237 1308 392 1379 haec
422 1307 556 1377 erit
577 1306 655 1375 in
684 1330 771 1376 eo
802 1316 1288 1375 monumento
1308 1358 1327 1392 ,
1354 1303 1560 1402 quod
1584 1308 1896 1400 positum
1926 1318 2034 1375 est
2053 1360 2072 1389 ,
2103 1320 2190 1376 ut
2211 1319 2398 1375 esset

240 1417 589 1488 indicium
620 1416 949 1513 oppressi
978 1428 1272 1486 senatus
1307 1414 1398 1485 ad
1427 1419 1850 1487 memoriam
1877 1417 2396 1515 sempiternam

243 1526 720 1627 turpitudinis
744 1526 774 1595 ?

346 1646 409 1710 Ο
465 1641 553 1729 Q.
608 1635 862 1707 Catule
902 1636 1338 1734 (patremne
1387 1636 1784 1735 appellem,
1839 1662 1930 1707 an
1975 1634 2252 1707 filium?
2285 1662 2397 1707 re-

243 1752 522 1823 centior
574 1747 922 1817 memoria
968 1745 1099 1817 filii
1138 1762 1278 1833 est,
1328 1761 1401 1818 et
1445 1772 1614 1817 cum
1661 1745 1882 1819 rebus
1943 1748 2124 1818 meis
2184 1748 2398 1845 gestis

249 1858 781 1957 conjunctior),
807 1872 1187 1929 tantumne
1220 1874 1291 1929 te
1323 1855 1613 1945 fefellit,
1649 1884 1880 1955 quum
1909 1858 2093 1929 mihi
2117 1882 2400 1929 summa

249 1985 320 2041 et
354 1968 684 2068 quotidie
724 1969 993 2063 majora
1021 1971 1312 2066 praemia
1354 1970 1427 2039 in
1469 1968 1838 2067 republica
1874 1968 2030 2040 fore
2055 1968 2398 2068 putabas?

251 2266 441 2316 tabellis
492 2282 595 2314 uon
658 2264 1037 2314 inscriberentur
1093 2264 1279 2328 integra

256 2347 453 2395 nomina
480 2345 853 2393 candidatorum
870 2379 885 2403 ,
914 2344 999 2392 sed
1030 2344 1282 2391 brevitatis

255 2441 395 2474 causa
426 2425 581 2491 prima
608 2422 765 2470 solum
793 2422 933 2470 litera
952 2422 1165 2470 nominis
1193 2438 1281 2469 cu-

252 2507 463 2568 jusque;
495 2517 690 2550 necesse
717 2500 891 2548 eratin
916 2517 1012 2548 uua
1033 2517 1095 2548 ex
1119 2499 1285 2548 multis

258 2584 450 2633 tabellis
472 2586 538 2631 A.
572 2584 630 2629 P.
665 2597 758 2645 pro
788 2581 1067 2639 Postumio,
1106 2581 1158 2628 in
1192 2579 1286 2628 alia

260 2669 323 2714 Α.
348 2663 407 2712 C.
434 2660 585 2710 scribi
609 2675 702 2723 pro
738 2658 965 2707 Claudio.
992 2659 1286 2706 Promiserat

261 2753 422 2790 autem
450 2740 564 2789 Piso
592 2739 783 2797 consul,
802 2755 853 2786 se
874 2739 929 2784 in
952 2737 1287 2786 examinandis

262 2819 644 2882 uniuscujusque
672 2817 907 2864 centuriae
943 2817 1186 2881 suffragiis
1218 2829 1290 2864 ta·

264 2901 416 2950 bellas
461 2914 629 2946 omnes
678 2897 938 2960 inscriptas
988 2900 1050 2945 A.
1106 2899 1159 2944 P.
1199 2913 1292 2961 pro

264 2983 433 3048 Appio
459 2991 769 3043 accepturum
794 2991 807 3025 :
850 2992 1059 3040 quornm
1088 2989 1293 3042 puncto-

188 3091 195 3100 ·
265 3079 371 3110 rum
400 3059 675 3108 accessione
702 3057 828 3103 facta
854 3055 915 3104 ad
935 3073 989 3103 ea
1005 3091 1020 3114 ‚
1055 3073 1164 3120 quae
1190 3058 1293 3120 ipse

264 3141 451 3190 tulisset
470 3173 486 3200 ,
515 3138 722 3186 dubium
742 3151 845 3183 non
869 3146 993 3194 erat,
1022 3137 1141 3199 quin
1164 3151 1296 3200 prae-

267 3232 348 3269 tor
374 3219 529 3268 lieret.
568 3219 693 3266 Nam
721 3215 892 3277 opinio
922 3216 1162 3274 Manutii,
1200 3229 1295 3278 po·

266 3301 413 3349 tuisse
444 3297 656 3360 reliquas
684 3294 897 3342 nominis
918 3293 1111 3352 literas,
1138 3296 1293 3358 prima

264 3390 457 3430 tantum
504 3371 739 3423 incolumi
764 3407 779 3432 ,
822 3373 963 3421 facile
1005 3373 1255 3437 eorrumpi
1278 3405 1300 3430 ,

264 3456 463 3507 defendi
496 3470 601 3502 non
634 3463 833 3518 potest:
872 3464 977 3500 tum
1006 3452 1121 3516 quia
1152 3453 1297 3499 litura

264 3537 569 3604 apparuisset
586 3571 601 3596 ,
641 3544 749 3581 tum
770 3534 915 3580 etiam
944 3531 1057 3596 quia
1085 3541 1161 3579 tot
1187 3531 1295 3579 lite-

264 3619 331 3668 ris
352 3613 722 3679 corrumpendis
740 3613 792 3658 in
812 3623 907 3659 tam
922 3610 1088 3658 multis
1111 3609 1299 3659 tabellis

266 3714 358 3746 uec
386 3708 579 3759 tempus
600 3703 705 3740 erat
732 3702 1098 3755 opportunum,
1126 3690 1169 3737 si
1197 3707 1297 3738 uno

266 3776 347 3823 die
356 3773 553 3822 comitia
564 3781 701 3819 erant
714 3768 1030 3826 absolvenda,
1042 3785 1132 3816 nec
1142 3769 1296 3828 locus,

262 3871 417 3920 quum
442 3854 698 3901 universus
716 3847 933 3914 populus
956 3863 1187 3896 romanus
1208 3850 1297 3897 ad-

263 3945 405 3984 esset.
433 3932 562 3982 Vide
598 3931 734 3995 plura
777 3927 911 3992 apud
945 3928 1159 3978 Gruccb.
1185 3934 1209 3976 1
1237 3932 1300 3978 de

260 4015 438 4064 Comit.
463 4023 509 4070 4.
534 4009 671 4058 Idem
686 4008 865 4059 Cicero
875 4006 1137 4070 exprobrat
1152 4009 1300 4058 Vati-

1371 2262 1456 2311 nio
1482 2278 1496 2312 :
1527 2287 1552 2306 α
1571 2266 1756 2327 Quaero
1785 2266 1873 2314 abs
1899 2277 1976 2327 te,
1997 2267 2160 2331 inquit
2185 2267 2240 2316 in
2267 2283 2400 2322 eum,

1373 2359 1480 2407 cap.
1511 2344 1541 2391 5
1563 2382 1578 2406 ,
1631 2355 1856 2394 teneasne
1891 2347 2126 2394 memoria
2163 2363 2314 2410 quum
2349 2352 2400 2397 P.

1375 2423 1569 2470 Sextius
1605 2435 1820 2488 quaestor
1851 2425 1914 2473 sit
1945 2426 2137 2473 eunctis
2161 2428 2401 2492 suffragiis
2426 2467 2436 2478 .

1377 2503 1562 2561 sactus,
1588 2514 1707 2551 tunc
1730 2515 1776 2552 te
1806 2505 1888 2552 vix
1907 2537 1922 2562 ,
1949 2505 2119 2554 invitis
2145 2508 2402 2566 omnibus,

1377 2599 1478 2630 non
1497 2583 1674 2647 populi
1686 2583 1928 2633 beneflcio
1940 2586 2056 2648 ,sed
2075 2588 2309 2644 consulis,
2327 2607 2406 2638 ex·

1376 2673 1581 2710 tremum
1608 2663 1898 2712 adhaesisse?
1925 2688 1950 2706 n
1978 2668 2404 2728 Quemadmodum

1377 2743 1433 2790 C.
1455 2742 1704 2790 Antonius
1737 2765 1756 2786 ι
1773 2746 2091 2794 concessione
2111 2749 2404 2814 competito-

1380 2836 1488 2867 rum
1506 2854 1520 2878 ,
1548 2833 1596 2869 et
1625 2821 1893 2882 beneficio,
1923 2835 1971 2872 et
1997 2826 2262 2876 collatione
2293 2844 2401 2876 cen-

1383 2900 1618 2948 turiarum
1644 2922 1664 2942 ι
1684 2936 1699 2961 ,
1739 2914 1798 2950 ut
1821 2904 1892 2952 ait
1919 2905 2020 2954 Cic.
2056 2917 2183 2955 orat.
2211 2910 2264 2954 in
2287 2909 2404 2970 Tog.

1384 2977 1528 3026 cand.
1569 2969 1618 3025 in
1664 2981 1903 3044 petitione
1940 2995 2168 3045 praeturoe
2216 2987 2410 3034 tertium

1383 3057 1550 3105 locum
1569 3058 1777 3123 ade-ptus
1803 3072 1906 3119 est,
1952 3063 2037 3126 qui
2063 3064 2242 3129 populi
2273 3065 2409 3112 bene·

1384 3135 1500 3184 ficio
1524 3149 1828 3200 postremum
1865 3143 2132 3191 tenuisset:
2169 3146 2242 3192 sic
2273 3144 2406 3192 vati-

1385 3219 1498 3265 nius
1512 3252 1526 3275 ,
1547 3235 1690 3282 quem
1713 3221 1928 3268 comitiis
1951 3225 2229 3286 quaestoriis
2251 3241 2410 3289 popu·

1385 3296 1462 3343 lus
1481 3299 1813 3361 praeteriisset,
1830 3301 2045 3350 obtinuit
2057 3337 2072 3360 ,
2098 3314 2153 3351 ut
2171 3317 2412 3354 crearetur

1385 3375 1514 3424 inter
1567 3388 1810 3426 extremos
1836 3414 1852 3438 ,
1903 3379 2146 3430 beneficio
2201 3385 2411 3434 consulis

1387 3455 1584 3504 comitia
1607 3457 1830 3505 habentis
1847 3493 1860 3514 .
1887 3475 1915 3506 a
1935 3475 2037 3523 quo
2052 3497 2068 3521 ,
2105 3460 2224 3510 lieet
2246 3479 2412 3512 nume-

1386 3551 1494 3583 rum
1517 3535 1732 3584 tribuum
1753 3553 1856 3586 non
1873 3539 2178 3603 expleverit,
2205 3543 2327 3592 salso
2349 3557 2412 3592 est

1387 3616 1716 3675 renuntiatus,
1739 3616 1914 3664 eodem
1951 3617 2052 3666 fere
2087 3635 2264 3684 genere
2291 3623 2414 3672 frau-

1390 3693 1466 3741 dis
1483 3731 1497 3756 ,
1539 3695 1666 3742 sicut
1692 3707 1741 3742 et
1769 3711 1796 3743 a
1823 3699 2001 3746 Pisone
2025 3701 2226 3764 Appius
2265 3703 2414 3750 sactus

1388 3783 1460 3820 est
1487 3785 1683 3838 praetor.

1461 3855 1509 3900 6.
1539 3857 1761 3902 Istorum.
1796 3856 1946 3917 Quod
1977 3857 2096 3906 istos
2121 3862 2416 3910 meretricios

1387 3931 1608 3982 homines
1635 3934 1845 3984 deceret.
1869 3935 1966 3982 Alii
1997 3938 2310 4002 suspicantur
2331 3957 2413 3988 ex-

1389 4013 1565 4062 cidisse
1592 4013 1802 4062 sceleris.
