2594 4537
288 252 425 325 568
929 256 1028 323 Μ.
1079 255 1157 324 Τ.
1211 251 1763 325 CICERONIS

279 398 512 473 usque
531 404 566 442 ι»
586 427 607 464 ,
633 372 786 447 haec
811 388 1096 472 poterat
1123 398 1276 447 esse
1304 373 1569 446 invidia
1584 376 1651 443 ⁴:
1684 370 1897 443 datus
1920 384 2030 443 est
2054 370 2191 443 tibi
2208 370 2241 417 ⁵
2270 371 2425 461 ille3

283 484 738 559 condonatus
763 483 912 571 ille;
941 509 1092 556 non
1121 483 1294 559 facis
1322 484 1583 573 finem3
1612 481 1803 555 ferre
1830 504 1985 553 non
2006 506 2423 580 possumus.

278 596 361 667 Ei
397 594 694 693 quidem
717 647 736 682 ,
775 596 903 691 qui
941 619 1076 693 pro
1111 620 1263 667 uno
1303 594 1681 681 laboravit,
1721 607 1795 665 et
1830 591 2115 691 ipsum⁶
2152 592 2229 665 id
2270 619 2421 665 non

281 704 718 791 obtinuerit,
757 702 940 791 dici,
982 734 1015 770 α
1043 708 1446 802 Quousque
1467 736 1498 770 n
1520 758 1541 791 ‚
1588 701 1951 785 irridentis
1999 706 2227 799 magis
2272 718 2417 787 est,

283 840 504 913 quam
535 812 1154 909 reprehendentis.
1185 818 1250 886 N
1251 808 1335 886 isi
1364 813 1552 886 forte
1578 836 1715 911 ego
1744 834 1937 884 unus
1963 814 2067 882 it'a
2088 836 2211 882 me
2238 816 2421 909 gessi

280 929 356 995 in
387 924 674 1021 judiciis
694 980 717 1012 ‚
745 926 842 995 ita
869 938 942 997 et
967 948 1130 997 cum
1161 925 1273 995 his
1301 939 1374 996 et
1400 928 1589 995 inter
1609 922 1749 993 hos
1774 923 1954 1009 vixi,
1986 925 2047 993 is
2078 923 2159 991 in
2188 926 2420 993 causis

279 1050 668 1134 patronus,
702 1037 762 1107 is
796 1036 871 1105 in
903 1033 1278 1134 republica
1316 1034 1489 1107 civis
1523 1048 1597 1103 et
1628 1056 1785 1105 sum
1809 1085 1829 1120 ‚
1864 1047 1939 1104 et
1966 1056 2261 1129 semper
2288 1029 2419 1117 fui,

279 1144 476 1215 solus
511 1159 596 1214 ut
627 1168 670 1215 a
709 1160 782 1215 te
817 1146 1236 1231 constituar,
1273 1145 1404 1241 qui
1440 1142 1621 1215 nihil
1647 1168 1689 1215 a
1711 1141 2081 1239 judicibus
2108 1141 2417 1215 debeam

281 1278 628 1351 umquam
665 1246 1073 1352 impetrare.

374 1368 464 1435 Et
515 1362 693 1435 mihi
734 1364 1198 1461 lacrymulam
1240 1366 1555 1463 Cispiani
1608 1362 1859 1459 judicii
1906 1362 2279 1457 objecms3
2322 1366 2421 1435 sic

203 1464 208 1477 ’
280 1472 474 1545 enim
536 1472 824 1544 dixisti:
867 1473 1088 1545 «Vidi
1141 1498 1276 1571 ego
1335 1488 1531 1545 tuam
1594 1473 2063 1571 lacrymulam
2088 1504 2142 1543 n.
2196 1473 2421 1550 Vide,

281 1607 502 1681 quam
530 1608 648 1655 me
680 1582 884 1655 verbi
916 1589 1024 1654 tui
1051 1586 1421 1682 poeniteat.
1457 1589 1522 1657 N
1525 1572 1623 1655 on
1650 1583 1874 1656 modo
1906 1582 2375 1679 lacrymulam
2398 1639 2419 1663 ,

281 1692 406 1763 sed
451 1693 714 1765 multas
759 1691 1145 1793 lacrymas,
1189 1707 1264 1765 et
1303 1694 1555 1765 fletum
1606 1717 1771 1764 cum
1810 1692 2133 1791 singultu
2174 1692 2421 1766 videre

283 1802 605 1899 potuisti.
655 1806 763 1872 An
805 1827 974 1899 eg0‚
1013 1804 1142 1900 qui
1171 1827 1500 1875 meorum
1532 1803 1897 1901 lacrymiS,
1936 1825 2052 1872 me
2084 1800 2420 1893 absente,

284 1926 693 1983 commotus
715 1968 734 1997 ‚
772 1914 1205 2002 simultateS‚
1242 1938 1423 2011 quas
1460 1938 1745 2013 mecum
1774 1912 2090 1985 habebat
2110 1925 2169 2001 7,
2208 1914 2424 2009 depo·

279 2022 583 2109 suisset,
633 2048 960 2123 meaeque
1008 2024 1255 2095 salutis
1300 2049 1446 2096 non
1498 2022 1719 2095 modo
1764 2048 1913 2093 non
1958 2038 2425 2121 oppugnator

286 2132 422 2227 (ut
445 2133 712 2205 inimici
741 2136 880 2204 mei
913 2132 1345 2232 putarant),
1372 2132 1496 2205 sed
1527 2134 1739 2205 etiam
1769 2130 2109 2205 defensor
2134 2130 2423 2219 fuisset,

287 2240 506 2337 hujus
551 2244 628 2314 in
676 2245 1002 2343 periculo
1047 2268 1196 2316 non
1243 2244 1571 2317 dolorem
1616 2268 1859 2315 meum
1877 2242 2427 2342 significarem?

285 2355 394 2421 Tu
433 2368 671 2424 autem
694 2409 714 2441 ‚
753 2357 1194 2442 LaterensiS,
1228 2355 1358 2452 qui
1396 2369 1549 2424 tum
1588 2354 1937 2452 lacrymas
1967 2378 2165 2427 meas
2192 2371 2423 2453 gratas

287 2485 443 2533 esse
485 2462 814 2548 dicebas,
855 2489 1052 2536 nunc
1089 2463 1373 2536 easdem
1407 2469 1513 2536 vis
1548 2465 1932 2536 invidiosas
1962 2464 2220 2536 videri.

385 2575 678 2642 XXXII.
731 2576 1002 2667 NegaS,
1056 2573 1509 2646 tribunatum
1546 2576 1813 2646 Plancii
1865 2575 2269 2673 quidquam
2320 2591 2421 2647 at·

287 2679 534 2750 tulisse
597 2677 998 2774 adjumenti
1061 2681 1390 2781 dignitati
1462 2709 1683 2768 meae3
1750 2699 1971 2782 atque
2038 2685 2187 2758 hoc
2264 2687 2424 2760 loco

287 2791 319 2886 (
347 2789 549 2886 quod
587 2794 950 2864 verissime
999 2793 1230 2868 facere
1273 2795 1522 2892 potes)
1558 2802 1635 2868 L.
1670 2795 1945 2866 Racillii
1966 2804 2021 2882 ¹,
2056 2794 2423 2868 fortissimi

287 2913 363 2970 et
415 2905 970 2974 constantissimi
1018 2906 1196 2993 viri,
1251 2903 1492 2976 diviua
1534 2907 1610 2976 in
1653 2929 1773 2976 me
1814 2905 2067 2977 merita
2110 2931 2423 2978 comme-

359 3200 409 3246 ι.
435 3192 720 3254 Quomque,
746 3189 1056 3256 hoeepoeeme
1071 3207 1172 3242 esse
1191 3191 1311 3241 ἰηνί-
1395 3209 1540 3242 susus
1579 3203 1682 3242 erat
1722 3193 1891 3242 Lumb.
1929 3208 2074 3242 susus
2114 3186 2191 3240 αὖε
2232 3193 2421 3242 tandum

289 3267 394 3317 dia.
423 3271 465 3316 1.
503 3285 551 3318 e.
577 3268 762 3317 invidia
787 3269 924 3318 istius
951 3269 1110 3329 verbi,
1141 3291 1164 3314 ι
1185 3287 1311 3335 quo·
1398 3269 1596 3320 Schiitz.
1624 3271 1703 3321 Sic
1728 3272 1864 3320 Orel.

289 3363 443 3411 usque
461 3370 487 3390 a
524 3359 714 3413 poterat
739 3359 839 3398 esse
863 3349 968 3399 haec
985 3385 1003 3411 ,
1030 3350 1165 3410 talisg
1209 3352 1242 3398 i.
1264 3368 1308 3398 e.
1470 3367 1517 3412 7.
1536 3351 1837 3410 Szimdtates,
1852 3367 1977 3414 quas
1988 3367 2180 3398 meeum
2195 3349 2423 3399 habebat.

289 3425 384 3476 hoc
403 3427 603 3476 verbum
624 3444 874 3492 quousque
890 3441 1081 3494 poterat
1099 3430 1313 3478 invidio·
1396 3429 1476 3478 Ob
1500 3441 1719 3478 mutuam
1740 3429 1996 3494 pecuniam
2024 3445 2053 3476 s
2080 3430 2327 3478 Cicerone
2344 3429 2425 3477 ds·

283 3522 392 3554 sum
417 3522 519 3554 esse
539 3517 590 3556 et
613 3506 883 3572 siguificare
898 3510 1041 3573 quod
1065 3510 1301 3574 sequitur.
1394 3519 1491 3558 um
1508 3543 1523 3566 ‚
1544 3510 1647 3558 sive
1664 3510 1759 3574 ipsi
1782 3509 1977 3573 Cispio,
1998 3509 2101 3556 sive
2118 3509 2422 3574 propinquo.

355 3587 404 3634 5.
439 3587 602 3634 Datus
639 3597 712 3633 ese
743 3586 834 3634 eibi
857 3587 960 3636 ille.
997 3587 1058 3635 Id
1091 3600 1192 3648 est,
1225 3588 1307 3636 ille
1464 3590 1681 3674 ΧΧΧῙὶ.
1704 3591 1819 3637 1.1;.
1838 3586 2051 3635 flacillii.
2073 3586 2179 3648 Qui
2198 3585 2425 3636 tribum

281 3663 533 3739 absolutus
544 3675 618 3714 est
630 3675 717 3712 tno
731 3667 949 3714 nomine.
967 3693 1033 3704 --
1051 3667 1308 3731 Nausia-is
1392 3667 1552 3732 piebis
1569 3679 1789 3716 senatum
1802 3702 1817 3724 ,
1844 3669 1987 3730 Lupo
2002 3663 2314 3729 dimittente,
2338 3681 2423 3731 pro

275 3742 447 3807 finem.
474 3744 592 3792 Seii.
624 3743 800 3793 Nullus
819 3754 892 3792 est
917 3745 1118 3804 modus,
1145 3747 1307 3794 nullus
1396 3757 1634 3810 potestate
1684 3744 1935 3795 tribunitia
1980 3743 2183 3792 retinnit
2200 3777 2215 3800 ‚
2266 3755 2325 3792 ut
2366 3745 2423 3792 de

281 3819 393 3870 finis
416 3821 840 3872 sollicitationibus
867 3824 978 3871 tuis.
1395 3825 1571 3874 Clodio
1608 3826 1870 3874 referretur
1906 3839 2055 3888 quem
2093 3824 2225 3872 uilo
2272 3825 2335 3872 de
2378 3825 2421 3870 vi

354 3901 406 3948 6.
435 3903 502 3948 Ee
523 3902 681 3966 ipsum
709 3902 767 3950 id
788 3920 908 3952 non.
939 3903 1103 3951 Lamb.
1137 3924 1160 3946 ι
1177 3913 1228 3951 et
1251 3903 1305 3952 id
1394 3916 1718 3954 accusaverat.
1736 3903 1865 3952 Vide
1890 3903 1977 3952 lib.
2002 3905 2083 3960 11,
2106 3905 2256 3968 epist.
2294 3919 2341 3962 1,
2366 3901 2421 3950 sd

279 3979 296 4025 i
304 3995 442 4042 psum
459 3997 562 4030 non
583 4003 629 4030 ιι.
655 3983 764 4030 Hoc
782 3981 1018 4046 recipiens
1041 3983 1178 4046 quod
1201 3997 1305 4030 non
1393 3985 1461 4047 Q.
1484 3983 1697 4032 fratrem.
