2594 4537
596 283 986 354 ORATIO
1035 287 1248 356 PRO
1295 285 1607 356 DOMO
1656 288 1863 358 SUA.
2164 290 2309 386 393

151 403 586 492 consulatu,
627 429 710 477 ac
755 404 848 476 de
889 409 1072 478 meis
1115 405 1335 478 rebus
1370 409 1587 504 gestis
1621 409 2057 506 amplissima
2092 427 2313 510 atque

153 516 628 590 ornatissima
663 513 948 588 decreta
989 515 1365 596 fecerunt„
1384 517 1711 606 scribae⁴‚
1754 522 1883 616 qui
1930 520 2311 596 nobiscum

149 630 246 700 in
283 625 696 700 rationibus
721 629 1361 725 monumentisque
1397 627 1707 726 pub-licis
1736 643 2139 718 versantur,
2164 657 2313 703 non

153 736 567 810 obscurum
613 735 704 808 de
755 737 934 808 meis
983 737 1066 807 in
1115 734 1643 836 rempublicam
1684 736 2057 812 beneficiis
2100 765 2312 813 suum

145 847 527 942 judicium
553 847 1074 945 decretumque
1115 871 1270 920 esse
1308 847 1725 919 voluerunt.
1766 850 2065 920 Nullum
2094 868 2199 923 est
2234 853 2314 922 in

153 958 310 1030 hae
335 957 520 1030 urbe
545 956 968 1054 collegium,
1003 957 1186 1028 nulli
1213 959 1469 1056 pagani
1490 954 1675 1030 ⁵aut
1698 958 2069 1031 montani⁶
2094 961 2317 1058 (quo-

155 1071 368 1142 niam
412 1067 656 1168 plebei
695 1089 994 1166 quoque
1041 1067 1335 1140 urbanae
1387 1069 1695 1164 majores
1732 1071 1965 1140 nostri
2006 1093 2318 1144 conven-

153 1178 461 1268 ticula⁷‚
514 1194 590 1250 et
644 1181 852 1276 quasi
907 1179 1206 1250 consilia
1264 1179 1595 1276 quaedam
1642 1203 1799 1252 esse
1842 1180 2319 1279 voluerunt),

153 1291 301 1389 qui
344 1313 500 1362 non
535 1289 1012 1387 amplissime,
1061 1314 1212 1361 non
1261 1289 1487 1362 modo
1528 1289 1621 1360 de
1662 1289 1895 1361 salute
1941 1313 2141 1376 mea,
2184 1291 2320 1363 sed
2351 1331 2365 1340 ·

155 1402 388 1473 etiam
441 1399 534 1473 de
587 1399 936 1499 dignitate
991 1398 1460 1473 decreverint.
1526 1403 1712 1472 Nam
1770 1398 1950 1496 quid
2010 1423 2146 1495 ego
2194 1400 2315 1472 illa

153 1511 414 1584 divina
431 1525 650 1608 atque
669 1510 1101 1582 immortalia
1117 1511 1679 1609 municipiorum
1702 1565 1721 1598 ‚
1742 1524 1819 1582 et
1833 1509 2281 1582 coloniarum
2298 1566 2317 1595 ‚

159 1633 246 1692 et
280 1623 504 1693 totius
533 1619 767 1708 ‚Italiae
807 1619 1096 1692 decreta
1137 1645 1741 1711 commemorem,
1790 1619 2092 1718 quibus,
2128 1636 2316 1692 tam-

157 1755 394 1828 quam
441 1728 820 1828 gradibus,
861 1730 1042 1801 mihi
1087 1731 1341 1802 videor
1389 1732 1471 1802 in
1526 1734 1779 1805 caelum
1820 1731 2315 1819 adscendisse,

155 1867 324 1913 non
367 1842 606 1914 solum
645 1845 724 1912 in
767 1843 1074 1940 patriam
1117 1842 1543 1914 revertisse?

260 1951 400 2024 Ille
425 1975 600 2024 vero
635 1951 788 2024 dies
814 1955 944 2048 qui
980 1949 1156 2040 fuit,
1182 1975 1411 2049 quum
1443 1965 1551 2037 te,
1582 1957 1657 2023 P.
1692 1952 2035 2038 Lentule,
2080 1953 2317 2051 legem

159 2061 266 2133 de
301 2054 422 2134 me
467 2061 822 2135 ferentem
863 2061 1182 2161 populus
1222 2085 1571 2133 romanus
1612 2056 1867 2148 vidit8‚
1910 2063 2317 2160 sensitque,

161 2189 490 2268 quantus
544 2189 618 2245 et
669 2187 942 2273 quanta
989 2171 1339 2271 dignitate
1398 2174 1643 2244 esses?
1692 2177 1991 2244 Constat
2042 2176 2236 2243 enim
2260 2185 2321 2260 ⁹,

161 2282 394 2355 nullis
431 2308 782 2381 umquam
819 2286 1129 2354 comitiis
1151 2336 1172 2372 ,
1220 2306 1561 2381 campum
1600 2284 1937 2354 Martium
1980 2296 2180 2355 tanta
2212 2309 2320 2357 ce-

161 2392 542 2485 lebritate,
589 2408 796 2465 tanto
837 2392 1230 2492 splendore
1282 2396 1533 2465 omnis·
1562 2395 1849 2492 generis
1894 2393 2277 2467 hominum
2300 2451 2320 2484 ,

159 2518 502 2592 aetatum,
546 2503 888 2576 ordinum
925 2502 1258 2591 floruisse
1281 2512 1367 2574 ¹⁰.
1420 2503 1701 2576 Omitto
1746 2505 2155 2595 civitatum,
2195 2531 2319 2578 na·
2430 2586 2437 2594 ,

244 2678 296 2728 4.
320 2670 518 2721 Scrae'boe.
558 2672 636 2720 Dc
658 2672 834 2723 scribis
875 2676 989 2725 vide
1027 2677 1200 2742 Sigon.

161 2750 234 2803 ile
259 2750 484 2817 Antiquo
511 2750 626 2814 jure
647 2754 831 2803 civium
852 2770 1166 2807 remanorum
1181 2792 1198 2819 ‚

163 2833 254 2893 11,
289 2846 358 2895 9,
392 2848 536 2897 quein
576 2832 800 2883 ordinem
845 2848 1007 2887 umen
1043 2854 1198 2903 quum

163 2910 334 2959 minus
371 2910 630 2961 honestum
667 2930 770 2963 esee
807 2928 977 2981 putat,
1019 2933 1084 2964 ex
1106 2918 1202 2965 hoc

163 2991 286 3047 loco
331 2992 615 3053 revincitur,
647 2992 736 3041 ubi
777 2996 938 3043 atatim
978 2995 1191 3061 equestri

161 3070 340 3121 ordini
379 3070 729 3139 subjiciuntur.
757 3074 890 3124 vido
923 3076 988 3125 ad
1025 3078 1100 3125 111
1143 3075 1198 3124 in

165 3152 314 3215 yerr.
345 3168 429 3215 79.

245 3230 296 3280 5.
323 3232 463 3281 Nulli
483 3232 708 3299 pagani.
751 3234 895 3283 Plebs
930 3234 1113 3283 urbana
1147 3234 1202 3283 in

165 3324 326 3375 pagon
352 3322 426 3359 eat
445 3328 473 3360 a
492 3313 596 3362 Ser.
615 3310 800 3372 Tullio,
813 3323 940 3363 teate
955 3312 1202 3379 Dionysio

165 3388 370 3439 tributa.
405 3390 556 3439 Unde
581 3402 634 3441 et
667 3394 732 3455 Q.
761 3396 929 3441 Frater
953 3393 1006 3439 in
1031 3390 1202 3441 libello

167 3469 238 3518 dc
259 3469 530 3521 Petitione:
563 3492 589 3513 α
607 3470 800 3519 Deinde
826 3471 952 3521 habe
979 3483 1202 3523 oratores

165 3548 310 3599 urbi·
343 3547 522 3607 totina,
563 3550 826 3615 collegium
863 3552 1082 3601 omnium
1115 3568 1200 3617 pa-

165 3642 348 3693 gorum
366 3660 382 3687 ‚
409 3626 749 3691 vicinitatum;
775 3646 837 3678 ex
865 3630 924 3678 iis
953 3630 1202 3695 principe·

163 3708 234 3757 ad
255 3706 520 3755 amicitiam
549 3719 682 3757 tuam
703 3708 748 3759 ιί
771 3708 1054 3771 adjunxeris
1070 3744 1085 3769 ‚
1111 3727 1201 3775 per

167 3802 258 3835 eoa
285 3786 522 3851 reliquam
546 3788 911 3837 multitudinem
948 3788 1092 3837 facilc
1125 3800 1199 3839 te·

167 3865 314 3915 nebia
334 3887 382 3915 ι.
423 3866 502 3915 cf.
535 3865 706 3929 Sigon.
744 3866 807 3917 de
847 3867 1070 3932 Antiquo
1091 3869 1200 3929 jure

119 3988 134 4006 ,
168 3946 356 3995 civium
375 3960 500 3993 rom.
515 3946 587 4004 11,
615 3962 727 4010 cap.
749 3963 797 4007 7.

245 4026 300 4073 6.
327 4026 430 4073 Aac
455 4024 696 4075 montani·
733 4026 836 4088 Qui
873 4025 944 4073 illi
969 4042 1032 4075 ex
1057 4025 1200 4090 plebe

1292 2693 1496 2727 romana
1524 2678 1769 2739 montani,
1787 2678 2005 2726 distincti
2031 2692 2059 2723 a
2084 2668 2323 2739 paganis?

1277 2758 1465 2831 ⁸Rome
1508 2758 1565 2805 in
1606 2756 1859 2805 montibus
1898 2754 2187 2805 habitabant
2217 2752 2324 2816 ple·

1289 2852 1496 2902 rumque
1544 2847 1751 2902 propter
1802 2836 1927 2884 aeria
1990 2832 2321 2881 salubritatem

1290 2917 1422 2965 eive·
1446 2916 1715 2977 beatiores,
1740 2914 1873 2962 unde
1912 2912 2201 2961 dicebantur
2236 2909 2322 2957 de-

1291 2994 1741 3057 accudere,quu1n
1784 2990 2067 3057 prodirent,
2100 2998 2161 3036 ut
2204 2986 2322 3035 alibi

1287 3074 1601 3133 notavimua3
1640 3072 1859 3137 populus
1886 3086 2005 3117 vero
2033 3066 2283 3131 degebat·
2264 3082 2321 3115 ιιι

1285 3153 1473 3221 plano,
1511 3164 1562 3201 et
1604 3152 1855 3213 vallibus,
1902 3148 1991 3213 qui
2033 3150 2163 3197 inter
2207 3146 2323 3195 illoa

1291 3242 1431 3280 erant
1454 3241 1659 3279 montes.

1367 3326 1414 3372 7.
1440 3308 1799 3360 eonveneicula.
1811 3306 1858 3355 A
1875 3304 2040 3356 Numa
2058 3322 2171 3370 rege
2187 3304 2322 3352 insti-

1291 3400 1425 3449 tuta,
1458 3398 1517 3439 ut
1532 3387 1818 3437 Plutarchus
1840 3422 1855 3449 ,
1878 3386 2064 3435 Plinius
2084 3395 2133 3434 et
2152 3384 2324 3433 Florus

1289 3478 1549 3519 testantur.
1594 3494 1649 3504 —
1675 3464 1804 3513 vide
1830 3464 1890 3513 de
1916 3466 1994 3513 his
2032 3463 2251 3527 collegii·
2274 3474 2325 3511 et

1291 3546 1647 3598 conventiculis
1667 3543 1907 3609 opificum
1924 3577 1940 3604 ‚
1974 3554 2021 3593 et
2046 3541 2285 3591 artificum
2306 3577 2323 3602 ,

1289 3628 1461 3693 Sigou-
1488 3626 1550 3675 de
1569 3624 1793 3687 Antiqua
1818 3624 1926 3683 jure
1954 3621 2139 3671 civium
2160 3636 2324 3669 roma·

1287 3722 1505 3764 norum,
1534 3704 1624 3753 lib.
1646 3706 1725 3763 11,
1746 3718 1855 3767 cap.
1876 3718 1958 3751 ra.

1360 3785 1411 3837 8.
1438 3785 1568 3843 Alii,
1596 3784 1735 3872 «ip-ae
1752 3781 1935 3829 vidit..

1362 3883 1411 3930 9.
1430 3864 1591 3915 Abest
1605 3861 1753 3911 enim.

1368 3962 1445 3995 xo.
1487 3943 1753 3993 Flet-uisse.
1803 3944 1901 3989 Pro
1945 3913 2151 3997 Sextio,
2194 3936 2324 3985 circa

1290 4027 1470 4075 linem:
1496 4026 1687 4073 -Hunc
1713 4037 1805 4087 ego
1841 4018 2049 4069 reditun
2082 4015 2310 4085 repudia·
