2594 4537
349 227 486 314 514
993 230 1090 296 M.
1139 229 1214 295 Τ.
1271 229 1825 299 CICERONIS

341 353 526 442 cilis,
559 351 873 447 judices»,
911 363 982 421 et
1015 346 1294 420 lubrica
1330 348 1771 422 defensionis
1802 351 1987 420 ratio
2016 350 2475 446 proponitur.

337 470 562 550 Nam,
596 464 652 532 si
681 459 1189 532 tantummodo
1215 461 1397 531 mihi
1433 483 1725 532 necesse
1762 473 1950 530 esset
1983 471 2241 533 contra
2278 464 2475 534 Late-

337 599 626 648 rensem
673 571 961 658 dicere,
1011 585 1253 642 tamen
1316 570 1389 641 id
1446 573 1681 669 ipsum
1729 585 1917 642 esset
1961 571 2033 640 in
2080 584 2291 642 tanto
2346 597 2473 644 usu

337 679 637 755 nostro⁵
681 694 1025 778 tantaque
1062 681 1373 752 amicitia
1414 681 1869 752 molestum:
1890 695 2097 755 vetus
2134 684 2335 752 enim
2375 698 2475 754 est

333 795 452 866 lex
495 792 613 863 illa
661 791 872 886 justoe
907 813 1236 887 veraeque
1279 791 1643 878 amicitiae,
1698 816 1859 888 quae
1904 790 2084 862 mihi
2140 815 2313 863 cum
2356 793 2471 864 illo

323 906 473 1000 jam
514 903 640 975 diu
675 915 822 990 est,
861 915 944 973 ut
979 901 1172 972 idem
1208 902 1421 972 amici
1456 925 1739 1004 semper
1782 900 2045 972 velint·
2026 927 2329 999 ‚neque
2370 917 2471 974 est

327 1015 561 1086 ullum
599 1014 861 1086 certius
893 1013 1216 1083 amicitiae
1258 1011 1671 1100 vinculum,
1707 1037 1927 1111 quam
1966 1037 2373 1086 consensus
2404 1029 2471 1084 et

327 1129 632 1197 societas
673 1121 1138 1196 consiliorum
1177 1137 1251 1192 et
1283 1122 1765 1194 voluntatum.
1810 1121 1989 1194 Mihi
2034 1138 2277 1194 autem
2324 1148 2469 1194 non

327 1235 550 1307 modo
603 1251 710 1307 est
768 1235 846 1304 in
897 1233 1032 1305 hac
1090 1229 1214 1303 re⁶
1272 1233 1861 1306 molestissimum
1890 1288 1909 1321 ‚
1967 1249 2221 1306 contra
2266 1233 2467 1305 illum

323 1343 567 1416 dicere
589 1399 608 1432 ,
653 1341 780 1414 sed
817 1342 1050 1414 multo
1089 1341 1268 1412 illud
1302 1344 1565 1440 magiS‚
1602 1342 1801 1441 quod
1838 1346 1913 1414 in
1952 1369 2035 1415 ea
2064 1368 2279 1416 causa
2312 1369 2469 1416 con-

321 1470 434 1538 tra
467 1451 856 1526 dicendum
891 1467 1035 1540 est,
1066 1452 1142 1521 in
1177 1477 1323 1548 qua
1364 1451 1694 1550 quaedam
1722 1452 2107 1524 hominum
2136 1455 2463 1550 ipsorum

318 1564 610 1638 videtur
650 1561 982 1635 facienda
1031 1585 1184 1634 esse
1227 1564 1625 1635 contentio.
1684 1566 1963 1653 Quaerit
2012 1565 2205 1635 enim
2258 1567 2461 1634 Late-

315 1675 586 1761 rensis,
627 1687 846 1770 atque
868 1672 1016 1743 hoc
1051 1695 1203 1743 uno
1238 1674 1548 1745 maxime
1582 1688 1834 1771 urget,
1866 1698 2015 1770 qua
2048 1698 2126 1746 se
2161 1675 2463 1754 virtute,

317 1809 463 1880 qua
492 1783 706 1854 laude
752 1781 1121 1869 Plancius,
1158 1806 1305 1879 qua
1348 1778 1694 1880 dignitate
1739 1784 2096 1880 superarit
2114 1793 2169 1852 ⁷.
2218 1788 2375 1872 Ita,
2408 1787 2461 1854 si

315 1891 497 1965 cedo
538 1892 730 1962 illius
774 1895 1218 1964 ornamentis
1249 1946 1269 1980 ‚
1313 1917 1474 1990 quae
1525 1892 1753 1963 multa
1806 1906 1880 1963 et.
1926 1916 2191 1988 magna
2249 1907 2424 1964 sunt
2447 1947 2465 1974 ‚

314 2028 470 2075 non
505 2003 742 2074 solum
787 2002 1005 2098 hujus
1039 1997 1449 2098 dignitatis⁸
1484 2003 1763 2098 jactura
1804 1999 2129 2074 facienda
2152 2018 2309 2090 est,
2338 2003 2466 2076 sed

315 2115 529 2186 etiam
553 2113 952 2212 largitionis
967 2125 1002 2172 9
1040 2112 1459 2210 recipienda
1480 2114 1796 2212 suspicio
1824 2128 1953 2185 est.
1977 2117 2103 2185 Sin
2126 2112 2335 2186 hunc
2364 2115 2463 2185 illi

313 2240 684 2323 antepono
723 2279 742 2312 ‚
802 2223 1323 2296 contumeliosa
1372 2222 1705 2296 habenda
1752 2238 1865 2297 est
1899 2224 2133 2297 oratio
2158 2278 2183 2311 ‚
2234 2239 2315 2297 et
2355 2223 2463 2297 di·

311 2334 626 2407 cendum
665 2350 775 2405 est
804 2332 916 2422 id,
955 2331 1157 2431 quod
1201 2333 1321 2405 ille
1357 2358 1474 2407 me
1510 2332 1781 2432 flagitat
1806 2346 1904 2420 ¹⁰,
1936 2340 2403 2408 Laterensem
2424 2362 2459 2409 a

310 2445 604 2516 Plancio
650 2442 997 2541 dignitate
1049 2468 1200 2516 esse
1253 2458 1694 2542 superatum.
1743 2450 1849 2517 Ita
1886 2459 2012 2519 aut
2048 2445 2461 2517 amicissimi

311 2555 632 2625 hominis
652 2557 1175 2626 ¹¹existimatio
1207 2552 1650 2627 offendenda
1682 2570 1828 2643 est,
1860 2556 1923 2625 si
1944 2553 2139 2625 illam
2172 2580 2464 2629 accusa-

313 2663 531 2735 tionis
555 2662 1050 2735 conditionem
1068 2674 1437 2765 sequa-¹²,
1452 2680 1582 2737 aut
1600 2665 1873 2764 optime
1890 2664 1981 2737 de
1998 2662 2061 2708 ¹3
2080 2688 2201 2737 me
2218 2671 2461 2739 meriti

311 2775 502 2847 salus
534 2773 928 2846 deserenda
958 2789 1088 2847 est.

404 2890 532 2957 III.
561 2883 702 2957 Sed
738 2909 910 2982 eg0‚
955 2889 1391 2974 Laterensi5‚
1424 2911 1695 2959 caecum
1736 2910 1853 2957 me
1896 2899 1970 2957 et
2010 2887 2457 2985 praecipitem

308 2994 480 3069 ferri
527 2992 874 3067 confitear
918 2996 994 3065 in
1037 3020 1284 3085 causa,
1324 2998 1383 3067 si
1430 3012 1505 3068 te
1551 3011 1676 3067 aut
1722 3020 1763 3067 a
1821 2996 2157 3085 Plancio,
2196 3013 2328 3070 aut
2366 2998 2458 3070 ab

381 3174 428 3223 5.
456 3175 518 3219 In
548 3182 688 3220 tanto
717 3189 804 3219 usu
831 3182 1014 3221 nom-o.
1056 3170 1116 3220 ld
1141 3182 1243 3235 est,
1279 3171 1333 3220 in
1495 3188 1545 3237 9.
1599 3169 1911 3239 Largitionis.
1961 3172 2037 3221 De
2085 3189 2183 3237 qua
2229 3176 2462 3225 Plancius

305 3263 436 3301 tauta
455 3250 825 3310 cousuetudine,
839 3261 973 3299 tanta
988 3250 1327 3302 familiaritate.
1420 3263 1677 3301 accusatur
1694 3268 1708 3310 3
1740 3268 1850 3299 nani
1882 3252 1923 3299 si
1947 3251 2185 3315 dignitate
2204 3270 2315 3303 non
2332 3255 2461 3303 viee-

377 3332 430 3379 6.
461 3330 572 3377 Non
593 3330 736 3377 modo
759 3340 828 3378 est
859 3328 912 3377 in
940 3329 1036 3377 hae
1071 3345 1139 3379 re.
1161 3328 1328 3377 Plures
1417 3332 1498 3392 rit,
1514 3332 1758 3397 reliquum
1771 3340 1861 3393 est,
1874 3342 1932 3379 ut
1944 3332 2143 3379 comitia
2160 3336 2456 3398 eorrnpeiit.

303 3408 512 3460 Palatini
545 3408 728 3457 habent
746 3423 763 3457 ε
804 3428 826 3452 ι
854 3424 960 3457 non
981 3408 1133 3459 modo
1173 3407 1228 3457 id
1253 3418 1326 3457 est
1380 3448 1391 3458 .
1492 3425 1571 3461 10.
1599 3412 1689 3461 Ille
1715 3426 1793 3458 me
1801 3408 2033 3479 flagitat.
2062 3412 2179 3461 Scil.
2209 3412 2353 3477 qnod
2380 3430 2457 3461 me

303 3490 356 3537 in
383 3488 474 3537 hac
502 3502 554 3535 re
572 3508 616 3534 »-
1412 3490 1681 3540 Laterensis
1708 3490 1841 3553 cogit
1871 3490 2051 3539 dicere.

374 3586 422 3629 7.
457 3565 716 3630 Superat-it.
761 3562 955 3613 Scilicet
992 3565 1048 3613 in
1081 3566 1325 3631 petitione
1488 3585 1510 3617 1
1526 3586 1571 3617 1.
1597 3568 1893 3618 Amicissime·
1911 3568 2138 3620 hominis.
2160 3572 2455 3620 Laterensis.

297 3646 641 3697 aedilitatia.—
664 3643 989 3693 Ornamentis.
1011 3646 1092 3695 Sc.
1119 3646 1323 3711 egregii·
1490 3664 1569 3697 ω.
1618 3647 1961 3696 Accusationis
2010 3648 2195 3697 ωηᾰίε.
2244 3666 2453 3714 sequar.

297 3726 516 3780 dotibus.
1410 3726 1471 3776 Id
1488 3738 1562 3775 eet
1584 3762 1598 3787 ,
1630 3730 1673 3777 ai
1691 3730 1995 3775 Laterensem
2016 3743 2043 3774 a
2065 3726 2271 3776 Plancio
2289 3729 2453 3794 digni·

369 3805 590 3869 8.flujus
604 3802 877 3869 dignitatis.
902 3802 1080 3853 Jacob.
1101 3816 1151 3853 et
1170 3806 1325 3854 Gron.
1412 3818 1512 3855 tate
1570 3816 1849 3871 superatum
1908 3822 2012 3855 ease
2068 3806 2265 3867 dieam3
2314 3808 2451 3873 quod

309 3879 567 3944 legendnm
591 3891 766 3947 putant
791 3880 934 3940 Ιιιιίσ,
965 3882 1051 3930 sed
1083 3882 1217 3931 nulla
1242 3901 1330 3932 au·
1420 3888 1687 3953 Laterensis
1708 3888 1815 3953 ipse
1837 3902 1865 3933 a
1888 3902 1967 3934 me
1992 3883 2202 3953 flagitat.

305 3958 542 4007 otor-itate.
1504 3967 1580 4013 13.
1608 3967 1685 4012 De
1705 3982 1781 4013 me
1808 3964 2112 4015 mer-iti.Scil.
2132 3966 2354 4016 mancii>
