2594 4537
263 252 401 339 584
906 256 1006 327 M.
1055 256 1136 327 T.
1187 223 1808 333 clcssRoms'

261 379 388 462 rit,
452 377 510 447 si
543 378 785 447 miuus
821 373 1197 471 profutura
1236 376 1414 462 sint,
1455 377 1714 450 obesse
1755 392 1952 451 certe
1985 404 2142 453 non
2169 384 2422 481 'opor-

266 486 510 583 tere)·
550 509 755 573 nam,
790 485 1005 559 simul
1052 508 1137 557 ac
1176 510 1293 557 me
1343 486 1878 583 Dyrrhachium
1917 491 2243 587 attigisse
2282 519 2420 564 au-

268 598 488 685 divit,
524 598 761 668 statim
796 592 887 665 ad
936 620 1091 684 me,
1141 595 1521 668 lictoribus
1567 597 1964 688 dimissis9‚
2001 602 2419 697 insignibus

266 708 605 803 abjectis,
639 720 835 777 veste
864 720 1141 780 mutata
1164 716 1226 751 ¹⁰
1230 704 1662 805 ‚profectus
1691 724 1818 780 est.

359 822 424 888 O
454 813 785 887 acerbam
800 815 978 885 mihi
990 813 1343 911 ‚judices,
1361 820 1788 891 memoriam
1807 821 2412 917 temporis-illius,

260 941 333 1003 et
379 925 556 1011 loci,
606 948 837 1019 quum
882 924 1001 996 hic
1057 928 1132 995 in
1178 950 1297 997 me
1352 925 1648 1017 incidit,
1699 952 1930 1025 quum
1981 931 2414 1028 complexus

262 1047 481 1124 estu,
522 1036 1073 1133 conspersitque
1102 1035 1466 1132 lacrymiS‚
1487 1062 1638 1109 -nec
1669 1037 1876 1135 loqui
1910 1050 2413 1136 prae‘moerore

264 1143 543 1243 potuit!
578 1170 623 1220 o
664 1168 818 1221 rem
850 1169 1082 1242 quum
1118 1146 1376 1219 auditu
1410 1146 1807 1238 crudelem,
1835 1163 1994 1219 tum
2021 1152 2186 1221 visu
2215 1150 2411 1223 nefa-

264 1258 441 1343 riam
468 1266 527 1302 ¹²
552 1252 651 1331 lo
672 1255 993 1351 reliquos
1019 1280 1275 1329 omnes
1303 1257 1456 1329 dies
1470 1296 1500 1344 ‚·
1527 1273 1925 1357 noctesque
1955 1284 2108 1347 ea5‚
2133 1260 2410 1357 quibus

254 1370 387 1439 iste
414 1392 455 1443 a
488 1391 605 1443 me
632 1390 793 1443 non
808 1365 1189 1455 mecedem,
1217 1366 1881 1440 Thessalonicam.¹³
1913 1396 2068 1459 me,
2099 1372 2180 1441 in
2211 1396 2408 1468 quae-

252 1478 707 1579 storiumque
730 1478 793 1543 ξ’*
824 1473 1194 1577 perduxit!
1231 1478 1364 1553 Hic
1391 1502 1525 1579 ego
1553 1504 1752 1551 nunc
1788 1479 1880 1551 de
1909 1496 2224 1579 praetore
2247 1486 2404 1553 Ma-

1363 1746 1468 1784 erat
1499 1734 1926 1785 innocentissimus
1957 1743 2008 1781 et
2043 1731 2106 1779 de
2145 1732 2404 1797 republica

1364 1815 1442 1863 vir
1463 1814 1816 1865 meritissimus.

244 1748 391 1802 grate
410 1772 425 1797 ,
457 1746 505 1782 ee
526 1733 630 1799 pie.
665 1732 897 1791 statiua,
933 1754 959 1775 α
980 1734 1246 1798 aliquando
1258 1738 1287 1795 ,¹

252 1816 389 1883 quod
408 1816 579 1863 faci-m
596 1829 674 1861 me
690 1825 825 1876 grate
842 1824 891 1863 et
906 1814 987 1881 pie
998 1835 1043 1873 p.

322 1914 371 1958 9.
398 1894 661 1942 Licton'bus
682 1892 905 1940 dimissis.
932 1891 1202 1940 Lictoribus
1224 1894 1277 1940 in
1443 1896 1527 1943 13.
1557 1892 1969 1942 Thessalonicam.
1985 1892 2298 1939 Macedoniae
2319 1907 2407 1958 op-

252 1974 386 2023 Urbe
406 1990 508 2022 uon
530 1972 789 2021 utebantur
815 1982 1101 2035 quaestores,
1130 1982 1187 2018 ut
1210 1970 1281 2019 ait

256 2054 459 2113 Gellius,
472 2053 559 2101 lib.
574 2052 717 2109 1111,
738 2066 847 2115 cap.
868 2066 915 2107 a.
942 2050 997 2099 in
1022 2046 1276 2115 provincia

250 2148 335 2181 eos
358 2132 539 2183 habere
562 2131 729 2193 licuit,
756 2130 894 2195 quod
918 2130 1000 2179 hic
1028 2130 1165 2187 loeus
1192 2129 1278 2181 de-

252 2211 399 2259 clarat
410 2228 425 2272 ς
440 2214 521 2260 eni
536 2210 787 2276 suffragari
800 2208 1026 2261 videntur
1038 2206 1120 2255 illa
1130 2207 1277 2255 verba

252 2291 316 2340 ad
342 2291 663 2356 Cornificium
690 2305 705 2340 :
741 2313 767 2337 «ε
784 2289 906 2339 illud
935 2305 1039 2336 nou
1072 2287 1279 2350 nimium

250 2371 437 2436 probe,
472 2371 609 2438 quod
645 2368 849 2428 scribis,
876 2384 978 2432 qpo
1011 2365 1083 2419 illi
1115 2367 1279 2432 animo

250 2452 464 2515 aequiore
495 2451 706 2510 ferrent,
734 2458 781 2494 te
808 2447 904 2495 tuis
936 2447 1077 2494 etiam
1109 2447 1278 2511 legatis

248 2527 447 2576 lictores
476 2528 709 2574 ademisse
728 2549 767 2574 u.
801 2525 927 2582 Nam
953 2527 993 2574 si
1018 2525 1188 2588 legatis
1203 2525 1277 2571 Ἰἰ-

252 2617 413 2656 ctores
443 2606 755 2662 tribuuntur,
792 2619 819 2650 ιι
844 2605 1037 2652 fortiori
1063 2615 1277 2667 qnoesto·

250 2686 386 2734 ribus
419 2684 607 2732 honore
640 2683 993 2749 praestantibus.
1028 2672 1115 2731 Est
1148 2683 1279 2730 enim

246 2766 434 2829 legatus
462 2765 585 2810 iufra
612 2773 931 2826 quaestorem3
967 2774 1022 2810 ut
1049 2764 1100 2810 in
1126 2763 1270 2826 epist.

249 2845 311 2894 ad
328 2845 399 2893 Μ.
418 2842 652 2902 Coelium,
676 2852 725 2888 et
742 2840 805 2908 ad
822 2841 1099 2892 Thermum.

326 2940 403 2973 ιο.
456 2921 729 2989 Insae'gm’bus
782 2919 997 2986 abjectis.
1052 2919 1111 2966 Id
1164 2931 1236 2968 est
1252 2956 1269 2978 ,

250 3001 506 3069 quaestoris
541 3001 853 3052 ornamentis.
891 3025 953 3039 ·--
986 2999 1131 3046 Veste
1164 3015 1271 3046 mu-

250 3096 371 3132 tata.
394 3083 512 3132 soil.
535 3078 754 3145 deposita
772 3088 1024 3143 praetexta.

326 3180 344 3210 ι
365 3177 406 3210 1.
456 3163 617 3228 Qatnu
659 3158 939 3221 complexus
986 3167 1073 3207 ese.
1124 3159 1273 3208 Deest

251 3257 398 3306 quum
426 3241 479 3286 in
500 3241 673 3288 Bavar.
712 3237 890 3284 Aldina
926 3247 976 3283 et
1004 3235 1272 3304 compium·-

245 3319 368 3380 bus;
396 3319 483 3366 sed
512 3328 640 3369 recte
684 3317 739 3364 in
776 3314 960 3364 Erfurt.
983 3316 1034 3361 iu
1056 3315 1273 3380 quinque

246 3399 464 3448 Britann.
482 3397 685 3460 aliisque
704 3393 861 3444 adest.

324 3495 405 3528 12.
436 3481 483 3526 0
508 3492 607 3523 rem
627 3491 777 3539 quum
796 3473 969 3522 auditu
995 3473 1239 3521 crudelem
1255 3508 1269 3533 ,

252 3572 353 3608 tum
382 3558 493 3606 visu
529 3554 771 3620 affut-iam
803 3559 825 3602 .’
867 3551 1124 3602 Sehiitzius
1165 3554 1271 3601 haee

250 3639 407 3687 credit
444 3635 804 3701 interpolatae
778 3647 828 3683 et
876 3634 1047 3682 melius
1085 3633 1268 3685 abesse.

246 3716 497 3768 Ernestins
523 3716 593 3763 sie
620 3713 907 3761 adnotavit:
938 3729 1027 3760 cur
1050 3713 1142 3759 bos
1167 3729 1269 3760 am·

242 3795 445 3887 plexus,
469 3793 555 3841 has
578 3793 815 3856 lacrymas
834 3807 936 3838 rem
961 3787 1201 3837 crudelem
1221 3803 1269 3838 et

240 3874 472 3923 nefariam
490 3871 734 3936 appellat?
754 3869 945 3934 Nempe
962 3885 1067 3917 non
1084 3885 1173 3932 per
1192 3885 1269 3930 se,

240 3954 329 4002 sed
356 3953 422 4000 ob
450 3967 670 4011 eausam,
704 3966 814 4012 quae
851 3959 952 3996 erat
984 3949 1194 3996 crudelis
1220 3960 1271 3997 et

243 4032 449 4098 nessi-iu
466 4029 637 4094 quod·
622 4047 673 4078 m
695 4045 773 4076 eas
787 4028 1003 4076 miserias
1020 4029 1270 4089 conjectus

1366 1972 1566 2039 pidum,
1589 1972 1652 2019 ad
1675 1972 1833 2019 sinum
1855 1970 2215 2021 'lmen-micum.

1444 2069 1464 2098 1
1473 2058 1504 2107 4
1513 2084 1526 2100 .
1541 2054 1604 2099 In
1617 2050 2046 2115 questos-imaque.
2063 2050 2126 2101 Id
2136 2061 2227 2107 est,
2239 2050 2404 2114 hospi-

1367 2132 1490 2191 tium
1505 2132 1786 2194 quantor-is,
1803 2130 2004 2195 proprie
2021 2129 2294 2177 secundum
2313 2146 2399 2176 vo-

1367 2207 1594 2257 cabulum
1631 2210 1936 2274 magistratus
1971 2210 2114 2254 etiam
2151 2206 2266 2255 loco
2303 2208 2398 2273 ipsi

1365 2305 1549 2338 nomen
1579 2289 1730 2337 dedit.
1769 2289 1916 2338 Nune
1945 2299 2111 2335 autem
2151 2289 2314 2336 omnia
2345 2291 2400 2335 in

1367 2367 1546 2434 ciuibus
1565 2369 1709 2416 varie
1729 2366 1979 2431 dignitatis
1999 2367 2234 2432 praesides
2258 2367 2398 2414 habi-

1366 2459 1471 2503 tent
1483 2485 1497 2510 ,
1515 2448 1744 2512 praetoria
1763 2447 2093 2494 nominantur.
2115 2449 2394 2509 Quaestooes

1365 2526 1595 2577 nimirum
1646 2526 1896 2590 propriam
1955 2526 2032 2574 sui
2086 2529 2394 2591 magistratus

1335 2605 1567 2654 ‘dotnnm
1607 2607 1662 2652 iu
1711 2605 1980 2670 provinciis
2021 2602 2297 2664 habebant,
2339 2616 2396 2656 nt

1369 2684 1512 2732 etiam
1540 2701 1600 2732 ex
1623 2685 1763 2731 Livio
1788 2694 1995 2732 constat.
2025 2685 2093 2731 Ea
2113 2699 2231 2732 vero
2259 2701 2394 2748 quse-

1363 2763 1566 2812 scon'eem
1579 2798 1595 2823 ,
1624 2761 1782 2810 donee
1809 2763 2123 2827 provincialis
2151 2776 2392 2827 quaestura

1363 2841 1564 2902 musit,
1613 2853 1688 2889 est
1727 2841 1984 2906 appellata.
2027 2843 2392 2890 Provinciarum

1361 2921 1594 2985 presides
1631 2937 1896 2985 numquam
1931 2920 2140 2978 sublati;
2177 2921 2263 2970 sed
2303 2922 2391 2970 snb

1361 3000 1736 3063 imperatoribus
1763 3000 1960 3048 nomina
1993 3017 2160 3048 eorum
2177 3037 2192 3062 ,
2229 3001 2390 3066 digni-

1363 3085 1484 3127 tates
1499 3113 1514 3137 ,
1541 3089 1900 3146 potestatesque
1925 3079 2228 3129 immutatae:
2249 3081 2392 3145 legati

1363 3167 1416 3205 et
1452 3158 1670 3221 praefeeti
1694 3158 1985 3223 Augustales
2000 3196 2015 3221 ,
2045 3172 2390 3224 procuratores

1363 3235 1564 3286 Caesaris
1576 3273 1590 3296 ‚
1609 3237 1908 3297 consulares,
1927 3249 2248 3300 eor-rectores,
2265 3239 2390 3286 aliis·

1363 3332 1458 3380 que
1483 3315 1764 3364 nominibus
1791 3316 2179 3380 appellabantur,
2211 3329 2388 3381 praeto·

1362 3396 1488 3442 rium
1535 3411 1715 3443 nomen
1763 3394 2008 3442 obsolevit
2052 3411 2222 3444 eorum
2241 3434 2257 3457 ,
2307 3401 2386 3462 qni

1362 3474 1639 3538 provincias
1665 3471 1926 3536 regebaut3
1953 3473 2078 3522 illud
2104 3488 2269 3524 autem
2297 3477 2385 3523 do-

1359 3567 1491 3609 mus,
1527 3553 1581 3600 in
1611 3552 1790 3616 quibus
1829 3551 2061 3616 praesides
2093 3555 2384 3618 quicumque

1359 3629 1631 3678 habitarent
1651 3665 1665 3690 ,
1721 3646 1827 3678 nou
1878 3631 2165 3682 amiserunt.
2231 3635 2386 3682 Immo

1348 3710 1593 3774 pra-toria
1626 3709 1754 3758 dieta
1793 3718 1906 3756 snut
1939 3709 2210 3774 aliquando
2245 3714 2382 3760 etiam

1357 3789 1465 3837 loca
1497 3790 1596 3852 juri
1627 3787 1838 3837 dicendo
1875 3788 2074 3852 publice
2105 3793 2382 3841 constituta.

1357 3871 1434 3916 De
1476 3869 1654 3932 quibus
1681 3868 1958 3918 Perizonius
1978 3903 1993 3928 ,
2025 3886 2137 3934 pag.
2166 3871 2232 3918 63
2285 3873 2384 3933 ejus

1357 3948 1471 3996 libri
1489 3985 1506 4012 ,
1548 3965 1650 4012 quo
1684 3949 1745 3997 de
1779 3949 2013 4017 praetorio,
2033 3947 2382 4016 'copiosissime

1359 4027 1599 4094 disseruit.
