2594 4537
624 284 1009 354 ORATIO
1057 286 1258 354 PRO
1306 288 1725 357 ARCHIA.
2106 280 2233 386 i17

127 416 274 473 tum
312 400 764 491 duxerimus,
802 404 1180 478 nobiscum
1217 408 1431 480 simul
1474 412 1827 480 moritura
1862 414 2104 482 omnia
2132 436 2238 485 ar-

129 510 519 585 bitremur?
560 518 715 601 An,
770 538 999 611 quum
1040 531 1307 588 statuas
1347 533 1421 590 et
1456 518 1839 615 imagines,
1888 543 2041 589 non
2085 506 2239 591 ani-

129 646 408 694 morum
487 624 864 697 simulacra
943 622 1070 696 sed
1137 612 1525 725 corporum
1555 681 1574 716 ,
1650 626 1972 699 studiose
2033 630 2243 699 multi

133 736 384 804 summi
404 733 736 807 homines
759 734 1213 832 reliquerunt
1235 748 1323 826 ¹⁰,
1346 736 1811 808 consiliorum
1833 736 2240 834 relinquere

130 866 206 913 ac
241 848 594 917 virtutum
640 860 1046 918 nostrarum
1101 835 1415 946 effigiem
1460 872 1609 918 non
1635 855 1689 890 ¹¹
1744 846 1979 917 multo
2029 846 2241 917 malle

129 950 470 1026 debemus
491 1010 514 1045 ‚
561 960 860 1029 summis
904 960 1214 1055 ingeniis
1236 968 1300 1003 ¹²
1350 980 1753 1057 expressam
1793 971 1867 1027 et
1899 948 2241 1055 politam?

129 1065 270 1159 Ego
305 1088 482 1135 vero
524 1068 808 1155 omnia,
850 1091 1010 1164 quae
1039 1065 1375 1164 gerebam
1401 1121 1420 1156 ,
1442 1069 1591 1164 jam
1623 1081 1780 1137 tum
1814 1067 1888 1137 in
1922 1064 2241 1163 gerendo

131 1194 448 1272 spargere
491 1199 610 1247 me
643 1199 727 1246 ac
765 1175 1226 1251 disseminare
1265 1176 1662 1250 arbitrabar
1690 1178 1768 1245 in
1794 1174 1993 1247 orbis
2035 1191 2241 1247 terrae

133 1286 542 1356 memoriam
579 1287 1104 1385 sempiternam.
1127 1294 1294 1359 Haec
1327 1312 1505 1359 vero
1549 1290 1695 1361 sive
1732 1312 1773 1356 a
1815 1310 1979 1357 meo
2027 1282 2242 1358 sensu

133 1408 286 1487 post
339 1410 650 1473 mortem
706 1394 1045 1468 abfutura
1101 1413 1208 1471 est
1239 1395 1327 1486 ¹³,
1386 1402 1532 1469 sive
1552 1451 1572 1486 ,
1616 1410 1699 1467 ut
1736 1397 2239 1495 'sapientissimi

133 1498 454 1579 homines
509 1510 1050 1604 putaverunt¹4‚
1105 1506 1198 1579 ad
1253 1507 1567 1605 aliquam
1624 1508 1845 1577 animi
1888 1509 2031 1577 mei
2076 1530 2237 1604 par-

135 1626 270 1683 tem
293 1612 352 1657 ¹⁵
413 1615 808 1714 pertinebit
838 1672 858 1705 ,
921 1643 1119 1690 nunc
1181 1609 1481 1716 quidem
1555 1630 1745 1687 certe
1810 1618 2239 1713 cogitatione

136 1722 430 1819 quadam
474 1750 750 1824 speque
798 1727 1140 1815 delector..

223 1840 370 1906 ΧΠ.
414 1839 659 1928 Quare
697 1854 1110 1912 conservate
1131 1893 1151 1926 ‚
1182 1840 1462 1936 judices
1487 1893 1506 1926 ‚
1544 1838 1917 1909 hominem
1961 1836 2239 1934 pudore

139 1968 217 2015 eo
237 1955 290 2033 ¹,
323 1971 546 2043 quem
575 1951 1019 2021 amicorum²
1057 1948 1315 2035 videtis
1350 1946 1807 2046 comprobari
1838 1960 1994 2017 tum
2026 1945 2249 2042 digui-

141 2066 310 2143 tate‚
359 2070 521 2127 tum
581 2059 794 2129 etiam
857 2054 1293 2147 vetustate33
1359 2059 1647 2155 ingenio
1704 2070 1946 2126 autem
2004 2068 2239 2139 tante,

141 2179 479 2259 quantum
523 2166 594 2238 id
639 2169 976 2239 convenit
1024 2167 1458 2252 existimari,
1518 2162 1719 2261 quod
1790 2186 2240 2234 summorum

141 2271 506 2348 hominum
535 2279 834 2377 ingeniis
859 2281 1251 2377 expetitum
1283 2301 1439 2350 esse
1468 2274 1799 2362 videatis3
1832 2296 2041 2359 causa
2068 2296 2239 2343 vero

143 2387 476 2479 ejusmodi
502 2444 520 2476 ,
557 2414 718 2486 quae
745 2385 1102 2462 beneficio
1135 2391 1309 2486 legis
1328 2443 1349 2475 ‚
1376 2387 1802 2459 auctoritate
1830 2384 2241 2479 municipii,

143 2497 535 2568 testimonio
561 2499 878 2586 Luculli,
915 2498 1180 2571 tabulis
1205 2497 1477 2569 Metelli
1503 2492 2039 2594 comprobetur.
2060 2494 2239 2583 Quae

143 2627 352 2700 quum
390 2608 489 2679 ita
529 2610 713 2698 sint,
748 2603 1064 2707 petimus
1092 2634 1133 2680 a
1161 2606 1407 2695 vobi3‚
1428 2605 1737 2702 judices,
1775 2607 1834 2676 si
1867 2608 2055 2700 qua‘*
2083 2627 2239 2674 non

215 2841 285 2876 to.
303 2832 544 2882 Studiose.
564 2869 578 2880 .
601 2868 614 2880 .
637 2834 948 2901 reliquerunt.
974 2834 1141 2884 Relin-

145 2919 280 2967 quere
309 2909 598 2963 smduerint.
637 2913 720 2961 Sic
772 2913 916 2963 MSS.
947 2915 1137 2962 Emest.

147 2983 298 3034 maluit
318 2989 614 3055 reliquerint.
638 2993 690 3040 J.
711 2993 775 3039 V.
795 2997 854 3042 L.

211 3079 287 3115 u.
304 3067 382 3116 Al.
409 3087 590 3120 nonne.
612 3074 666 3121 J.
681 3073 747 3119 V.
771 3074 824 3120 L.

211 3159 285 3195 ιο.
319 3149 524 3198 &nmis
557 3149 778 3216 ingeniis.
815 3151 862 3199 A
893 3151 1050 3215 poetis
1088 3161 1137 3198 et

149 3217 366 3276 historicis
382 3244 576 3278 summo
599 3230 796 3295 ingenio
815 3229 1044 3295 preditis.

213 3319 230 3350 ι
241 3305 284 3354 3.
302 3307 558 3370 Abfiaeura
575 3319 664 3357 ese.
685 3309 796 3357 sive
807 3309 962 3357 anima
978 3306 1140 3372 hujus-

150 3394 196 3427 οε
207 3382 367 3446 ςῑοάω
381 3401 487 3435 non
502 3388 596 3435 erit
612 3387 818 3436 conscia.

211 3471 286 3520 ¹4·
319 3463 670 3530 Sapimisst'mi
693 3463 914 3514 homines
931 3477 1139 3531 putave-

152 3553 261 3592 runt.
293 3545 454 3609 Quam
482 3545 763 3610 opinionem
792 3547 1140 3612 praeclarissimi

151 3617 410 3689 philosophi
450 3641 622 3673 omnes
660 3637 775 3674 sunt
813 3625 1053 3690 amplexi,
1073 3639 1140 3696 ‘et

152 3695 239 3761 lpse
261 3703 640 3752 Tusculanarum
668 3705 989 3768 qnaeetionum
1011 3705 1140 3754 libro

153 3777 293 3835 primo
309 3777 627 3831 confirmavit.

217 3852 288 3906 15.
331 3859 504 3908 Animi
549 3859 644 3907 mei
673 3871 887 3924 panem.
939 3863 1050 3910 Sive
1089 3865 1141 3910 in

155 3931 294 3998 aliqua
325 3939 400 3988 sni
433 3949 568 4004 purte
603 3939 694 3987 hac
724 3939 890 4003 gloriae
924 3940 1143 3990 mercede

161 4013 324 4066 mimus
370 4037 502 4072 mem
548 4021 644 4069 frui
693 4024 862 4083 pouit.
924 4025 1144 4072 Muretus

1227 2834 1358 2882 delet
1389 2854 1411 2876 ι
1439 2832 1583 2880 animi
1614 2853 1656 2878 ι.
1690 2834 1833 2879 Hunc
1873 2827 2015 2876 multi
2050 2826 2241 2891 sequuti

1228 2925 1369 2974 sunt3
1389 2913 1605 2979 quamvis
1621 2911 1809 2974 vulgata
1826 2909 1973 2958 lectio
1989 2907 2053 2957 ad
2070 2923 2237 2956 sanum

1227 3010 1420 3044 sensum
1442 2991 1805 3041 accommodata
1825 3005 1926 3037 esse
1946 2986 2182 3036 videatur.

1295 3075 1415 3122 ΧΠ.
1437 3089 1483 3121 1.
1503 3069 1697 3119 Pudore
1713 3085 1785 3115 eo.
1804 3069 1957 3114 Tanta
1972 3065 2241 3122 honestate,

1225 3153 1405 3200 virtute
1420 3188 1437 3215 ‚
1477 3166 1585 3214 quae
1624 3150 1669 3197 ei
1702 3147 1883 3196 amieos
1913 3144 2242 3195 nobilissimos

1227 3229 1523 3279 conciliavit.

1301 3326 1351 3357 a.
1376 3309 1457 3358 Al.
1480 3329 1502 3352 c
1519 3322 1614 3356 am.
1637 3304 1812 3355 studiis
1834 3327 1877 3352 n.
1902 3304 1955 3350 J.
1976 3305 2040 3350 V.
2064 3305 2119 3349 L.

1294 3390 1346 3438 3.
1378 3389 1639 3435 Vetustate.
1676 3383 1756 3434 Ab
1787 3383 1954 3432 amicis
1984 3395 2161 3444 nempe
2184 3381 2237 3426 in

1226 3483 1412 3516 summa
1445 3465 1679 3528 dignitate
1717 3459 1994 3511 constitutis
2022 3469 2071 3506 et
2105 3468 2238 3504 vetn-

1224 3546 1459 3596 otizsimis.
1483 3548 1560 3593 De
1575 3543 1839 3592 amicorum
1858 3547 2093 3588 vetustate
2110 3551 2237 3582 non-

1225 3625 1349 3674 nihil
1368 3626 1468 3687 jam
1492 3636 1595 3671 erat
1620 3622 1803 3672 dietum
1826 3634 1938 3682 etp.
1962 3616 2010 3676 3,
2032 3615 2167 3680 quod
2188 3615 2239 3661 in

1226 3707 1422 3770 epilogo
1458 3703 1728 3752 inculcatur
1755 3697 1992 3764 apposite.
2031 3699 2237 3758 Operam

1227 3783 1543 3850 perdiderunt
1558 3781 1601 3828 -ii
1624 3781 1709 3845 qui
1738 3802 1763 3822 α
1782 3785 2029 3826 venustate
2048 3796 2073 3816 a
2102 3774 2237 3837 quasi

1228 3862 1661 3913 accommodatior-e
1686 3857 1839 3907 verbo
1866 3855 1939 3907 uti
1970 3852 2241 3902 voluerunt.

1300 3953 1350 4000 4.
1389 3942 1441 3990 Si
1464 3957 1581 4007 qua.
1608 3935 2015 4003 Quandoquidem
2040 3932 2243 3982 Archias

1229 4025 1300 4081 is,
1329 4023 1415 4086 qui
1436 4037 1553 4078 voe,
1582 4021 1668 4084 qui
1692 4029 1876 4068 vestros
1904 4017 2239 4092 imperatores,
