2594 4537
273 251 419 334 424
919 254 1016 318 Μ.
1067 255 1146 319 Τ.
1199 253 1781 322 CICERONIS

275 395 499 468 quem
545 371 620 440 in
667 395 1054 441 numerum
1110 396 1200 442 ex
1259 372 1511 444 multis
1560 373 1835 445 Clodiis
1882 398 2103 446 nemo
2150 401 2429 448 nomen

275 480 518 568 dedit,
553 482 694 552 nisi
717 494 844 552 aut
873 497 1223 578 egestate,
1247 497 1377 552 aut
1404 485 1675 554 scelere
1706 484 2057 582 perditus.

367 597 586 664 XLV.
611 597 814 663 Hanc
827 617 986 678 vos,
1009 593 1391 689 pontifices
1410 649 1429 682 ,
1456 609 1603 664 tam
1636 597 1903 664 variam
1920 649 1941 680 ,
1986 612 2133 665 tam
2156 621 2426 666 novam

271 705 346 774 in
375 705 578 774 omni
605 727 872 800 genere
898 703 1343 776 voluntatem
1366 759 1385 792 ,
1412 705 1941 801 impudentiam
1962 761 1983 794 ,
2008 705 2425 794 audaciam,

273 813 744 911 cupiditatem
779 804 1401 911 comprobabitis?

371 921 737 1010 Pontifex,
776 928 1050 1022 inquit,
1069 925 1278 998 affuit
1301 938 1349 996 ¹.
1374 932 1539 1000 Non
1570 945 1643 999 te
1670 928 1929 1026 pudet,
1957 952 2193 1025 quum
2230 926 2429 1026 apud

273 1033 658 1134 pontifices
713 1061 830 1107 res
885 1051 1178 1134 agatur,
1226 1041 1651 1137 pontificem
1678 1038 1959 1124 dicere,
1994 1065 2145 1109 non
2205 1040 2431 1110 colle-

269 1147 470 1245 gium
511 1147 941 1244 pontificum
983 1147 1322 1220 affuisse:
1365 1154 1757 1250 praesertim
1802 1176 2033 1248 quum
2079 1150 2429 1221 tribunus

271 1257 506 1356 plebis
533 1313 552 1346 ,
591 1258 706 1329 vel
757 1257 1188 1332 denuntiare
1245 1267 1611 1359 potueriS,
1646 1264 1758 1335 vel
1798 1265 2017 1334 etiam
2058 1261 2429 1360 cogere²?

267 1373 484 1442 Esto:
511 1369 898 1469 collegium
930 1395 1078 1440 non
1107 1369 1544 1445 adhibuisti:
1570 1371 1751 1471 quid
1770 1373 1799 1442 Ξ)
1818 1371 1907 1444 de
1927 1371 2241 1468 collegio
2264 1373 2425 1467 quis

271 1479 562 1552 tandem
587 1479 852 1568 affuit?
887 1483 1234 1574 Posuerat
1267 1488 1467 1554 enim
1506 1485 2011 1556 auctoritatem
2054 1483 2133 1552 in
2157 1478 2187 1524 3
2222 1507 2377 1552 uno
2406 1509 2421 1549 τ

267 1615 432 1688 quae
459 1606 566 1662 est
601 1592 674 1660 in
715 1590 825 1660 his
869 1588 1242 1678 omnibus;
1281 1593 1407 1664 sed
1456 1610 1697 1665 tamen
1745 1609 1961 1689 auget
1996 1607 2069 1663 et
2104 1607 2315 1680 aetaS,
2356 1607 2425 1663 et

271 1701 512 1772 honos
557 1699 1004 1796 dignitatem.
1071 1706 1280 1798 Opus
1334 1719 1488 1774 erat
1542 1706 1757 1775 etiam
1802 1706 2103 1774 scientia
2144 1730 2161 1771 :
2204 1728 2419 1799 quam

271 1815 401 1882 etsi
439 1835 695 1881 omnes
747 1815 1182 1908 consequuti
1229 1829 1447 1901 sunt,
1500 1831 1744 1885 tamen
1798 1829 1995 1886 certe
2045 1817 2422 1912 peritiores

269 1936 588 1993 vetustas
627 1918 815 1993 facit.
847 1923 1030 2011 Quis
1059 1949 1234 2020 ergo
1262 1923 1517 1995 affuit?
1546 1925 2085 2021 Frater,inquit
2118 1979 2139 2010 ,
2176 1927 2421 1994 uxoris

265 2057 444 2103 meae
460 2037 509 2102 ⁴.
538 2033 610 2102 Si
635 2035 1136 2103 auctoritatem
1173 2040 1595 2130 quaerimus,
1624 2037 1755 2106 etsi
1796 2035 1871 2104 id
1902 2050 2009 2105 est
2039 2037 2307 2122 aetatis,
2348 2049 2421 2104 ut

271 2141 604 2214 nondum
649 2155 1151 2241 consequutus
1178 2145 1323 2234 sit;
1366 2160 1608 2215 tamen
1657 2158 1931 2241 quanta
1975 2158 2082 2216 est
2126 2145 2205 2213 in
2248 2143 2418 2214 ado-

335 2326 488 2373 XLV.
521 2341 566 2373 1.
599 2324 835 2385 Pontifex
864 2322 1033 2387 afficit.
1072 2328 1142 2374 Ut
1168 2326 1295 2374 sole·

266 2421 430 2452 mnem
449 2404 777 2452 dedicationis
795 2402 1052 2450 formulam
1075 2406 1301 2467 praeiret:

267 2485 436 2549 posito
477 2481 675 2540 foculo,
717 2498 818 2545 qno
861 2498 970 2529 ares
1005 2474 1088 2530 illa
1129 2498 1300 2531 conse·

265 2563 510 2611 orabatur.
541 2560 669 2608 Vide
695 2560 907 2609 Guther.
933 2561 994 2608 de
1021 2564 1054 2609 J
1057 2578 1142 2609 ure
1170 2564 1299 2609 Pon·

269 2640 389 2689 tiflc.
405 2641 494 2689 lib.
513 2642 617 2697 111,
647 2655 754 2704 cap.
787 2654 868 2689 rt.

339 2736 388 2770 a.
451 2720 650 2783 Cogere.
714 2722 950 2783 Quamvis
983 2722 1300 2775 ἀνυπεύθυνοι

267 2818 292 2848 s
322 2798 566 2862 Dionysio
593 2798 819 2847 dicantur
855 2802 1130 2850 sacerdotes
1148 2838 1162 2861 ,
1195 2804 1299 2850 veri

265 2879 567 2927 simillimum
621 2878 816 2927 videtur
885 2881 954 2927 eis
1005 2898 1033 2928 a
1087 2882 1297 2930 tribunis

269 2958 426 3023 plebis
465 2960 560 3005 vim
597 2958 816 3006 adhiberi
855 2962 1070 3025 potuisse
1089 2996 1103 3019 ,
1144 2978 1296 3024 quum

267 3038 535 3103 praesertim
571 3039 932 3102 magistratibus
967 3041 1027 3086 iis
1064 3052 1297 3104 praetores

267 3119 402 3183 ipsos
450 3118 502 3165 in
549 3118 742 3166 vincula
782 3118 996 3166 ducendi
1035 3121 1118 3179 jus
1156 3131 1296 3167 esset.

265 3198 385 3246 Alio
442 3214 588 3246 sensu
635 3198 868 3262 intelligit
913 3199 1188 3259 Gesnerus‚
1242 3212 1301 3248 ut

265 3293 440 3341 cogere
465 3278 594 3325 idem
631 3290 773 3326 sonet
805 3295 862 3326 ac
895 3280 1093 3327 nomine
1123 3280 1299 3343 populi

259 3358 435 3419 jubere
465 3370 518 3405 ut
548 3358 844 3417 conveniat,
886 3358 1303 3423 quemadmodum

268 3436 466 3501 cogitur
493 3447 701 3485 senatus.

340 3518 388 3565 3.
418 3518 479 3563 In
507 3533 622 3565 uno.
645 3520 841 3566 Putavit
864 3520 935 3565 vel
963 3520 1013 3564 in
1046 3535 1146 3566 nno
1173 3532 1303 3582 pon-

261 3594 393 3643 tifice
419 3596 639 3644 eamdem
663 3598 1008 3645 auctoritatem
1030 3614 1131 3645 esse
1149 3632 1162 3656 ,
1193 3612 1305 3661 quae

266 3686 338 3722 est
361 3675 412 3721 in
437 3676 665 3723 universo
693 3676 921 3739 collegio.

337 3762 388 3811 4.
422 3755 605 3803 Uxoris
633 3758 934 3804 meavit-os
960 3756 1138 3805 doctos
1166 3771 1303 3802 com·

261 3833 427 3897 plures
453 3835 535 3881 hie
566 3835 706 3883 locus
745 3837 796 3883 in
835 3850 1050 3883 errorem
1079 3834 1295 3884 induxit.

255 3911 480 3975 I’ighium
511 3930 568 3960 eo
589 3913 704 3961 loco
725 3913 956 3961 refutavit
979 3914 1296 3961 Perizomus:

260 4000 374 4038 ante
397 4005 543 4053 quem
571 4001 732 4039 tamen
753 3994 808 4041 1..
829 3992 1080 4039 Pinarium
1095 3992 1294 4041 Nattam

1388 2326 1676 2391 significari,
1706 2326 1879 2373 iisdem
1902 2326 2093 2374 collatis
2112 2325 2266 2386 locis,
2302 2326 2414 2372 inira

1390 2422 1501 2469 cap.
1528 2408 1592 2453 52
1618 2439 1634 2464 ,
1664 2417 1711 2453 et
1734 2422 1826 2469 pro
1856 2406 1987 2453 Mur.
2010 2406 2103 2466 35,
2146 2404 2415 2453 ostenderat

1390 2486 1581 2549 egregie
1602 2486 1878 2533 Manutius.
1906 2484 1989 2532 Ab
2020 2483 2118 2531 hoe
2142 2486 2195 2531 in
2228 2500 2289 2533 eo
2314 2496 2411 2532 tan·

1393 2577 1497 2613 tum
1547 2564 1785 2621 discedit,
1842 2566 2043 2613 Graevio
2100 2566 2415 2621 assentiente,

1392 2644 1707 2704 Perizonius,
1742 2644 1883 2707 qnod
1917 2655 2031 2691 ante
2060 2644 2283 2691 Fulviam
2310 2644 2411 2691 Clo·

1390 2724 1476 2772 dio
1520 2735 1661 2788 putat
1707 2740 1911 2772 uxorem
1958 2724 2107 2770 fuisse
2152 2725 2412 2780 Pinarium
2454 2776 2463 2785 ,

1388 2802 1537 2867 idque
1557 2816 1785 2852 constare
1813 2804 1881 2852 ait
1902 2820 1961 2851 ex
1986 2802 2079 2851 hnc
2102 2806 2349 2861 oratione;
2368 2805 2412 2850 in

1388 2900 1484 2946 qua
1512 2897 1672 2932 tamen
1709 2884 1830 2931 nihil
1864 2884 2035 2945 video,
2066 2884 2205 2947 qnod
2242 2886 2412 2931 Manu·

1390 2964 1513 3011 tium
1564 2964 1745 3020 refutet
1775 2996 1791 3021 ,
1842 2965 1923 3010 cui
1984 2964 2211 3011 Pinarius
2272 2964 2413 3027 ipsius

1389 3042 1571 3089 Fulviae
1592 3043 1742 3089 irater
1770 3057 1871 3089 non
1901 3058 2159 3104 germanus
2180 3054 2256 3090 est
2272 3045 2409 3089 visus.

1389 3122 1641 3168 Norisium
1671 3122 1821 3169 miror
1846 3122 2122 3170 existimare
2142 3140 2257 3170 cnm
2277 3123 2413 3170 Glsn-
2451 3154 2459 3162 -

1390 3200 1569 3264 dorpio
1631 3202 1850 3264 potuisse
1871 3236 1886 3259 ,
1946 3202 2029 3249 bic
2090 3204 2144 3249 L.
2204 3202 2413 3249 Fulvium

1390 3280 1587 3327 Nattam
1612 3280 1846 3343 intelligi,
1877 3280 2008 3328 nulla
2038 3298 2101 3328 ex
2131 3282 2413 3345 cognomine

1392 3358 1702 3406 dubitatione
1726 3358 1923 3406 suborta
1940 3394 1955 3417 ‚
1974 3362 2095 3407 Cen.
2121 3361 2283 3408 Pisan.
2306 3364 2346 3418 1,
2372 3356 2412 3407 5.

1392 3438 1673 3486 manutium
1711 3440 1753 3486 is
1799 3454 1901 3485 non
1948 3440 2233 3487 consuluit:
2280 3456 2411 3504 quem

1394 3528 1556 3563 tamen
1602 3532 1703 3564 non
1744 3516 1873 3565 vidit
1912 3517 2101 3577 modo,
2150 3518 2237 3565 sed
2279 3518 2411 3565 etiam
2487 3538 2495 3549 ·

1392 3594 1609 3643 refellere
1647 3609 1856 3645 conatus
1885 3609 1956 3645 est
1989 3598 2293 3645 Corradinns
2325 3610 2411 3647 ret.

1390 3678 1497 3723 Lat.
1526 3676 1657 3738 prof.
1697 3678 1775 3735 11,
1824 3692 1852 3723 2
1870 3692 1915 3737 ι,
1950 3676 2016 3725 ad
2045 3677 2207 3740 Pighii
2234 3678 2413 3725 somnia

1394 3754 1632 3803 relabens.
1648 3756 1749 3817 Qui
1770 3756 1931 3803 Nattae
1958 3772 2233 3820 cognomen
2254 3756 2407 3812 hahet,

1388 3843 1437 3879 et
1456 3833 1597 3894 cujus
1614 3834 1821 3894 maiores
1843 3834 1906 3882 sb
1928 3835 2041 3899 ipsp
2058 3835 2273 3883 Hercule
2288 3852 2409 3883 saci-s

1390 3910 1666 3962 didicerunt
1686 3949 1701 3974 ,
1724 3914 1849 3963 alius
1864 3951 1878 3974 ‚
1906 3932 2053 3980 quam
2074 3916 2294 3964 Pinarius
2318 3932 2409 3963 esse

1386 4006 1487 4039 non
1524 4002 1705 4055 potest.
1746 3992 1957 4041 Accedit
2001 3994 2155 4043 Servii
2195 3994 2407 4042 testimo-
