2594 4537
672 241 1068 308 ORATIO
1115 241 1325 308 PRO
1374 240 1690 310 DOMO
1742 240 1956 308 SUA.
2236 241 2383 326 423

223 384 556 432 mearum
613 357 896 432 decima
941 359 1034 432 ad
1081 360 1319 432 Catuli
1372 360 1737 458 porticum
1774 360 2065 432 accessit
2106 389 2123 432 ε
2170 387 2384 436 causa

223 470 360 542 fuit
381 469 414 516 ⁶
459 469 892 556 ambulatio,
931 485 1007 543 et
1040 485 1610 542 monumentum
1634 525 1655 558 ,
1692 485 1767 542 et
1799 473 1935 550 ista
1966 475 2383 570 Tanagraea,

223 606 574 681 oppressa
619 579 992 670 libertate,
1021 580 1371 654 Libertas,
1419 585 1505 652 In
1550 580 1853 670 Palatio,
1888 581 2380 679 pulcherrimo

222 708 623 792 prospectu
642 749 662 782 ‚
701 695 1064 791 porticum
1100 717 1266 766 cum
1314 692 1783 766 conclavibus
1813 696 2371 792 pavimentatam

221 819 634 876 trecentum
663 804 936 903 pedum
965 807 1473 902 concupierat,
1508 802 2029 903 amplissimum
2079 805 2379 902 peristy-

217 915 433 1004 lum3
493 929 732 988 cetera
778 913 1174 1012 ejusmodi,
1231 913 1437 986 facile
1502 929 1586 986 ut
1632 915 1963 986 omnium
2012 912 2273 988 domos
2307 931 2378 987 et

219 1025 554 1116 laxitate,
589 1041 662 1098 et
700 1027 1048 1125 dignitate
1095 1041 1495 1126 superaret.
1554 1032 1645 1098 Et
1693 1027 1917 1099 homo
1959 1026 2341 1125 religiosus
2360 1082 2379 1117 ‚

219 1159 458 1232 quum
505 1135 692 1208 aedes
737 1161 934 1210 meas
969 1135 1164 1212 idem
1207 1152 1523 1225 emeret,
1568 1153 1641 1210 et
1684 1138 2031 1210 venderet
2066 1166 2083 1208 ε
2133 1153 2375 1212 tamen

217 1245 360 1316 illis
396 1249 616 1318 tantis
649 1247 1017 1320 tenebris⁷
1067 1273 1222 1320 non
1260 1262 1369 1322 est
1410 1273 1627 1320 ausus
1663 1273 1877 1321 suum
1912 1273 2185 1320 nomen
2222 1273 2375 1322 em·

217 1358 458 1453 ptioni
489 1356 594 1429 illi
621 1357 1071 1448 adscribere3
1136 1362 1383 1458 posuit,
1411 1359 1683 1432 scilicet
1716 1362 2095 1432 Scatonem
2137 1357 2373 1448 illum,

217 1467 594 1539 hominem
633 1493 766 1540 sua
805 1473 1073 1542 virtute
1113 1464 1527 1567 egentem⁸‚
1565 1487 1647 1542 ut
1685 1471 1781 1558 is,
1816 1470 2047 1567 quiin
2077 1469 2332 1540 Marsis
2354 1521 2374 1554 ‚

215 1577 348 1650 ubi
377 1595 590 1651 natus
617 1595 762 1668 est,
798 1595 1108 1668 tectum,
1125 1607 1280 1679 quo
1306 1581 1559 1654 imbris
1582 1579 1857 1654 vitandi
1884 1603 2097 1652 causa
2126 1601 2372 1650 succe-

169 1731 174 1734 ·
213 1686 458 1778 der‘et,
493 1690 778 1762 nullum
825 1690 1164 1780 haberet,
1213 1691 1403 1764 aedes
1444 1693 1518 1762 in
1566 1693 1834 1764 Palatio
1889 1689 2371 1763 nobilissimas

213 1804 476 1872 emisse
505 1825 582 1872 se
617 1800 908 1874 diceret.
943 1800 1371 1876 Inferiorem
1400 1803 1663 1874 aedium
1688 1819 1965 1901 partem
1984 1801 2371 1900 assignavit

212 1936 366 1982 non
411 1937 558 1983 suae
593 1915 796 2010 genti
845 1915 1194 2004 Fonteiae,
1239 1914 1369 1986 sed
1404 1915 1711 2003 Clodiae,
1750 1938 1969 2011 quam
2020 1914 2363 2011 reliquit:

210 2205 360 2254 debat
376 2239 392 2264 ,
438 2217 486 2254 et
544 2208 684 2268 cujus
731 2207 1011 2256 inferiorem
1056 2219 1242 2273 partem

209 2286 348 2353 genti
385 2302 486 2335 suae
528 2287 718 2339 Clodiae
765 2289 1092 2352 assignaverat
1111 2323 1126 2349 ,
1179 2288 1242 2336 ab

209 2365 350 2413 omni
387 2366 624 2430 religione
666 2384 818 2416 vacua
859 2379 963 2417 erat
980 2402 996 2426 ,
1042 2380 1094 2417 et
1136 2368 1240 2416 sine

207 2446 544 2495 controversia
571 2447 897 2497 restituendat
930 2448 1150 2513 adeoque
1171 2448 1240 2495 sic

205 2527 527 2590 prosequitur
559 2528 762 2577 Cicero:
808 2551 834 2571 α
852 2544 994 2577 causa
1018 2528 1112 2576 suit
1139 2544 1240 2575 am-

203 2602 430 2665 bulatio,
461 2616 592 2655 etc.»
623 2607 852 2670 Nullam,
897 2608 1092 2672 inquit,
1129 2607 1240 2655 reli-

205 2685 406 2747 gionem
439 2687 494 2736 P.
521 2686 729 2737 Clodius
755 2688 1085 2751 excogitavit;
1111 2702 1239 2735 meas

201 2762 290 2811 ille
317 2765 446 2813 ades
469 2782 713 2831 occupare
741 2768 914 2825 voluit,
927 2784 1104 2830 easque
1122 2782 1235 2814 cnm

203 2845 382 2907 Seiana
438 2846 588 2894 domo
641 2848 974 2911 conjungere3
1029 2847 1242 2911 aliquam

203 2936 370 2974 tamen
411 2938 598 2991 partem
642 2926 839 2975 addidit
880 2927 944 2976 ad
991 2928 1238 2991 porticum

203 3005 374 3054 Catuli
398 3004 520 3055 duas
548 3006 615 3053 ob
643 3022 843 3067 causas,
885 3018 988 3055 tum
1035 3019 1092 3055 ut
1133 3024 1240 3055 mea

202 3086 352 3133 etiam
383 3084 558 3134 domus
583 3086 834 3137 videretur
853 3087 1088 3136 Libet-tati
1109 3088 1242 3137 dedi-

199 3176 312 3213 cata
325 3200 338 3225 ,
360 3181 422 3213 ne
441 3166 641 3229 qnando
667 3184 756 3232 per
776 3179 996 3215 senatum
1021 3168 1240 3217 restitue-

203 3254 369 3306 retur,
395 3256 498 3293 tum
528 3259 585 3297 ut
613 3248 858 3311 porticum
896 3248 1002 3312 ipse
1037 3247 1239 3298 haberet

199 3324 358 3387 magis
379 3326 592 3389 amplam
631 3336 678 3375 et
704 3326 1016 3391 splendidam
1047 3328 1112 3375 ad
1148 3328 1237 3375 de-

195 3404 575 3455 ambulandum.
599 3407 679 3455 Sic
696 3406 966 3455 decrevisse
979 3406 1240 3471 pontifices

197 3485 264 3533 de
287 3486 544 3535 Ciceronis
569 3487 722 3535 domo
746 3486 981 3535 dicuntur
998 3487 1060 3535 ad
1081 3488 1234 3537 Attic-

196 3568 292 3627 IV,
319 3580 383 3615 2:
425 3586 447 3609 ι
465 3564 622 3615 videri
669 3582 814 3630 posse
855 3568 960 3613 sine
999 3565 1237 3631 religione

188 3646 296 3706 jam
326 3655 512 3709 partem
549 3661 674 3694 aren
705 3646 826 3693 mihi
852 3647 1104 3695 restitui».
1137 3648 1238 3695 Cur

195 3740 304 3774 nou
323 3734 476 3773 totam
493 3722 688 3774 aream?
705 3727 818 3791 quia
838 3726 1024 3775 decima
1044 3737 1232 3791 tantum

192 3803 378 3855 aedium
397 3821 512 3869 pars
533 3804 754 3855 dedicata
774 3807 932 3855 fuerat
946 3840 961 3863 ,
987 3816 1035 3853 et
1058 3806 1233 3855 domus

193 3900 356 3948 prope
376 3895 480 3933 tota
503 3902 531 3931 a
558 3886 799 3951 religione
820 3888 922 3948 jam
947 3902 1097 3934 vacua
1113 3898 1230 3935 erat.

195 3964 334 4027 Quid
358 3964 492 4013 enim
517 3964 580 4013 de
606 3981 666 4013 eo
704 3964 1022 4015 decernerent
1035 4000 1052 4029 ,
1093 3966 1230 4029 qnod

1334 2225 1436 2256 non
1463 2220 1660 2257 venerat
1685 2211 1739 2257 in
1766 2199 2189 2258 controversiam?
2224 2209 2359 2273 quod

1333 2290 1611 2338 restitutum
1636 2291 1735 2351 iam
1762 2291 1919 2337 fuerat
1946 2306 1973 2337 a
1998 2285 2207 2338 senatu?
2338 2344 2345 2351 ,

1404 2370 1453 2419 6.
1515 2370 1677 2418 Causa
1706 2368 1832 2435 suit.
1883 2368 2071 2426 causa,
2116 2381 2171 2417 ut
2206 2369 2359 2418 modo

1332 2449 1547 2499 diximus
1582 2451 1645 2499 ad
1674 2468 1779 2517 cap.
1816 2459 1897 2510 41,
1938 2451 2067 2498 idem
2105 2451 2202 2499 hoc
2240 2450 2356 2499 loco

1332 2530 1459 2578 valet
1476 2567 1489 2591 ‚
1517 2531 1653 2595 quod
1670 2548 1837 2597 supra,
1860 2546 1969 2595 cap.
1988 2530 2038 2590 5,
2062 2531 2223 2579 valere
2244 2548 2355 2578 mo-

1330 2622 1541 2659 nuerunt
1567 2613 1764 2663 Manut.
1787 2623 1838 2661 et
1858 2614 2021 2661 Graev.
2041 2612 2216 2677 etipse
2239 2614 2355 2659 Em.

1330 2706 1385 2737 ea
1412 2691 1641 2742 nimirum
1670 2703 1773 2753 est,
1806 2708 1951 2757 qnam
1983 2702 2151 2756 postea
2189 2691 2355 2740 dixere

1322 2780 1635 2833 pra-textum.

1407 2866 1457 2911 7.
1498 2849 1603 2897 Illis
1648 2849 1795 2897 tantis
1829 2849 2052 2897 tenebris.
2088 2850 2193 2898 Illis
2236 2863 2358 2899 tem-

1329 2928 1534 2993 poribus
1558 2929 1773 2991 miseris,
1790 2945 1943 2991 quum
1962 2928 2010 2975 vi
2038 2929 2199 2976 omnia
2223 2946 2357 2993 gere-

1330 3019 1520 3069 rentur,
1540 3024 1689 3071 quum
1720 3024 1812 3056 nec
1852 3007 1981 3071 leges
2004 3042 2019 3067 ,
2058 3025 2147 3055 nec
2168 3008 2354 3067 judicia

1329 3085 1569 3146 valerent,
1613 3103 1764 3151 quum
1808 3086 1971 3133 omnia
2015 3098 2259 3150 tamquam
2300 3088 2353 3137 in

1329 3166 1543 3217 tenebris
1572 3166 1893 3213 miscerentur
1922 3175 1974 3213 et
2008 3166 2353 3220 turbarentur:

1328 3256 1385 3295 ut
1410 3248 1633 3311 superius
1652 3246 1701 3291 in
1723 3246 1815 3293 hac
1839 3243 2087 3294 oratione:
2109 3267 2134 3287 α
2154 3248 2279 3308 Qnae
2300 3258 2355 3296 tu

1328 3327 1381 3373 in
1408 3326 1504 3373 illis
1540 3324 1820 3389 reipublicae
1848 3326 2060 3374 tenebris
2080 3358 2095 3384 ,
2118 3327 2357 3392 caecisque

1330 3406 1546 3456 nubibus
1565 3418 1613 3455 et
1629 3406 1861 3472 procellis
1880 3408 2227 3456 constituisti».
2242 3410 2354 3471 Ipse

1329 3486 1451 3553 quid
1491 3487 1555 3533 sit
1595 3486 1805 3551 explicat
1831 3488 1887 3535 in
1922 3499 2045 3537 orat.
2073 3503 2167 3552 pro
2203 3489 2355 3536 Sexto

1324 3570 1541 3618 Roscio:
1577 3568 1711 3632 «Qui
1735 3579 1981 3633 tamquam
2009 3569 2049 3615 si
2075 3568 2233 3615 offusa
2262 3569 2355 3615 rei-

1325 3648 1541 3713 publica
1593 3648 1889 3712 sempiterna
1932 3664 2037 3696 nox
2076 3658 2199 3694 esset
2218 3682 2232 3707 ,
2288 3649 2355 3695 ita

1326 3726 1531 3776 ruebant
1576 3728 1629 3777 in
1676 3727 1887 3776 tenebris
1904 3762 1920 3789 ‚
1972 3726 2137 3775 omnia
2182 3728 2355 3776 misce-

1324 3808 1440 3857 bant
1457 3830 1497 3854 ¹·-

1394 3888 1443 3933 8.
1489 3888 1619 3935 Male
1666 3886 1929 3935 Lambinus
1971 3905 1998 3935 e
2045 3888 2323 3949 conjectura
2340 3925 2355 3947 .,

1322 3967 1460 4015 «sine
1482 3967 1662 4015 virtute
1679 4003 1691 4024 ‚
1714 3978 1989 4031 egentem».
2008 3970 2059 4017 J.
2076 3971 2139 4015 V.
2161 3971 2215 4016 L.
