2594 4537
635 262 1265 355 oRATlo'PRo
1314 288 1385 354 P.
1430 288 1783 359 sULLA.
2177 295 2267 392 67

146 430 442 504 parvus,
487 420 573 479 ut
624 430 702 478 se
747 406 1136 503 aliquando
1157 462 1177 496 ,
1221 409 1283 479 si
1321 433 1476 480 non
1521 412 1800 509 integra
1843 412 2131 491 fortuna
2149 474 2169 507 ,
2202 437 2277 492 at

143 516 440 603 afflicta,
483 519 671 615 patri
703 541 836 588 suo
869 517 1210 614 gratulari
1241 520 1487 591 sinatis
1507 517 1569 563 ¹³
1598 512 1817 594 :huic
1850 526 2115 598 misero
2142 554 2275 601 no-

143 631 325 699 tiora
368 642 548 700 sunt
575 626 1019 722 judiciorum
1063 629 1321 699 itinera
1352 643 1426 700 et
1465 627 1644 720 fori,
1678 655 1895 729 quam
1938 641 2183 736 campi·
2208 656 2281 712 et

142 736 690 836 disciplinarum
716 742 800 807 ¹⁴.
846 743 1012 811 Non
1053 738 1200 833 jam
1237 737 1331 809 de
1372 742 1517 813 vita
1552 746 1627 812 P.
1682 742 1919 830 Sullae,
1958 746 2277 840 judice3‚

141 849 266 921 sed
315 848 414 921 de
450 850 826 947 sepultura
871 846 1339 921 contenditur
1378 877 1395 919 ε
1438 852 1583 923 vita
1637 870 1883 951 erepta
1928 854 2117 927 est¹⁵
2154 886 2276 931 su-

139 964 428 1057 periore
461 960 736 1055 judicio
769 987 790 1048 3
857 983 1086 1045 nunc,
1131 984 1224 1030 ne
1261 984 1531 1059 corpus
1564 962 1892 1057 ejiciatur
1914 964 2009 1053 ¹⁶,
2070 968 2277 1041 labo·

139 1093 408 1141 ramus,
450 1069 648 1159 Quid
681 1072 874 1140 enim
909 1083 1016 1140 est
1054 1068 1227 1140 huic
1253 1070 1554 1167 reliqui,
1587 1072 1789 1169 quod
1822 1100 1991 1147 eum
2024 1080 2103 1149 in
2134 1082 2278 1151 vita

141 1178 270 1252 hac
309 1181 600 1277 teneat?
625 1196 750 1253 aut
797 1177 975 1276 quid
1013 1194 1152 1267 est,
1201 1180 1681 1277 quamobrem
1736 1183 1889 1257 haec
1937 1192 2277 1286 cuiquam

140 1290 278 1361 vita
305 1290 686 1363 videatur?
1169 1346 1178 1355 .
1680 1354 1687 1359 .

231 1405 532 1473 XXXII.
575 1406 866 1499 Nuper¹
909 1402 968 1472 is
1005 1400 1228 1471 homo
1273 1398 1412 1472 fuit
1459 1403 1531 1472 in
1582 1404 1866 1497 civitate
1918 1410 1991 1476 P.
2046 1410 2274 1500 Sulla,

141 1522 220 1579 ut
247 1534 472 1581 nemo
511 1513 576 1581 ei
615 1535 692 1582 se
727 1534 970 1607 neque
1007 1510 1325 1599 honore,
1376 1536 1619 1610 neque
1668 1516 1923 1611 gratia,
1962 1542 2097 1591 nec
2130 1518 2279 1591 for-

140 1623 333 1691 tunis
357 1619 752 1692 anteferret
783 1648 800 1691 ε
831 1644 1066 1704 nunc,
1100 1621 1449 1718 spoliatus
1474 1627 1676 1695 omni
1708 1625 2083 1723 dignitate,
2117 1656 2279 1729 quae

141 1744 390 1827 erepta
425 1744 634 1818 sunt,
678 1755 826 1801 non
874 1731 1169 1828 repetit3
1211 1731 1415 1829 quod
1450 1731 1745 1805 fortuna
1778 1737 1857 1805 in
1890 1738 2095 1810 malis
2116 1741 2281 1812 'reli-

143 1844 266 1934 qui
301 1838 517 1928 fecit,
550 1854 634 1911 ut
677 1864 844 1913 cum
895 1856 1229 1938 parente,
1272 1866 1439 1913 cum
1480 1842 1764 1934 liberis,
1806 1870 1973 1917 cum
2018 1848 2279 1935 fratre,

141 1972 302 2021 cum
347 1950 466 2022 his
505 1955 976 2023 necessariis²
1010 1952 1256 2049 lugere
1288 1977 1491 2023 suam
1520 1953 1995 2028 calamitatem
2033 1959 2275 2049 liceat,

143 2058 210 2127 id
239 2058 382 2131 sibi
415 2085 512 2131 ne
544 2063 890 2158 eripiatis,
915 2060 1228 2156 judiceS,
1265 2086 1399 2133 vos
1440 2060 1861 2137 obtestatur.
1902 2070 2003 2138 Te
2039 2071 2277 2167 ipsum

135 2168 319 2263 jam,
381 2174 786 2267 Torquate,
839 2168 1256 2268 expletum³
1300 2194 1455 2242 esse
1496 2171 1715 2266 hujus
1756 2177 2098 2265 miseriiS‚
2146 2204 2279 2276 par

141 2295 308 2352 erat.
343 2283 498 2354 Etsi
533 2283 715 2353 nihil
751 2283 946 2354 aliud
985 2283 1193 2353 Sullae
1235 2283 1375 2364 nisi
1432 2282 1890 2354 consulatum
1940 2285 2277 2362 abstulis-

141 2395 334 2480 setis,
377 2408 624 2464 tamen
651 2417 742 2464 eo
761 2419 891 2465 vos
917 2407 1303 2465 contentos
1332 2417 1487 2463 esse
1520 2393 1939 2490 oportebat:
1974 2396 2272 2473 honoris

142 2503 326 2572 enim
367 2501 791 2574 contentio⁴
845 2527 976 2574 vos
1033 2501 1128 2572 ad
1179 2525 1503 2590 causam,
1540 2525 1691 2572 non
1730 2505 2118 2580 inimicitiae
2154 2511 2275 2582 de-

141 2609 528 2685 duxerunt.
591 2613 732 2686 Sed
771 2638 1000 2712 quum
1042 2612 1212 2684 huic
1254 2615 1499 2684 omnia
1550 2637 1720 2684 cum
1770 2613 2049 2688 honore
2072 2617 2099 2662 ⁵
2140 2618 2267 2693 de-

141 2833 338 2884 poestmt
355 2820 423 2870 ad
439 2819 713 2870 movendos
725 2821 954 2880 affectus,
973 2830 1032 2868 ut
1049 2821 1158 2868 Ser-

140 2901 241 2963 gius
283 2901 444 2950 Galba
499 2900 562 2947 ad
603 2899 842 2964 populum
901 2915 1156 2946 romanum

141 2997 322 3028 musam
361 2979 532 3028 dicem
546 3015 564 3040 ‚
601 2996 750 3044 quum
785 2978 1155 3044 periclitaretur,

140 3059 362 3120 parvulos
396 3057 529 3106 filios
558 3074 674 3106 suos
704 3069 752 3105 et
787 3056 992 3122 Sulpicii
1028 3055 1156 3104 Galli

139 3143 365 3204 unguine
395 3142 713 3201 conjunctum
759 3139 915 3188 filium
963 3137 1154 3203 populo

143 3233 334 3268 romano
387 3219 512 3267 flens
563 3218 1000 3274 commendaverim
1053 3228 1155 3280 quo

143 3299 423 3347 concionem
447 3299 516 3346 ita
540 3298 802 3362 mitigavit,
827 3308 912 3356 ut,
939 3296 1025 3360 qui
1051 3311 1156 3343 om-

141 3377 268 3424 nium
295 3395 539 3426 consensu
573 3379 816 3442 periturus
846 3386 977 3434 erat,
1014 3389 1156 3440 paene

139 3455 318 3504 nullum
374 3457 514 3506 triste
566 3457 850 3522 suffragium
907 3455 1152 3504 habuerit.

137 3533 295 3582 Valet.
307 3537 396 3585 lib.
412 3538 535 3584 vm
549 3570 566 3597 ,
583 3537 659 3584 tit.
681 3535 880 3588 infames
895 3535 963 3583 rei
979 3535 1157 3600 quibus

139 3627 198 3658 ex
214 3617 371 3662 musis
393 3614 606 3662 absoluti
625 3629 708 3662 aut
730 3613 942 3662 damnati
959 3613 1070 3663 sint.

209 3693 289 3741 13.
321 3691 582 3741 Gratulari
607 3691 793 3740 sinau's.
829 3691 980 3755 Quod
1006 3691 1156 3740 dede·

137 3774 261 3822 coris
278 3774 560 3822 memoriam
579 3787 681 3819 non
701 3772 960 3837 relinquat.

211 3864 295 3911 14.
326 3856 486 3918 Quam
513 3852 679 3916 campi
700 3864 749 3901 ee
773 3852 1156 3916 disciplinarum,

141 3931 350 3980 subaud.
399 3934 596 3981 itinera.
645 3931 705 3978 ln
747 3947 921 3996 campo
975 3933 1156 3980 Martio

142 4026 316 4075 corpus
356 4009 654 4074 equitando,
695 4024 826 4057 arm
871 4010 1157 4070 tractando,

1243 2819 1494 2878 natand05
1536 2819 1593 2866 in
1643 2819 1936 2884 disciplinis,
1976 2823 2029 2871 id
2070 2839 2167 2888 est,
2213 2830 2265 2878 in

1242 2898 1421 2946 scholis
1436 2933 1449 2957 ,
1478 2899 1665 2946 animus
1691 2901 2021 2950 exercebatur.

1321 2979 1401 3026 15.
1449 2979 1565 3025 Vita
1601 2990 1767 3042 erepta
1801 2991 1885 3027 esc.
1925 2981 1989 3028 Id
2021 2992 2121 3044 est,
2162 2985 2261 3034 vita

1243 3055 1419 3115 civilis,
1438 3055 1574 3120 quod
1596 3057 1855 3122 Calpurnia
1876 3059 1953 3107 lex
1972 3061 2183 3122 vetabat,
2202 3081 2265 3113 ne

1241 3136 1303 3184 de
1333 3135 1517 3190 ambitu
1550 3135 1761 3184 damnati
1788 3154 2015 3203 umquam
2048 3141 2260 3206 puhlicis

1240 3215 1379 3278 fungi
1402 3225 1605 3279 possent
1622 3217 1923 3268 muneribus.

1318 3295 1397 3342 16.
1420 3296 1497 3342 Ne
1516 3309 1688 3356 corpus
1705 3292 1949 3360 ejiciatur.
1970 3299 2045 3346 Ne
2068 3300 2264 3350 damna-

1243 3383 1322 3421 tus
1350 3372 1479 3420 Sulla
1505 3371 1676 3420 exsilio
1702 3375 1951 3427 multetur.

1314 3454 1534 3503 xxxu.
1576 3469 1621 3499 1.
1659 3454 1849 3517 Nuper.
1884 3458 2161 3521 Antequam
2198 3461 2261 3510 de

1241 3531 1430 3580 ambitu
1456 3531 1710 3580 damnatus
1732 3544 1872 3582 esset.

1316 3628 1363 3660 2.
1393 3613 1509 3660 Cum
1532 3609 1605 3658 his
1626 3613 1922 3662 necessariis.
1941 3613 2005 3662 Id
2026 3626 2122 3676 eet,
2144 3619 2261 3668 ami-

1243 3691 1314 3738 cis
1332 3726 1348 3752 ,
1374 3690 1457 3754 qui
1484 3689 1700 3738 aderant.

1314 3771 1365 3818 3.
1391 3771 1676 3833 Expleeum.
1705 3768 1766 3816 Id
1790 3780 1887 3830 est,
1909 3783 2191 3828 saturatum.

1315 3856 1365 3905 4.
1398 3848 1627 3898 Honoris.
1650 3884 1661 3895 .
1685 3884 1698 3897 .
1726 3851 1985 3898 contentio.
2024 3855 2263 3908 Ambitio.

1244 3955 1313 3966 --
1336 3929 1423 3977 Aa
1436 3943 1656 3976 causam.
1676 3927 1892 3978 Subaud.
1914 3934 2139 3994 primam.

1320 4003 1367 4057 5.
1400 4007 1519 4057 Cum
1546 4007 1749 4058 honore.
1776 4008 1837 4057 Id
1863 4020 1964 4071 eet,
1995 4013 2271 4062 consulatu.

1984 4095 2048 4165 5.
