2594 4537
364 251 456 322 62
1019 249 1115 315 M.
1167 249 1244 314 T.
1300 249 1861 320 CICERONIS

366 375 628 447 ductus
677 369 1224 442 advocationem
1259 365 1321 411 ¹³
1388 369 1707 442 hominis
1769 366 2283 467 improbissimi
2340 370 2499 440 sella

369 484 640 569 curuli,
683 495 902 576 atque
944 480 1389 550 ornamentis
1432 494 1505 552 et
1560 481 1866 568 suis„et
1906 478 2329 550 consulatus
2381 479 2500 550 ho·

365 593 672 668 nestavit
711 619 726 662 z
759 589 937 687 quid
973 603 1114 675 est,
1152 589 1633 686 quamobrem
1666 589 2117 678 consulares,
2158 593 2289 686 qui
2318 591 2501 660 Cati-

359 707 520 777 linae
546 701 932 776 adfuerunt
953 754 972 787 ,
1000 699 1627 798 reprehendantur
1646 704 1707 751 ¹4
1741 703 1769 772 ,³
1796 705 1881 772 At
1900 699 2117 772 iidem
2136 698 2197 744 ¹⁵
2226 701 2313 772 iis
2334 755 2355 788 ,
2384 701 2499 797 qui

364 829 534 886 ante
569 813 769 884 hunc
804 835 1090 882 causam
1123 809 1215 881 de
1251 811 1757 906 conjuratione
1785 811 2163 896 dixerunt,
2200 837 2358 882 non
2391 811 2499 882 ad-

367 923 687 997 fuerunt.
736 927 966 996 Tanto
1023 919 1294 992 scelere
1337 921 1695 994 adstrictis
1734 919 2194 1006 hominibus,
2242 935 2499 992 statue-

367 1049 541 1108 runt
567 1032 670 1123 1⁶,
708 1031 886 1104 nihil
931 1057 972 1102 a
1009 1055 1086 1102 se
1125 1029 1567 1128 adjumenti,
1604 1031 1782 1102 nihil
1820 1033 1981 1128 opis
2003 1083 2023 1118 ,
2051 1029 2239 1100 nihil
2272 1028 2503 1100 auxilii

365 1143 540 1218 ferri
571 1158 930 1242 oportere.
961 1145 1226 1238 Atque,
1256 1155 1340 1212 ut
1362 1141 1452 1212 de
1486 1167 1741 1214 eorum
1766 1149 1826 1198 ¹7
1864 1141 2269 1214 constantia
2298 1155 2501 1236 atque

367 1255 612 1328 animo
636 1255 714 1324 in
743 1251 1268 1352 rempublicam
1297 1249 1571 1339 dicam,
1608 1276 1925 1349 quorum
1965 1253 2179 1322 tacita
2206 1251 2501 1347 gravitas

371 1381 445 1440 et
497 1365 680 1440 fides
728 1355 818 1438 de
865 1387 1323 1460 unoquoque
1367 1361 1739 1460 loquitur,
1798 1385 2039 1458 neque
2089 1359 2503 1456 cujusquam

369 1489 796 1550 ornamenta
854 1475 1204 1547 orationis
1272 1471 1633 1550 desiderat
1653 1469 1772 1518 ¹⁸·
1756 1486 2076 1571 .potest
2127 1473 2503 1569 quisquam

369 1587 608 1660 dicere
680 1609 1034 1683 umquam
1102 1584 1445 1656 meliores
1466 1638 1489 1672 ‚
1556 1528 1938 1672 fortiores»,
1992 1585 2507 1654 constantiores

369 1697 784 1772 consulares
831 1695 1088 1782 fuisse,
1129 1720 1351 1794 quam
1400 1696 1487 1766 iis
1528 1693 1985 1793 temporibus
2031 1707 2105 1764 et
2144 1692 2505 1790 periculis,

370 1806 878 1906 quibuspaene
911 1830 1256 1904 oppressa
1291 1821 1401 1878 est
1442 1804 1899 1904 respublica?
1934 1804 2194 1895 Quis¹9
2232 1829 2393 1876 non
2428 1803 2508 1874 de

369 1918 743 1992 communi
767 1917 996 1988 salute
1019 1919 1505 2015 apertissime,
1525 1919 1691 2014 quis
1716 1941 1871 1989 non
1897 1914 2287 1988 fortissime
2304 1967 2326 2000 ,
2359 1916 2509 2011 quis

371 2054 524 2102 non
569 2029 1144 2102 constantissime
1183 2029 1459 2102 sensit?
1504 2033 1759 2125 Neque
1810 2052 1947 2125 ego
2015 2029 2381 2124 praecipue
2430 2025 2509 2096 de
2559 2043 2560 2108 j

371 2136 877 2212 consularibus
919 2135 1231 2237 disputO.
1279 2143 1464 2212 Nam
1502 2137 1657 2210 haec
1690 2133 1761 2212 et
1796 2137 2184 2210 hominum
2220 2139 2512 2208 ornatis-

371 2251 719 2322 simorum
741 2303 762 2337 ,
797 2250 927 2347 qui
967 2263 1310 2347 praetores
1345 2246 1677 2336 fuerunt,
1724 2262 1797 2320 et
1833 2249 2149 2321 universi
2190 2261 2508 2329 senatus,

371 2360 778 2431 communis
817 2374 925 2429 est
951 2358 1106 2429 laus
1137 2386 1152 2429 ε
1189 2353 1282 2429 ut'
1302 2373 1621 2447 constet,
1651 2374 1815 2457 post
1841 2358 2225 2429 hominum
2258 2382 2511 2428 memo
2559 2348 2560 2359 ¹

371 2472 546 2539 riam
587 2490 990 2565 numquam
1029 2468 1104 2537 in
1145 2466 1269 2538 illo
1302 2469 1559 2541 ordine
1586 2468 1750 2567 plus
1780 2468 2099 2558 virtutis,
2130 2468 2299 2567 plus
2331 2492 2513 2539 amo-

373 2582 469 2651 ris
507 2582 585 2649 in
625 2568 1186 2676 rempublicam,
1249 2578 1415 2677 plus
1454 2580 1815 2675 gravitatis
1866 2577 2107 2650 fuisse.
2160 2578 2303 2650 Sed
2352 2579 2514 2674 quia

376 2702 547 2760 sunt
584 2686 926 2787 descripti
946 2696 1016 2731 ²⁰
1054 2688 1511 2776 consulares,
1558 2686 1648 2759 de
1692 2686 1806 2758 his
1849 2700 2131 2759 tantum
2182 2687 2363 2757 mihi
2408 2686 2510 2755 di·

374 2797 686 2870 cendum
713 2797 995 2897 putavi,
1021 2796 1222 2894 quod
1251 2800 1419 2871 satis
1439 2811 1651 2886 esset,
1678 2813 2058 2870 attestante
2076 2808 2137 2841 ²¹
2169 2798 2513 2888 memoria
2559 2812 2560 2849 ³

452 2962 535 3011 13.
572 2958 966 3008 Advocationem.
1000 2958 1057 3007 Id
1089 2974 1161 3009 est
1180 2998 1195 3022 ,
1229 2962 1403 3027 praesi-

375 3040 527 3089 dinm.
561 3066 631 3077 —
661 3039 965 3088 Ornamentis
984 3051 1030 3087 et
1045 3039 1158 3089 suis.
1199 3040 1408 3109 Propria

1568 2962 1651 3009 18.
1692 2961 1866 3025 Neque
1898 2960 2188 3030 cujusquam
2227 2970 2513 3007 ornamenta

1494 3040 1728 3088 orationis
1773 3040 2032 3090 desiderat.
2087 3040 2147 3087 Id
2202 3051 2302 3098 est,
2348 3048 2397 3086 et
2441 3039 2513 3085 cui

379 3120 632 3185 dignitate.

451 3202 531 3259 τά.
593 3196 1040 3261 Reprehendantur.
1099 3200 1152 3248 Si
1201 3199 1403 3264 quidem

373 3278 751 3343 reprehensione
777 3290 937 3326 essent
963 3278 1125 3342 digni,
1151 3295 1180 3327 ι
1207 3279 1405 3329 fortiori

373 3368 511 3425 pater
537 3359 640 3423 ipse
667 3368 781 3405 tuus
810 3367 933 3405 esset
961 3356 1171 3421 dignior,
1197 3359 1312 3423 quia
1339 3357 1402 3406 de

372 3438 710 3499 conjuratione
737 3435 951 3484 delatum
980 3436 1053 3485 illi
1079 3449 1198 3487 erat.

451 3519 531 3567 15.
554 3520 627 3565 Ac
641 3514 803 3564 iidem.
823 3516 1115 3566 Consulares
1137 3518 1405 3577 conjuratis

379 3612 480 3644 non
494 3596 774 3645 adsuerunt.
791 3623 863 3631 —-
875 3600 1007 3645 Ante
1019 3594 1169 3646 hunc.
1185 3596 1403 3658 Scilicet,

379 3674 434 3722 P.
464 3674 661 3723 Sullam.

456 3754 538 3803 16.
567 3755 860 3804 Statua-emt.
879 3754 1102 3813 Scilicet,
1127 3753 1407 3803 consulares

378 3830 500 3879 nihil
519 3831 687 3879 auxilii
709 3832 960 3881 ferendum
982 3848 1084 3880 esse
1104 3830 1404 3885 hominibus.

454 3926 536 3971 17.
578 3910 780 3959 Eorum.
823 3907 1182 3959 Consularium.
1225 3940 1296 3949 —
1332 3914 1405 3961 De

379 4004 691 4053 unoquoque.
724 3991 968 4051 Ipsorum.

1494 3121 1792 3169 ornamentis
1816 3122 2105 3184 cujusquam
2132 3120 2366 3169 orationis
2396 3133 2513 3183 opus

1490 3217 1594 3249 non
1617 3212 1706 3249 est.

1568 3296 1647 3344 ¹9·
1675 3278 1771 3342 Qu*
1752 3295 1809 3327 es.
1829 3278 2046 3329 Illorum.
2066 3278 2323 3327 —Sensie.
2343 3276 2403 3325 Id
2421 3288 2513 3332 est,

1490 3359 1781 3407 seutentiam
1806 3356 1952 3408 dixit.

1563 3436 1943 3501 20.4Descript1'.
1979 3434 2041 3484 Id
2071 3448 2173 3495 est,
2213 3452 2242 3484 ι
2270 3438 2511 3499 Torquato

1491 3516 1743 3581 designati.

1562 3612 1646 3645 21.
1676 3598 1999 3645 Acte-stantem
2027 3591 2312 3643 memoriam
2340 3592 2515 3641 habent

1493 3674 1637 3724 codd.
1666 3674 1816 3723 Palat.
1841 3686 1891 3724 et
1916 3675 1970 3724 S.
2001 3674 2134 3725 vict.
2164 3685 2213 3723 et
2241 3674 2379 3722 Grut.
2409 3670 2512 3719 edi-

1492 3754 1583 3803 dit.
1606 3754 1834 3804 Gulielm.
1855 3754 2149 3816 conjiciebat
2176 3764 2512 3801 antestante-m.

1492 3834 1769 3899 Utrumque
1805 3833 1979 3881 dutum
2019 3833 2181 3883 nimis.
2214 3830 2377 3881 Lamh.
2414 3829 2515 3877 feli-

1492 3912 1595 3959 cius
1613 3945 1630 3972 ,
1676 3913 1751 3960 ad
1802 3912 2078 3963 testanda-m
2130 3909 2413 3961 memoriam
2468 3924 2509 3955 ο.

1490 3990 1539 4039 J.
1565 3991 1631 4041 V.
1659 3992 1715 4040 L.
