2594 4537
232 238 240 244 ’
327 274 466 354 412
793 218 798 225 ²
965 269 1059 335 Μ.
1111 268 1191 335 Τ.
1243 268 1801 335 CICERONIS

327 394 568 463 leratis
609 414 690 460 ac
730 387 1020 459 nefariis
1058 386 1331 459 civibus
1368 389 1749 459 maximam
1788 410 2078 484 poenam
2113 391 2473 460 constitui

323 524 538 599 posse
559 498 882 570 arbitrati
908 512 1106 584 sunt;
1143 496 1469 568 eamdem
1494 518 1629 591 ego
1654 494 1918 567 subibo
1950 520 2032 568 ac
2058 498 2471 588 sustinebo,

327 624 412 680 ut
437 608 631 708 apud
664 620 993 704 posteros
1027 620 1312 677 nostros
1342 630 1492 677 non
1519 610 1915 677 exstinctor
1939 607 2471 703 conjurationis

331 735 403 791 et
431 718 717 791 sceleris
735 770 754 805 ‚
778 716 899 787 sed
923 731 1176 788 auctor
1199 729 1274 789 et
1295 717 1447 787 dux
1470 714 1689 787 fuisse
1715 714 2004 787 videar?
2030 722 2235 788 'Hanc
2259 742 2467 804 vero,

329 824 747 926 pontifices,
787 824 1021 897 labem
1055 826 1527 926 turpitudinis
1562 840 1635 897 et
1664 828 2163 901 inconstantiae
2192 831 2469 927 poterit

331 936 586 1035 populi
625 941 904 1007 romani
939 936 1252 1033 dignitas
1285 938 1679 1025 sustinere,
1711 938 1877 1007 vivo
1916 932 2212 1025 senatu,
2254 936 2465 1007 vobis

330 1046 782 1147 principibus
814 1046 1086 1145 publici
1123 1048 1439 1134 consilii,
1472 1060 1553 1117 ut
1588 1045 1851 1117 domus
1886 1049 1983 1117 M.
2018 1045 2231 1118 Tullii
2258 1048 2464 1118 Cioe-

331 1162 531 1231 ronis
571 1182 736 1231 cum
781 1158 1002 1229 domo
1043 1158 1275 1231 Fulvii
1316 1151 1591 1229 Flacci⁸
1640 1154 1733 1227 ad
1770 1156 2189 1227 memoriam
2228 1180 2469 1253 poenae

333 1268 626 1367 publice
665 1272 1070 1341 constitutae
1116 1269 1501 1363 conjuncta
1544 1291 1698 1338 esse
1730 1265 2103 1337 videatur?
2134 1270 2231 1337 M.
2266 1266 2465 1337 Flac-

333 1404 460 1451 cus
481 1434 501 1467 ,
547 1383 717 1476 quia
750 1402 918 1449 cum
949 1383 1026 1449 C.
1067 1378 1399 1455 Graccho
1433 1392 1687 1449 contra
1716 1377 2019 1449 salutem
2046 1373 2469 1473 reipublicae

332 1486 632 1577 fecerat,
677 1504 749 1561 et
785 1503 1076 1561 senatus
1121 1492 1479 1560 sententia
1530 1503 1641 1560 est
1678 1486 2140 1575 interfectus,
2182 1502 2259 1557 et
2304 1488 2469 1581 ejus

331 1598 594 1672 domus
637 1624 880 1670 eversa
923 1613 996 1670 et
1036 1596 1401 1695 publicata
1438 1613 1587 1669 est:
1626 1600 1701 1668 in
1729 1621 1875 1694 qua
1903 1600 2269 1692 porticum
2300 1611 2465 1694 post

333 1710 706 1806 aliquanto
777 1710 865 1797 Q.
933 1708 1230 1779 Catulus
1287 1708 1381 1779 de
1429 1707 1789 1779 manubiis
1836 1703 2213 1779 Cimbricis
2266 1706 2460 1777 fecit.

336 1823 478 1890 Ista
514 1832 754 1888 autem
797 1816 916 1889 fax
947 1842 1030 1889 ac
1058 1816 1247 1889 furia
1283 1820 1528 1916 patriae
1552 1873 1572 1905 ‚
1614 1842 1843 1915 quum
1880 1817 2141 1888 urbem
2158 1871 2177 1906 ,
2208 1819 2467 1889 Pisone

339 1941 414 1995 et
473 1923 784 1996 Gabinio
837 1927 1184 2016 ducibu5‚
1225 1932 2090 2025 ·cepisset,.occupasset‚
2150 1937 2467 2013 teneret,

338 2062 490 2107 uno
529 2035 931 2133 eodemque
976 2051 1306 2135 tempore
1340 2051 1413 2107 et
1450 2038 1818 2110 clarissimi
1852 2040 2288 2108 viri-mortui
2316 2062 2469 2108 mo-

339 2162 691 2218 numenta
751 2145 1087 2235 delebat,
1145 2161 1220 2218 et
1269 2170 1499 2217 meam
1552 2145 1853 2217 domum
1890 2170 2056 2217 cum
2096 2149 2195 2215 M.
2239 2144 2463 2217 Flacci

338 2254 560 2327 domo
617 2255 1147 2353 conjungebat:
1197 2271 1277 2327 ut
1302 2312 1320 2345 ‚
1360 2282 1504 2354 qua
1550 2281 1762 2352 poena
1797 2272 2088 2328 senatus
2130 2253 2465 2328 affecerat

341 2391 746 2438 eversorem
790 2368 1123 2456 civitatiS‚
1155 2366 1407 2438 eadem
1443 2367 1609 2454 iste,
1656 2391 2003 2464 oppresso
2038 2380 2332 2455 senatu,
2370 2365 2463 2438 af·

339 2475 586 2574 ficeret
615 2500 781 2547 eum
806 2529 825 2562 ‚
863 2501 1082 2572 quem
1125 2492 1364 2574 patres
1401 2477 1791 2575 conscripti
1818 2477 2199 2549 custodem
2224 2483 2464 2576 patriae

335 2585 796 2680 judicassent.
1405 2610 1413 2618 ·

439 2703 760 2770 XXXIX.
795 2703 995 2770 Hanc
1021 2723 1192 2788 ,vero
1219 2699 1292 2768 in
1323 2698 1588 2769 Palatio
1620 2711 1840 2794 atque
1866 2701 1943 2767 in
1980 2696 2465 2795 pulcherrimo

335 2809 544 2915 'urbis
573 2809 733 2881 loco
761 2811 1116 2908 porticum
1150 2833 1303 2881 esse
1332 2810 1745 2906 patiemini,
1773 2803 2039 2878 furoris
2075 2805 2465 2892 tribunitii,

343 2918 627 2992 sceleris
686 2917 1113 3005 consulariS‚
1161 2915 1607 2990 crudelitatis
1657 2916 2201 3014 conjuratorum
2220 2972 2239 3006 ,
2285 2914 2462 2988 cala-

346 3030 609 3100 mitatis
649 3027 1098 3128 reipublicae,
1145 3027 1419 3099 doloris
1448 3029 1587 3099 mei
1619 3027 1937 3099 defixum
1980 3026 2331 3098 indicium
2378 3027 2463 3098 ad

343 3141 761 3212 memoriam
833 3137 1161 3210 omnium
1223 3140 1546 3236 gentium
1619 3136 2183 3237 sempiternam?
2248 3163 2462 3235 quam

345 3251 704 3345 porticum
736 3270 870 3343 pro
907 3269 1151 3317 amore
1173 3298 1205 3336 r
1236 3271 1457 3344 quem
1496 3247 1775 3320 habetis
1806 3251 1884 3318 in
1914 3247 2465 3345 rempublicam,

348 3375 420 3432 et
466 3382 749 3457 semper
801 3353 1189 3444 habuistis,
1238 3383 1389 3429 non
1446 3359 1667 3431 modo
1720 3359 2131 3446 sententiiS‚
2192 3358 2355 3439 sed,
2410 3359 2461 3428 si

345 3494 530 3567 opus
559 3479 786 3554 esset,
824 3464 1156 3539 manibus
1182 3471 1435 3541 vestris
1473 3466 1872 3540 disturbare
1904 3471 2302 3568 cuperetis3
2338 3471 2465 3541 nisi

307 3733 316 3742 ⁰
349 3751 462 3796 luco
509 3757 678 3795 ornata
720 3765 749 3798 a
777 3749 947 3798 Fulvio
991 3749 1246 3798 Nobiliore
1265 3785 1280 3809 ,
1316 3761 1365 3798 et
1524 3752 1574 3799 8.
1598 3749 1714 3798 Cum
1730 3749 1877 3797 domo
1898 3750 2049 3798 helvii
2060 3750 2249 3799 Flacci.
2278 3751 2373 3798 ‘Hic
2390 3751 2463 3798 ine

349 3830 468 3878 alter
486 3831 626 3877 lucus
653 3830 703 3878 iu
725 3848 824 3894 qno
843 3831 956 3880 sons
978 3840 1079 3878 erat
1098 3831 1301 3894 Egeria,
1316 3841 1366 3878 et
1454 3839 1526 3878 est
1564 3829 1635 3877 M.
1678 3827 1876 3876 Fulvius
1899 3828 2098 3876 Flaccus
2118 3861 2133 3886 ,
2158 3829 2245 3891 qui
2274 3845 2379 3876 cun
2411 3830 2463 3876 C.

353 3909 460 3970 ipse
481 3911 724 3958 camoenis
739 3927 887 3960 sacer.
904 3913 1115 3962 Fnerunt
1129 3909 1363 3960 enimlnci
1454 3909 1682 3958 Graccho
1704 3909 1887 3958 Tiberii
1908 3909 2054 3956 fratre
2066 3941 2083 3966 ,
2120 3924 2151 3956 n
2186 3909 2247 3956 1..
2278 3907 2465 3974 Opimio

353 3986 454 4034 duo
476 3987 830 4040 Camoemrnm.
1456 3989 1655 4036 consule
1672 3987 1949 4038 interfectus
1966 3997 2050 4035 est.
