<?xml version="1.0" encoding="UTF-8"?>
<!DOCTYPE html PUBLIC "-//W3C//DTD XHTML 1.0 Transitional//EN"
    "http://www.w3.org/TR/xhtml1/DTD/xhtml1-transitional.dtd">
<html xmlns="http://www.w3.org/1999/xhtml" xml:lang="en" lang="en">
 <head>
  <title>
</title>
<meta http-equiv="Content-Type" content="text/html;charset=utf-8" />
  <meta name='ocr-system' content='tesseract 3.04.00' />
  <meta name='ocr-capabilities' content='ocr_page ocr_carea ocr_par ocr_line ocrx_word'/>
</head>
<body>
  <div class='ocr_page' id='page_1' title='image "./mtciceronisquae05lemagoog_0557.png"; bbox 0 0 2594 4537; ppageno 0'>
   <div class='ocr_carea' id='block_1_1' title="bbox 157 293 2298 1954">
    <p class='ocr_par' dir='ltr' id='par_1_1' title="bbox 157 293 2291 612">
     <span class='ocr_line' id='line_1_1' title="bbox 534 293 2282 391; baseline 0.002 -25"><span class='ocrx_word' id='word_1_1' title='bbox 534 295 919 366; x_wconf 82' lang='lat' dir='ltr'><strong>ORATIO</strong></span> <span class='ocrx_word' id='word_1_2' title='bbox 961 293 1164 362; x_wconf 85' lang='lat' dir='ltr'><strong>PRO</strong></span> <span class='ocrx_word' id='word_1_3' title='bbox 1206 293 1363 362; x_wconf 79' lang='lat' dir='ltr'><strong>CN.</strong></span> <span class='ocrx_word' id='word_1_4' title='bbox 1418 293 1905 366; x_wconf 80' lang='lat' dir='ltr'><strong>PLANCIO.</strong></span> <span class='ocrx_word' id='word_1_5' title='bbox 2144 295 2282 391; x_wconf 75' lang='lat'><strong>553</strong></span> 
     </span>
     <span class='ocr_line' id='line_1_2' title="bbox 157 411 2291 522; baseline -0.002 -26"><span class='ocrx_word' id='word_1_6' title='bbox 157 423 480 522; x_wconf 83' lang='lat' dir='ltr'><strong>putarit:</strong></span> <span class='ocrx_word' id='word_1_7' title='bbox 515 419 738 513; x_wconf 90' lang='lat' dir='ltr'><strong>hujus</strong></span> <span class='ocrx_word' id='word_1_8' title='bbox 773 413 894 486; x_wconf 89' lang='lat' dir='ltr'><strong>illa</strong></span> <span class='ocrx_word' id='word_1_9' title='bbox 920 437 1062 482; x_wconf 84' lang='lat' dir='ltr'><strong>vox</strong></span> <span class='ocrx_word' id='word_1_10' title='bbox 1085 411 1437 511; x_wconf 78' lang='lat' dir='ltr'><strong>vulgariS,</strong></span> <span class='ocrx_word' id='word_1_11' title='bbox 1468 437 1721 486; x_wconf 67' lang='lat' dir='ltr'><strong>annun</strong></span> <span class='ocrx_word' id='word_1_12' title='bbox 1740 428 1797 506; x_wconf 81' lang='lat'><strong>⁹,</strong></span> <span class='ocrx_word' id='word_1_13' title='bbox 1820 442 1915 490; x_wconf 87' lang='lat' dir='ltr'><strong>ne</strong></span> <span class='ocrx_word' id='word_1_14' title='bbox 1946 419 2127 516; x_wconf 89' lang='lat' dir='ltr'><strong>quid</strong></span> <span class='ocrx_word' id='word_1_15' title='bbox 2162 446 2291 492; x_wconf 87' lang='lat' dir='ltr'><strong>reo</strong></span> 
     </span>
     <span class='ocr_line' id='line_1_3' title="bbox 161 531 1220 612; baseline -0.011 -6"><span class='ocrx_word' id='word_1_16' title='bbox 161 531 538 612; x_wconf 74' lang='lat' dir='ltr'><strong>innocenti,</strong></span> <span class='ocrx_word' id='word_1_17' title='bbox 577 540 872 612; x_wconf 87' lang='lat' dir='ltr'><strong>noceat,</strong></span> <span class='ocrx_word' id='word_1_18' title='bbox 911 548 1220 596; x_wconf 90' lang='lat' dir='ltr'><strong>oramus.</strong></span> 
     </span>
    </p>

    <p class='ocr_par' dir='ltr' id='par_1_2' title="bbox 161 633 2298 1735">
     <span class='ocr_line' id='line_1_4' title="bbox 258 633 2289 730; baseline -0.001 -14"><span class='ocrx_word' id='word_1_19' title='bbox 258 646 516 730; x_wconf 64' lang='lat' dir='ltr'><strong>XXIV,</strong></span> <span class='ocrx_word' id='word_1_20' title='bbox 575 636 716 713; x_wconf 88' lang='lat' dir='ltr'><strong>Sed</strong></span> <span class='ocrx_word' id='word_1_21' title='bbox 757 637 970 708; x_wconf 84' lang='lat' dir='ltr'><strong>venio</strong></span> <span class='ocrx_word' id='word_1_22' title='bbox 1001 636 1150 730; x_wconf 86' lang='lat' dir='ltr'><strong>jam</strong></span> <span class='ocrx_word' id='word_1_23' title='bbox 1185 633 1278 706; x_wconf 88' lang='lat' dir='ltr'><strong>ad</strong></span> <span class='ocrx_word' id='word_1_24' title='bbox 1313 639 1395 706; x_wconf 88' lang='lat' dir='ltr'><strong>L.</strong></span> <span class='ocrx_word' id='word_1_25' title='bbox 1442 638 1832 726; x_wconf 77' lang='lat' dir='ltr'><strong>Cassium1,</strong></span> <span class='ocrx_word' id='word_1_26' title='bbox 1870 637 2289 714; x_wconf 83' lang='lat' dir='ltr'><strong>familiarem</strong></span> 
     </span>
     <span class='ocr_line' id='line_1_5' title="bbox 163 745 2293 846; baseline -0.01 -18"><span class='ocrx_word' id='word_1_27' title='bbox 163 779 412 828; x_wconf 89' lang='lat' dir='ltr'><strong>meum</strong></span> <span class='ocrx_word' id='word_1_28' title='bbox 433 805 452 841; x_wconf 94' lang='lat'>‚</span> <span class='ocrx_word' id='word_1_29' title='bbox 503 750 728 846; x_wconf 89' lang='lat' dir='ltr'><strong>cujus.</strong></span> <span class='ocrx_word' id='word_1_30' title='bbox 765 773 854 820; x_wconf 84' lang='lat' dir='ltr'><strong>ex</strong></span> <span class='ocrx_word' id='word_1_31' title='bbox 912 746 1256 823; x_wconf 80' lang='lat' dir='ltr'><strong>oratione,</strong></span> <span class='ocrx_word' id='word_1_32' title='bbox 1287 769 1381 816; x_wconf 91' lang='lat' dir='ltr'><strong>ne</strong></span> <span class='ocrx_word' id='word_1_33' title='bbox 1440 745 1645 817; x_wconf 88' lang='lat' dir='ltr'><strong>illum</strong></span> <span class='ocrx_word' id='word_1_34' title='bbox 1695 748 1991 846; x_wconf 83' lang='lat' dir='ltr'><strong>quidem</strong></span> <span class='ocrx_word' id='word_1_35' title='bbox 2024 755 2293 822; x_wconf 69' lang='lat' dir='ltr'><strong>Juven-</strong></span> 
     </span>
     <span class='ocr_line' id='line_1_6' title="bbox 163 856 2293 957; baseline -0.002 -20"><span class='ocrx_word' id='word_1_36' title='bbox 163 869 348 937; x_wconf 88' lang='lat' dir='ltr'><strong>tium</strong></span> <span class='ocrx_word' id='word_1_37' title='bbox 383 877 640 946; x_wconf 21' lang='lat' dir='ltr'><strong>‘tecum</strong></span> <span class='ocrx_word' id='word_1_38' title='bbox 695 856 1136 957; x_wconf 81' lang='lat' dir='ltr'><strong>expostulavi</strong></span> <span class='ocrx_word' id='word_1_39' title='bbox 1154 866 1208 943; x_wconf 83' lang='lat'><strong>²,</strong></span> <span class='ocrx_word' id='word_1_40' title='bbox 1254 879 1475 952; x_wconf 90' lang='lat' dir='ltr'><strong>quem</strong></span> <span class='ocrx_word' id='word_1_41' title='bbox 1524 857 1645 928; x_wconf 86' lang='lat' dir='ltr'><strong>ille</strong></span> <span class='ocrx_word' id='word_1_42' title='bbox 1679 860 1882 930; x_wconf 87' lang='lat' dir='ltr'><strong>omni</strong></span> <span class='ocrx_word' id='word_1_43' title='bbox 1918 875 1995 932; x_wconf 86' lang='lat' dir='ltr'><strong>et</strong></span> <span class='ocrx_word' id='word_1_44' title='bbox 2026 863 2293 934; x_wconf 85' lang='lat' dir='ltr'><strong>virtute</strong></span> 
     </span>
     <span class='ocr_line' id='line_1_7' title="bbox 163 964 2293 1070; baseline -0.001 -23"><span class='ocrx_word' id='word_1_45' title='bbox 163 991 240 1048; x_wconf 89' lang='lat' dir='ltr'><strong>et</strong></span> <span class='ocrx_word' id='word_1_46' title='bbox 279 974 730 1045; x_wconf 84' lang='lat' dir='ltr'><strong>humanitate</strong></span> <span class='ocrx_word' id='word_1_47' title='bbox 775 982 1074 1040; x_wconf 90' lang='lat' dir='ltr'><strong>ornatus</strong></span> <span class='ocrx_word' id='word_1_48' title='bbox 1119 964 1537 1039; x_wconf 86' lang='lat' dir='ltr'><strong>adolescens</strong></span> <span class='ocrx_word' id='word_1_49' title='bbox 1584 968 1904 1066; x_wconf 90' lang='lat' dir='ltr'><strong>primum</strong></span> <span class='ocrx_word' id='word_1_50' title='bbox 1946 969 2039 1042; x_wconf 90' lang='lat' dir='ltr'><strong>de</strong></span> <span class='ocrx_word' id='word_1_51' title='bbox 2078 971 2293 1070; x_wconf 89' lang='lat' dir='ltr'><strong>plebe</strong></span> 
     </span>
     <span class='ocr_line' id='line_1_8' title="bbox 163 1075 2298 1176; baseline -0.001 -20"><span class='ocrx_word' id='word_1_52' title='bbox 163 1083 440 1156; x_wconf 82' lang='lat' dir='ltr'><strong>aedilem</strong></span> <span class='ocrx_word' id='word_1_53' title='bbox 482 1080 809 1155; x_wconf 89' lang='lat' dir='ltr'><strong>curulem</strong></span> <span class='ocrx_word' id='word_1_54' title='bbox 851 1076 1124 1150; x_wconf 85' lang='lat' dir='ltr'><strong>factum</strong></span> <span class='ocrx_word' id='word_1_55' title='bbox 1159 1101 1313 1150; x_wconf 89' lang='lat' dir='ltr'><strong>esse</strong></span> <span class='ocrx_word' id='word_1_56' title='bbox 1356 1075 1555 1148; x_wconf 87' lang='lat' dir='ltr'><strong>dixit.</strong></span> <span class='ocrx_word' id='word_1_57' title='bbox 1594 1078 1689 1150; x_wconf 87' lang='lat' dir='ltr'><strong>In</strong></span> <span class='ocrx_word' id='word_1_58' title='bbox 1733 1103 1927 1176; x_wconf 88' lang='lat' dir='ltr'><strong>quo,</strong></span> <span class='ocrx_word' id='word_1_59' title='bbox 1956 1083 2195 1170; x_wconf 88' lang='lat' dir='ltr'><strong>Cassi,</strong></span> <span class='ocrx_word' id='word_1_60' title='bbox 2236 1085 2298 1154; x_wconf 90' lang='lat' dir='ltr'><strong>si</strong></span> 
     </span>
     <span class='ocr_line' id='line_1_9' title="bbox 164 1185 2295 1290; baseline -0 -24"><span class='ocrx_word' id='word_1_61' title='bbox 164 1197 262 1265; x_wconf 88' lang='lat' dir='ltr'><strong>ita</strong></span> <span class='ocrx_word' id='word_1_62' title='bbox 287 1192 422 1266; x_wconf 88' lang='lat' dir='ltr'><strong>tibi</strong></span> <span class='ocrx_word' id='word_1_63' title='bbox 445 1189 924 1290; x_wconf 75' lang='lat' dir='ltr'><strong>respondeam</strong></span> <span class='ocrx_word' id='word_1_64' title='bbox 945 1241 966 1276; x_wconf 94' lang='lat'><strong><em>‚</em></strong></span> <span class='ocrx_word' id='word_1_65' title='bbox 997 1188 1309 1258; x_wconf 85' lang='lat' dir='ltr'><strong>nescisse</strong></span> <span class='ocrx_word' id='word_1_66' title='bbox 1330 1185 1407 1258; x_wconf 92' lang='lat' dir='ltr'><strong>id</strong></span> <span class='ocrx_word' id='word_1_67' title='bbox 1433 1187 1787 1287; x_wconf 89' lang='lat' dir='ltr'><strong>populum</strong></span> <span class='ocrx_word' id='word_1_68' title='bbox 1805 1186 1833 1232; x_wconf 81' lang='lat'>³</span> <span class='ocrx_word' id='word_1_69' title='bbox 1869 1215 2252 1265; x_wconf 90' lang='lat' dir='ltr'><strong>romanum</strong></span> <span class='ocrx_word' id='word_1_70' title='bbox 2274 1249 2295 1282; x_wconf 93' lang='lat'><strong>,</strong></span> 
     </span>
     <span class='ocr_line' id='line_1_10' title="bbox 163 1296 2297 1402; baseline -0 -26"><span class='ocrx_word' id='word_1_71' title='bbox 163 1329 408 1402; x_wconf 90' lang='lat' dir='ltr'><strong>neque</strong></span> <span class='ocrx_word' id='word_1_72' title='bbox 456 1302 674 1374; x_wconf 86' lang='lat' dir='ltr'><strong>fuisse</strong></span> <span class='ocrx_word' id='word_1_73' title='bbox 721 1301 852 1398; x_wconf 89' lang='lat' dir='ltr'><strong>qui</strong></span> <span class='ocrx_word' id='word_1_74' title='bbox 892 1297 969 1370; x_wconf 92' lang='lat' dir='ltr'><strong>id</strong></span> <span class='ocrx_word' id='word_1_75' title='bbox 1004 1296 1220 1370; x_wconf 89' lang='lat' dir='ltr'><strong>nobis</strong></span> <span class='ocrx_word' id='word_1_76' title='bbox 1260 1313 1621 1387; x_wconf 84' lang='lat' dir='ltr'><strong>narraret,</strong></span> <span class='ocrx_word' id='word_1_77' title='bbox 1665 1304 2057 1398; x_wconf 71' lang='lat' dir='ltr'><strong>praesertim</strong></span> <span class='ocrx_word' id='word_1_78' title='bbox 2094 1328 2297 1376; x_wconf 90' lang='lat' dir='ltr'><strong>mor-</strong></span> 
     </span>
     <span class='ocr_line' id='line_1_11' title="bbox 162 1409 2295 1514; baseline -0.001 -26"><span class='ocrx_word' id='word_1_79' title='bbox 162 1432 296 1488; x_wconf 89' lang='lat' dir='ltr'><strong>tuo</strong></span> <span class='ocrx_word' id='word_1_80' title='bbox 339 1416 672 1514; x_wconf 85' lang='lat' dir='ltr'><strong>Longino</strong></span> <span class='ocrx_word' id='word_1_81' title='bbox 697 1413 766 1500; x_wconf 74' lang='lat'><strong>43</strong></span> <span class='ocrx_word' id='word_1_82' title='bbox 816 1435 970 1482; x_wconf 89' lang='lat' dir='ltr'><strong>non</strong></span> <span class='ocrx_word' id='word_1_83' title='bbox 989 1465 1012 1499; x_wconf 89' lang='lat'><strong>,</strong></span> <span class='ocrx_word' id='word_1_84' title='bbox 1048 1425 1132 1480; x_wconf 86' lang='lat' dir='ltr'><strong>ut</strong></span> <span class='ocrx_word' id='word_1_85' title='bbox 1157 1410 1446 1508; x_wconf 84' lang='lat' dir='ltr'><strong>opinor,</strong></span> <span class='ocrx_word' id='word_1_86' title='bbox 1474 1409 1859 1501; x_wconf 87' lang='lat' dir='ltr'><strong>admirere,</strong></span> <span class='ocrx_word' id='word_1_87' title='bbox 1892 1437 2124 1509; x_wconf 90' lang='lat' dir='ltr'><strong>quum</strong></span> <span class='ocrx_word' id='word_1_88' title='bbox 2158 1439 2295 1511; x_wconf 91' lang='lat' dir='ltr'><strong>ego</strong></span> 
     </span>
     <span class='ocr_line' id='line_1_12' title="bbox 161 1519 2295 1626; baseline -0 -28"><span class='ocrx_word' id='word_1_89' title='bbox 161 1532 318 1626; x_wconf 88' lang='lat' dir='ltr'><strong>ipse</strong></span> <span class='ocrx_word' id='word_1_90' title='bbox 351 1551 500 1601; x_wconf 86' lang='lat' dir='ltr'><strong>non</strong></span> <span class='ocrx_word' id='word_1_91' title='bbox 539 1524 945 1598; x_wconf 84' lang='lat' dir='ltr'><strong>abhorrens</strong></span> <span class='ocrx_word' id='word_1_92' title='bbox 981 1545 1022 1592; x_wconf 96' lang='lat' dir='ltr'><strong>a</strong></span> <span class='ocrx_word' id='word_1_93' title='bbox 1063 1519 1309 1592; x_wconf 89' lang='lat' dir='ltr'><strong>studio</strong></span> <span class='ocrx_word' id='word_1_94' title='bbox 1357 1522 1835 1620; x_wconf 83' lang='lat' dir='ltr'><strong>antiquitatis,</strong></span> <span class='ocrx_word' id='word_1_95' title='bbox 1884 1547 2001 1594; x_wconf 92' lang='lat' dir='ltr'><strong>me</strong></span> <span class='ocrx_word' id='word_1_96' title='bbox 2057 1523 2175 1596; x_wconf 90' lang='lat' dir='ltr'><strong>hic</strong></span> <span class='ocrx_word' id='word_1_97' title='bbox 2220 1526 2295 1597; x_wconf 92' lang='lat' dir='ltr'><strong>id</strong></span> 
     </span>
     <span class='ocr_line' id='line_1_13' title="bbox 161 1627 1495 1735; baseline -0.005 -28"><span class='ocrx_word' id='word_1_98' title='bbox 161 1661 254 1708; x_wconf 81' lang='lat' dir='ltr'><strong>ex</strong></span> <span class='ocrx_word' id='word_1_99' title='bbox 287 1650 376 1716; x_wconf 91' lang='lat' dir='ltr'><strong>te</strong></span> <span class='ocrx_word' id='word_1_100' title='bbox 400 1639 718 1735; x_wconf 87' lang='lat' dir='ltr'><strong>primum</strong></span> <span class='ocrx_word' id='word_1_101' title='bbox 753 1632 1036 1706; x_wconf 87' lang='lat' dir='ltr'><strong>audisse</strong></span> <span class='ocrx_word' id='word_1_102' title='bbox 1069 1627 1495 1702; x_wconf 57' lang='lat' dir='ltr'><strong>confitearfi.</strong></span> 
     </span>
    </p>

    <p class='ocr_par' dir='ltr' id='par_1_3' title="bbox 159 1739 2294 1954">
     <span class='ocr_line' id='line_1_14' title="bbox 257 1739 2294 1843; baseline 0.001 -26"><span class='ocrx_word' id='word_1_103' title='bbox 257 1749 382 1834; x_wconf 88' lang='lat' dir='ltr'><strong>Et,</strong></span> <span class='ocrx_word' id='word_1_104' title='bbox 417 1747 766 1843; x_wconf 87' lang='lat' dir='ltr'><strong>quoniam</strong></span> <span class='ocrx_word' id='word_1_105' title='bbox 795 1759 920 1814; x_wconf 91' lang='lat' dir='ltr'><strong>tua</strong></span> <span class='ocrx_word' id='word_1_106' title='bbox 949 1739 1088 1812; x_wconf 87' lang='lat' dir='ltr'><strong>fuit</strong></span> <span class='ocrx_word' id='word_1_107' title='bbox 1113 1739 1535 1839; x_wconf 86' lang='lat' dir='ltr'><strong>perelegans</strong></span> <span class='ocrx_word' id='word_1_108' title='bbox 1570 1765 1653 1814; x_wconf 93' lang='lat' dir='ltr'><strong>ac</strong></span> <span class='ocrx_word' id='word_1_109' title='bbox 1687 1743 2101 1840; x_wconf 88' lang='lat' dir='ltr'><strong>persubtilis</strong></span> <span class='ocrx_word' id='word_1_110' title='bbox 2132 1773 2294 1821; x_wconf 89' lang='lat' dir='ltr'><strong>ora·</strong></span> 
     </span>
     <span class='ocr_line' id='line_1_15' title="bbox 159 1845 2294 1954; baseline 0.002 -28"><span class='ocrx_word' id='word_1_111' title='bbox 159 1857 302 1944; x_wconf 89' lang='lat' dir='ltr'><strong>tio,</strong></span> <span class='ocrx_word' id='word_1_112' title='bbox 356 1855 576 1954; x_wconf 86' lang='lat' dir='ltr'><strong>digna</strong></span> <span class='ocrx_word' id='word_1_113' title='bbox 631 1855 894 1954; x_wconf 87' lang='lat' dir='ltr'><strong>equitis</strong></span> <span class='ocrx_word' id='word_1_114' title='bbox 943 1845 1274 1923; x_wconf 81' lang='lat' dir='ltr'><strong>romani⁶</strong></span> <span class='ocrx_word' id='word_1_115' title='bbox 1324 1849 1442 1921; x_wconf 79' lang='lat' dir='ltr'><strong>vel</strong></span> <span class='ocrx_word' id='word_1_116' title='bbox 1490 1851 1775 1941; x_wconf 83' lang='lat' dir='ltr'><strong>studio,</strong></span> <span class='ocrx_word' id='word_1_117' title='bbox 1820 1853 1934 1926; x_wconf 85' lang='lat' dir='ltr'><strong>vel</strong></span> <span class='ocrx_word' id='word_1_118' title='bbox 1977 1855 2294 1953; x_wconf 82' lang='lat' dir='ltr'><strong>pudore3</strong></span> 
     </span>
    </p>
   </div>
   <div class='ocr_carea' id='block_1_2' title="bbox 233 2021 2297 2104">
    <p class='ocr_par' dir='ltr' id='par_1_4' title="bbox 233 2021 2297 2104">
     <span class='ocr_line' id='line_1_16' title="bbox 233 2021 2297 2104; baseline 0 -16"><span class='ocrx_word' id='word_1_119' title='bbox 233 2057 284 2104; x_wconf 82' lang='lat'><strong>9.</strong></span> <span class='ocrx_word' id='word_1_120' title='bbox 329 2021 538 2098; x_wconf 72' lang='lat' dir='ltr'><strong>Auilivi,</strong></span> <span class='ocrx_word' id='word_1_121' title='bbox 585 2055 678 2104; x_wconf 84' lang='lat' dir='ltr'><strong>pro</strong></span> <span class='ocrx_word' id='word_1_122' title='bbox 713 2035 917 2094; x_wconf 72' lang='lat' dir='ltr'><strong>auditu,</strong></span> <span class='ocrx_word' id='word_1_123' title='bbox 965 2045 1020 2083; x_wconf 91' lang='lat' dir='ltr'><strong>nt</strong></span> <span class='ocrx_word' id='word_1_124' title='bbox 1068 2041 1181 2080; x_wconf 87' lang='lat' dir='ltr'><strong>aute</strong></span> <span class='ocrx_word' id='word_1_125' title='bbox 1265 2031 1505 2082; x_wconf 87' lang='lat' dir='ltr'><strong>honorem</strong></span> <span class='ocrx_word' id='word_1_126' title='bbox 1525 2036 1731 2095; x_wconf 70' lang='lat' dir='ltr'><strong>evectis,</strong></span> <span class='ocrx_word' id='word_1_127' title='bbox 1758 2038 1984 2086; x_wconf 79' lang='lat' dir='ltr'><strong>conaulto</strong></span> <span class='ocrx_word' id='word_1_128' title='bbox 2030 2041 2173 2088; x_wconf 78' lang='lat' dir='ltr'><strong>omisi</strong></span> <span class='ocrx_word' id='word_1_129' title='bbox 2210 2059 2297 2089; x_wconf 85' lang='lat' dir='ltr'><strong>ex-</strong></span> 
     </span>
    </p>
   </div>
   <div class='ocr_carea' id='block_1_3' title="bbox 153 2113 1182 4095">
    <p class='ocr_par' dir='ltr' id='par_1_5' title="bbox 155 2113 1182 2423">
     <span class='ocr_line' id='line_1_17' title="bbox 159 2113 1182 2176; baseline -0.01 -6"><span class='ocrx_word' id='word_1_130' title='bbox 159 2119 444 2176; x_wconf 66' lang='lat' dir='ltr'><strong>Lambimm</strong></span> <span class='ocrx_word' id='word_1_131' title='bbox 477 2117 726 2167; x_wconf 73' lang='lat' dir='ltr'><strong>edebatur.</strong></span> <span class='ocrx_word' id='word_1_132' title='bbox 757 2115 1020 2164; x_wconf 71' lang='lat' dir='ltr'><strong>Lambinus</strong></span> <span class='ocrx_word' id='word_1_133' title='bbox 1044 2113 1182 2162; x_wconf 85' lang='lat' dir='ltr'><strong>dedit</strong></span> 
     </span>
     <span class='ocr_line' id='line_1_18' title="bbox 157 2195 1179 2260; baseline -0.008 -12"><span class='ocrx_word' id='word_1_134' title='bbox 157 2199 328 2248; x_wconf 71' lang='lat' dir='ltr'><strong>audivi</strong></span> <span class='ocrx_word' id='word_1_135' title='bbox 337 2235 356 2258; x_wconf 88' lang='lat'><strong>,</strong></span> <span class='ocrx_word' id='word_1_136' title='bbox 398 2199 459 2246; x_wconf 88' lang='lat' dir='ltr'><strong>de</strong></span> <span class='ocrx_word' id='word_1_137' title='bbox 479 2200 756 2260; x_wconf 72' lang='lat' dir='ltr'><strong>conjectura</strong></span> <span class='ocrx_word' id='word_1_138' title='bbox 777 2195 1029 2252; x_wconf 76' lang='lat' dir='ltr'><strong>Memmii,</strong></span> <span class='ocrx_word' id='word_1_139' title='bbox 1057 2209 1179 2242; x_wconf 87' lang='lat' dir='ltr'><strong>cou-</strong></span> 
     </span>
     <span class='ocr_line' id='line_1_19' title="bbox 157 2274 1179 2335; baseline -0.007 -6"><span class='ocrx_word' id='word_1_140' title='bbox 157 2278 348 2329; x_wconf 80' lang='lat' dir='ltr'><strong>firmata</strong></span> <span class='ocrx_word' id='word_1_141' title='bbox 369 2295 397 2328; x_wconf 93' lang='lat' dir='ltr'><strong>a</strong></span> <span class='ocrx_word' id='word_1_142' title='bbox 419 2280 522 2327; x_wconf 80' lang='lat' dir='ltr'><strong>Pal.</strong></span> <span class='ocrx_word' id='word_1_143' title='bbox 548 2279 694 2327; x_wconf 84' lang='lat' dir='ltr'><strong>tertio</strong></span> <span class='ocrx_word' id='word_1_144' title='bbox 724 2276 947 2335; x_wconf 85' lang='lat' dir='ltr'><strong>Gruteri‚</strong></span> <span class='ocrx_word' id='word_1_145' title='bbox 978 2274 1179 2324; x_wconf 86' lang='lat' dir='ltr'><strong>Barber.</strong></span> 
     </span>
     <span class='ocr_line' id='line_1_20' title="bbox 155 2356 1069 2423; baseline -0.007 -13"><span class='ocrx_word' id='word_1_146' title='bbox 155 2362 325 2410; x_wconf 82' lang='lat' dir='ltr'><strong>Garat.</strong></span> <span class='ocrx_word' id='word_1_147' title='bbox 343 2362 512 2409; x_wconf 77' lang='lat' dir='ltr'><strong>Bavar.</strong></span> <span class='ocrx_word' id='word_1_148' title='bbox 535 2370 583 2407; x_wconf 91' lang='lat' dir='ltr'><strong>et</strong></span> <span class='ocrx_word' id='word_1_149' title='bbox 610 2369 823 2423; x_wconf 84' lang='lat' dir='ltr'><strong>quatuor</strong></span> <span class='ocrx_word' id='word_1_150' title='bbox 849 2356 1069 2405; x_wconf 83' lang='lat' dir='ltr'><strong>Britann.</strong></span> 
     </span>
    </p>

    <p class='ocr_par' dir='ltr' id='par_1_6' title="bbox 153 2436 1180 2665">
     <span class='ocr_line' id='line_1_21' title="bbox 227 2436 1178 2489; baseline -0.007 0"><span class='ocrx_word' id='word_1_151' title='bbox 227 2440 422 2489; x_wconf 71' lang='grc' dir='ltr'><strong>ΠΝ.</strong></span> <span class='ocrx_word' id='word_1_152' title='bbox 451 2454 497 2487; x_wconf 78' lang='lat'><strong>1.</strong></span> <span class='ocrx_word' id='word_1_153' title='bbox 534 2438 622 2486; x_wconf 75' lang='lat' dir='ltr'><strong>Aa</strong></span> <span class='ocrx_word' id='word_1_154' title='bbox 656 2442 708 2488; x_wconf 82' lang='lat' dir='ltr'><strong>L.</strong></span> <span class='ocrx_word' id='word_1_155' title='bbox 746 2436 988 2486; x_wconf 78' lang='lat' dir='ltr'><strong>Cassium.</strong></span> <span class='ocrx_word' id='word_1_156' title='bbox 1027 2437 1178 2485; x_wconf 81' lang='lat' dir='ltr'><strong>Juve-</strong></span> 
     </span>
     <span class='ocr_line' id='line_1_22' title="bbox 155 2516 1180 2583; baseline -0.004 -16"><span class='ocrx_word' id='word_1_157' title='bbox 155 2534 268 2567; x_wconf 77' lang='lat' dir='ltr'><strong>nem</strong></span> <span class='ocrx_word' id='word_1_158' title='bbox 285 2552 302 2578; x_wconf 89' lang='lat'><strong>,</strong></span> <span class='ocrx_word' id='word_1_159' title='bbox 322 2520 410 2583; x_wconf 87' lang='lat' dir='ltr'><strong>qui</strong></span> <span class='ocrx_word' id='word_1_160' title='bbox 434 2536 486 2569; x_wconf 79' lang='lat' dir='ltr'><strong>se</strong></span> <span class='ocrx_word' id='word_1_161' title='bbox 509 2519 781 2568; x_wconf 74' lang='lat' dir='ltr'><strong>accusatori</strong></span> <span class='ocrx_word' id='word_1_162' title='bbox 800 2516 1180 2582; x_wconf 72' lang='lat' dir='ltr'><strong>subscriptorem</strong></span> 
     </span>
     <span class='ocr_line' id='line_1_23' title="bbox 153 2598 912 2665; baseline 0 -19"><span class='ocrx_word' id='word_1_163' title='bbox 153 2599 210 2646; x_wconf 87' lang='lat' dir='ltr'><strong>in</strong></span> <span class='ocrx_word' id='word_1_164' title='bbox 236 2598 330 2647; x_wconf 81' lang='lat' dir='ltr'><strong>hac</strong></span> <span class='ocrx_word' id='word_1_165' title='bbox 357 2615 498 2648; x_wconf 78' lang='lat' dir='ltr'><strong>cauea</strong></span> <span class='ocrx_word' id='word_1_166' title='bbox 523 2601 769 2665; x_wconf 77' lang='lat' dir='ltr'><strong>profesaua</strong></span> <span class='ocrx_word' id='word_1_167' title='bbox 793 2609 912 2647; x_wconf 78' lang='lat' dir='ltr'><strong>erat·</strong></span> 
     </span>
    </p>

    <p class='ocr_par' dir='ltr' id='par_1_7' title="bbox 153 2678 1182 4095">
     <span class='ocr_line' id='line_1_24' title="bbox 231 2678 1178 2741; baseline -0.004 -15"><span class='ocrx_word' id='word_1_168' title='bbox 231 2693 279 2726; x_wconf 78' lang='lat'><strong>2.</strong></span> <span class='ocrx_word' id='word_1_169' title='bbox 309 2678 455 2727; x_wconf 78' lang='lat' dir='ltr'><strong>Illum</strong></span> <span class='ocrx_word' id='word_1_170' title='bbox 481 2678 756 2727; x_wconf 69' lang='lat' dir='ltr'><strong>Iuventium</strong></span> <span class='ocrx_word' id='word_1_171' title='bbox 775 2690 928 2727; x_wconf 78' lang='lat' dir='ltr'><strong>tecum</strong></span> <span class='ocrx_word' id='word_1_172' title='bbox 948 2686 1178 2741; x_wconf 71' lang='lat' dir='ltr'><strong>expostu-</strong></span> 
     </span>
     <span class='ocr_line' id='line_1_25' title="bbox 153 2757 1174 2807; baseline -0.004 -2"><span class='ocrx_word' id='word_1_173' title='bbox 153 2757 276 2807; x_wconf 72' lang='lat' dir='ltr'><strong>Ian.</strong></span> <span class='ocrx_word' id='word_1_174' title='bbox 303 2760 584 2807; x_wconf 77' lang='lat' dir='ltr'><strong>Meminiaae</strong></span> <span class='ocrx_word' id='word_1_175' title='bbox 619 2758 852 2807; x_wconf 72' lang='lat' dir='ltr'><strong>debemus</strong></span> <span class='ocrx_word' id='word_1_176' title='bbox 870 2760 1174 2805; x_wconf 73' lang='lat' dir='ltr'><strong>hterenaem</strong></span> 
     </span>
     <span class='ocr_line' id='line_1_26' title="bbox 153 2834 1176 2903; baseline -0.003 -19"><span class='ocrx_word' id='word_1_177' title='bbox 153 2838 318 2902; x_wconf 68' lang='lat' dir='ltr'><strong>ipsum</strong></span> <span class='ocrx_word' id='word_1_178' title='bbox 337 2839 632 2889; x_wconf 82' lang='lat' dir='ltr'><strong>exJuventia</strong></span> <span class='ocrx_word' id='word_1_179' title='bbox 651 2848 793 2903; x_wconf 82' lang='lat' dir='ltr'><strong>gente</strong></span> <span class='ocrx_word' id='word_1_180' title='bbox 811 2834 1176 2885; x_wconf 81' lang='lat' dir='ltr'><strong>fuisae.Dixiaae</strong></span> 
     </span>
     <span class='ocr_line' id='line_1_27' title="bbox 153 2914 1175 2981; baseline -0.002 -18"><span class='ocrx_word' id='word_1_181' title='bbox 153 2916 306 2981; x_wconf 65' lang='lat' dir='ltr'><strong>igitur</strong></span> <span class='ocrx_word' id='word_1_182' title='bbox 321 2933 408 2965; x_wconf 81' lang='lat' dir='ltr'><strong>aua</strong></span> <span class='ocrx_word' id='word_1_183' title='bbox 433 2919 486 2965; x_wconf 86' lang='lat' dir='ltr'><strong>in</strong></span> <span class='ocrx_word' id='word_1_184' title='bbox 513 2918 734 2967; x_wconf 86' lang='lat' dir='ltr'><strong>oratione</strong></span> <span class='ocrx_word' id='word_1_185' title='bbox 755 2916 949 2965; x_wconf 80' lang='lat' dir='ltr'><strong>videtur</strong></span> <span class='ocrx_word' id='word_1_186' title='bbox 979 2916 1034 2964; x_wconf 84' lang='lat'><strong>1..</strong></span> <span class='ocrx_word' id='word_1_187' title='bbox 1056 2914 1175 2963; x_wconf 76' lang='lat' dir='ltr'><strong>Can·</strong></span> 
     </span>
     <span class='ocr_line' id='line_1_28' title="bbox 153 2992 1176 3059; baseline -0.002 -16"><span class='ocrx_word' id='word_1_188' title='bbox 153 2996 256 3043; x_wconf 83' lang='lat' dir='ltr'><strong>aina</strong></span> <span class='ocrx_word' id='word_1_189' title='bbox 276 3009 291 3045; x_wconf 89' lang='lat'><strong>:</strong></span> <span class='ocrx_word' id='word_1_190' title='bbox 317 3012 468 3059; x_wconf 85' lang='lat' dir='ltr'><strong>quum</strong></span> <span class='ocrx_word' id='word_1_191' title='bbox 485 2998 516 3045; x_wconf 83' lang='lat' dir='ltr'><strong>J</strong></span> <span class='ocrx_word' id='word_1_192' title='bbox 520 2997 744 3043; x_wconf 71' lang='lat' dir='ltr'><strong>aventina</strong></span> <span class='ocrx_word' id='word_1_193' title='bbox 771 2995 944 3058; x_wconf 79' lang='lat' dir='ltr'><strong>aliquia</strong></span> <span class='ocrx_word' id='word_1_194' title='bbox 958 3028 972 3053; x_wconf 90' lang='lat'><strong>,</strong></span> <span class='ocrx_word' id='word_1_195' title='bbox 994 2992 1054 3041; x_wconf 89' lang='lat' dir='ltr'><strong>de</strong></span> <span class='ocrx_word' id='word_1_196' title='bbox 1075 3009 1176 3058; x_wconf 90' lang='lat' dir='ltr'><strong>quo</strong></span> 
     </span>
     <span class='ocr_line' id='line_1_29' title="bbox 155 3074 1174 3140; baseline -0.003 -17"><span class='ocrx_word' id='word_1_197' title='bbox 155 3074 280 3123; x_wconf 83' lang='lat' dir='ltr'><strong>nihil</strong></span> <span class='ocrx_word' id='word_1_198' title='bbox 318 3087 550 3140; x_wconf 70' lang='lat' dir='ltr'><strong>preterea</strong></span> <span class='ocrx_word' id='word_1_199' title='bbox 587 3086 811 3137; x_wconf 76' lang='lat' dir='ltr'><strong>constat,</strong></span> <span class='ocrx_word' id='word_1_200' title='bbox 851 3074 1036 3138; x_wconf 78' lang='lat' dir='ltr'><strong>primus</strong></span> <span class='ocrx_word' id='word_1_201' title='bbox 1070 3088 1174 3121; x_wconf 85' lang='lat' dir='ltr'><strong>om-</strong></span> 
     </span>
     <span class='ocr_line' id='line_1_30' title="bbox 154 3152 1177 3217; baseline -0.002 -14"><span class='ocrx_word' id='word_1_202' title='bbox 154 3155 304 3203; x_wconf 74' lang='lat' dir='ltr'><strong>nium&#39;</strong></span> <span class='ocrx_word' id='word_1_203' title='bbox 336 3154 490 3203; x_wconf 78' lang='lat' dir='ltr'><strong>aedilia</strong></span> <span class='ocrx_word' id='word_1_204' title='bbox 535 3154 717 3202; x_wconf 85' lang='lat' dir='ltr'><strong>curulia</strong></span> <span class='ocrx_word' id='word_1_205' title='bbox 761 3171 788 3202; x_wconf 92' lang='lat' dir='ltr'><strong>e</strong></span> <span class='ocrx_word' id='word_1_206' title='bbox 834 3153 976 3217; x_wconf 84' lang='lat' dir='ltr'><strong>plebe</strong></span> <span class='ocrx_word' id='word_1_207' title='bbox 1024 3152 1177 3201; x_wconf 70' lang='lat' dir='ltr'><strong>sactus</strong></span> 
     </span>
     <span class='ocr_line' id='line_1_31' title="bbox 155 3232 1177 3297; baseline -0.003 -15"><span class='ocrx_word' id='word_1_208' title='bbox 155 3234 328 3293; x_wconf 80' lang='lat' dir='ltr'><strong>fuerit,</strong></span> <span class='ocrx_word' id='word_1_209' title='bbox 352 3250 454 3282; x_wconf 84' lang='lat' dir='ltr'><strong>rem</strong></span> <span class='ocrx_word' id='word_1_210' title='bbox 493 3232 760 3281; x_wconf 77' lang='lat' dir='ltr'><strong>admodum</strong></span> <span class='ocrx_word' id='word_1_211' title='bbox 796 3233 1014 3297; x_wconf 85' lang='lat' dir='ltr'><strong>iniquam</strong></span> <span class='ocrx_word' id='word_1_212' title='bbox 1048 3248 1177 3292; x_wconf 78' lang='lat' dir='ltr'><strong>ease,</strong></span> 
     </span>
     <span class='ocr_line' id='line_1_32' title="bbox 153 3310 1180 3377; baseline -0.003 -16"><span class='ocrx_word' id='word_1_213' title='bbox 153 3312 298 3377; x_wconf 84' lang='lat' dir='ltr'><strong>quod</strong></span> <span class='ocrx_word' id='word_1_214' title='bbox 324 3314 624 3361; x_wconf 72' lang='lat' dir='ltr'><strong>Laterensem</strong></span> <span class='ocrx_word' id='word_1_215' title='bbox 653 3313 799 3374; x_wconf 72' lang='lat' dir='ltr'><strong>hujus</strong></span> <span class='ocrx_word' id='word_1_216' title='bbox 827 3312 920 3361; x_wconf 84' lang='lat' dir='ltr'><strong>viri</strong></span> <span class='ocrx_word' id='word_1_217' title='bbox 945 3310 1180 3359; x_wconf 82' lang='lat' dir='ltr'><strong>memoria</strong></span> 
     </span>
     <span class='ocr_line' id='line_1_33' title="bbox 153 3391 1179 3459; baseline -0.004 -18"><span class='ocrx_word' id='word_1_218' title='bbox 153 3391 292 3459; x_wconf 84' lang='lat' dir='ltr'><strong>apud</strong></span> <span class='ocrx_word' id='word_1_219' title='bbox 315 3392 554 3459; x_wconf 77' lang='lat' dir='ltr'><strong>populum</strong></span> <span class='ocrx_word' id='word_1_220' title='bbox 585 3408 688 3441; x_wconf 80' lang='lat' dir='ltr'><strong>nou</strong></span> <span class='ocrx_word' id='word_1_221' title='bbox 716 3392 972 3454; x_wconf 76' lang='lat' dir='ltr'><strong>adiuverit.</strong></span> <span class='ocrx_word' id='word_1_222' title='bbox 1005 3391 1179 3440; x_wconf 88' lang='lat' dir='ltr'><strong>Cicero</strong></span> 
     </span>
     <span class='ocr_line' id='line_1_34' title="bbox 154 3470 1182 3536; baseline 0 -17"><span class='ocrx_word' id='word_1_223' title='bbox 154 3489 274 3521; x_wconf 75' lang='lat' dir='ltr'><strong>vero</strong></span> <span class='ocrx_word' id='word_1_224' title='bbox 292 3488 444 3536; x_wconf 85' lang='lat' dir='ltr'><strong>quum</strong></span> <span class='ocrx_word' id='word_1_225' title='bbox 467 3472 528 3520; x_wconf 89' lang='lat' dir='ltr'><strong>de</strong></span> <span class='ocrx_word' id='word_1_226' title='bbox 553 3472 694 3521; x_wconf 71' lang='lat' dir='ltr'><strong>istius</strong></span> <span class='ocrx_word' id='word_1_227' title='bbox 719 3472 957 3523; x_wconf 84' lang='lat' dir='ltr'><strong>electione</strong></span> <span class='ocrx_word' id='word_1_228' title='bbox 985 3470 1182 3521; x_wconf 85' lang='lat' dir='ltr'><strong>dubita-</strong></span> 
     </span>
     <span class='ocr_line' id='line_1_35' title="bbox 155 3550 1182 3615; baseline -0.003 -15"><span class='ocrx_word' id='word_1_229' title='bbox 155 3562 228 3600; x_wconf 83' lang='lat' dir='ltr'><strong>ret</strong></span> <span class='ocrx_word' id='word_1_230' title='bbox 243 3587 259 3611; x_wconf 92' lang='lat'><strong>,</strong></span> <span class='ocrx_word' id='word_1_231' title='bbox 297 3551 538 3615; x_wconf 75' lang='lat' dir='ltr'><strong>simulque</strong></span> <span class='ocrx_word' id='word_1_232' title='bbox 563 3551 795 3601; x_wconf 76' lang='lat' dir='ltr'><strong>incertam</strong></span> <span class='ocrx_word' id='word_1_233' title='bbox 830 3562 976 3615; x_wconf 81' lang='lat' dir='ltr'><strong>atque</strong></span> <span class='ocrx_word' id='word_1_234' title='bbox 1004 3550 1182 3599; x_wconf 83' lang='lat' dir='ltr'><strong>intem·</strong></span> 
     </span>
     <span class='ocr_line' id='line_1_36' title="bbox 153 3630 1180 3697; baseline -0.002 -18"><span class='ocrx_word' id='word_1_235' title='bbox 153 3632 394 3697; x_wconf 76' lang='lat' dir='ltr'><strong>pestivam</strong></span> <span class='ocrx_word' id='word_1_236' title='bbox 447 3633 590 3681; x_wconf 82' lang='lat' dir='ltr'><strong>etiam</strong></span> <span class='ocrx_word' id='word_1_237' title='bbox 643 3632 796 3683; x_wconf 77' lang='lat' dir='ltr'><strong>Cassii</strong></span> <span class='ocrx_word' id='word_1_238' title='bbox 849 3630 1180 3680; x_wconf 85' lang='lat' dir='ltr'><strong>eruditionem</strong></span> 
     </span>
     <span class='ocr_line' id='line_1_37' title="bbox 153 3710 1176 3771; baseline -0.004 -10"><span class='ocrx_word' id='word_1_239' title='bbox 153 3723 327 3761; x_wconf 82' lang='lat' dir='ltr'><strong>notare</strong></span> <span class='ocrx_word' id='word_1_240' title='bbox 353 3710 524 3771; x_wconf 78' lang='lat' dir='ltr'><strong>vellet,</strong></span> <span class='ocrx_word' id='word_1_241' title='bbox 550 3712 647 3760; x_wconf 84' lang='lat' dir='ltr'><strong>hoc</strong></span> <span class='ocrx_word' id='word_1_242' title='bbox 679 3712 796 3761; x_wconf 75' lang='lat' dir='ltr'><strong>satia</strong></span> <span class='ocrx_word' id='word_1_243' title='bbox 830 3710 1002 3759; x_wconf 82' lang='lat' dir='ltr'><strong>acerbe</strong></span> <span class='ocrx_word' id='word_1_244' title='bbox 1031 3710 1176 3759; x_wconf 87' lang='lat' dir='ltr'><strong>dicit:</strong></span> 
     </span>
     <span class='ocr_line' id='line_1_38' title="bbox 153 3790 1178 3855; baseline -0.001 -17"><span class='ocrx_word' id='word_1_245' title='bbox 153 3794 206 3838; x_wconf 86' lang='lat' dir='ltr'><strong>in</strong></span> <span class='ocrx_word' id='word_1_246' title='bbox 232 3792 482 3855; x_wconf 77' lang='lat' dir='ltr'><strong>superiore</strong></span> <span class='ocrx_word' id='word_1_247' title='bbox 509 3790 756 3853; x_wconf 82' lang='lat' dir='ltr'><strong>oratione,</strong></span> <span class='ocrx_word' id='word_1_248' title='bbox 783 3806 893 3855; x_wconf 82' lang='lat' dir='ltr'><strong>cap.</strong></span> <span class='ocrx_word' id='word_1_249' title='bbox 915 3806 1004 3854; x_wconf 69' lang='grc' dir='ltr'><strong>αι,</strong></span> <span class='ocrx_word' id='word_1_250' title='bbox 1025 3806 1178 3855; x_wconf 83' lang='lat' dir='ltr'><strong>quum</strong></span> 
     </span>
     <span class='ocr_line' id='line_1_39' title="bbox 154 3869 1182 3935; baseline -0.002 -16"><span class='ocrx_word' id='word_1_251' title='bbox 154 3872 219 3919; x_wconf 85' lang='lat' dir='ltr'><strong>de</strong></span> <span class='ocrx_word' id='word_1_252' title='bbox 247 3869 453 3935; x_wconf 68' lang='lat' dir='ltr'><strong>repulsis</strong></span> <span class='ocrx_word' id='word_1_253' title='bbox 471 3870 684 3919; x_wconf 66' lang='lat' dir='ltr'><strong>adilitiia</strong></span> <span class='ocrx_word' id='word_1_254' title='bbox 707 3881 946 3934; x_wconf 75' lang='lat' dir='ltr'><strong>ageretur,</strong></span> <span class='ocrx_word' id='word_1_255' title='bbox 982 3870 1060 3919; x_wconf 81' lang='lat' dir='ltr'><strong>vel</strong></span> <span class='ocrx_word' id='word_1_256' title='bbox 1086 3886 1182 3934; x_wconf 84' lang='lat' dir='ltr'><strong>po-</strong></span> 
     </span>
     <span class='ocr_line' id='line_1_40' title="bbox 153 3946 1181 4014; baseline 0.001 -16"><span class='ocrx_word' id='word_1_257' title='bbox 153 3952 254 3998; x_wconf 71' lang='lat' dir='ltr'><strong>tius</strong></span> <span class='ocrx_word' id='word_1_258' title='bbox 280 3965 391 4014; x_wconf 82' lang='lat' dir='ltr'><strong>cap.</strong></span> <span class='ocrx_word' id='word_1_259' title='bbox 413 3946 441 3999; x_wconf 84' lang='lat'><em>5</em></span> <span class='ocrx_word' id='word_1_260' title='bbox 457 3984 472 4007; x_wconf 88' lang='lat'>‚</span> <span class='ocrx_word' id='word_1_261' title='bbox 499 3965 652 4013; x_wconf 87' lang='lat' dir='ltr'><strong>qnnm</strong></span> <span class='ocrx_word' id='word_1_262' title='bbox 670 3965 828 3999; x_wconf 71' lang='lat' dir='ltr'><strong>sermo</strong></span> <span class='ocrx_word' id='word_1_263' title='bbox 847 3960 972 3999; x_wconf 78' lang='lat' dir='ltr'><strong>eaaet</strong></span> <span class='ocrx_word' id='word_1_264' title='bbox 998 3950 1059 3999; x_wconf 86' lang='lat' dir='ltr'><strong>de</strong></span> <span class='ocrx_word' id='word_1_265' title='bbox 1086 3950 1181 3999; x_wconf 83' lang='lat' dir='ltr'><strong>ho·</strong></span> 
     </span>
     <span class='ocr_line' id='line_1_41' title="bbox 153 4028 1180 4095; baseline 0 -16"><span class='ocrx_word' id='word_1_266' title='bbox 153 4028 374 4079; x_wconf 76' lang='lat' dir='ltr'><strong>minibus</strong></span> <span class='ocrx_word' id='word_1_267' title='bbox 414 4028 678 4093; x_wconf 80' lang='lat' dir='ltr'><strong>aliquando</strong></span> <span class='ocrx_word' id='word_1_268' title='bbox 721 4030 882 4079; x_wconf 82' lang='lat' dir='ltr'><strong>minus</strong></span> <span class='ocrx_word' id='word_1_269' title='bbox 925 4030 1084 4095; x_wconf 73' lang='lat' dir='ltr'><strong>dignis</strong></span> <span class='ocrx_word' id='word_1_270' title='bbox 1116 4030 1180 4079; x_wconf 86' lang='lat' dir='ltr'><strong>ad</strong></span> 
     </span>
    </p>
   </div>
   <div class='ocr_carea' id='block_1_4' title="bbox 1265 2115 2299 4094">
    <p class='ocr_par' dir='ltr' id='par_1_8' title="bbox 1265 2115 2297 3203">
     <span class='ocr_line' id='line_1_42' title="bbox 1267 2115 2294 2178; baseline 0.009 -17"><span class='ocrx_word' id='word_1_271' title='bbox 1267 2115 1517 2178; x_wconf 73' lang='lat' dir='ltr'><strong>postulare</strong></span> <span class='ocrx_word' id='word_1_272' title='bbox 1550 2127 1712 2165; x_wconf 86' lang='lat' dir='ltr'><strong>tecum</strong></span> <span class='ocrx_word' id='word_1_273' title='bbox 1726 2149 1746 2176; x_wconf 14' lang='grc' dir='ltr'><strong>,Α</strong></span> <span class='ocrx_word' id='word_1_274' title='bbox 1778 2117 2075 2178; x_wconf 73' lang='lat' dir='ltr'><strong>Laterensis,</strong></span> <span class='ocrx_word' id='word_1_275' title='bbox 2110 2121 2294 2169; x_wconf 76' lang='lat' dir='ltr'><strong>Juven-</strong></span> 
     </span>
     <span class='ocr_line' id='line_1_43' title="bbox 1267 2193 2297 2262; baseline 0.007 -20"><span class='ocrx_word' id='word_1_276' title='bbox 1267 2193 1391 2242; x_wconf 84' lang='lat' dir='ltr'><strong>tium</strong></span> <span class='ocrx_word' id='word_1_277' title='bbox 1416 2193 1556 2248; x_wconf 82' lang='lat' dir='ltr'><strong>illum</strong></span> <span class='ocrx_word' id='word_1_278' title='bbox 1576 2229 1593 2258; x_wconf 89' lang='lat'><strong>,</strong></span> <span class='ocrx_word' id='word_1_279' title='bbox 1636 2197 1699 2246; x_wconf 85' lang='lat' dir='ltr'><strong>de</strong></span> <span class='ocrx_word' id='word_1_280' title='bbox 1724 2211 1827 2262; x_wconf 82' lang='lat' dir='ltr'><strong>quo</strong></span> <span class='ocrx_word' id='word_1_281' title='bbox 1860 2198 2007 2246; x_wconf 82' lang='lat' dir='ltr'><strong>verba</strong></span> <span class='ocrx_word' id='word_1_282' title='bbox 2034 2199 2154 2248; x_wconf 76' lang='lat' dir='ltr'><strong>fecit</strong></span> <span class='ocrx_word' id='word_1_283' title='bbox 2178 2199 2297 2248; x_wconf 77' lang='lat' dir='ltr'><strong>aub-</strong></span> 
     </span>
     <span class='ocr_line' id='line_1_44' title="bbox 1267 2277 2294 2341; baseline 0.005 -18"><span class='ocrx_word' id='word_1_284' title='bbox 1267 2277 1480 2341; x_wconf 83' lang='lat' dir='ltr'><strong>acriptor</strong></span> <span class='ocrx_word' id='word_1_285' title='bbox 1504 2288 1641 2337; x_wconf 74' lang='lat' dir='ltr'><strong>tuus,</strong></span> <span class='ocrx_word' id='word_1_286' title='bbox 1666 2294 1729 2327; x_wconf 85' lang='lat' dir='ltr'><strong>ne</strong></span> <span class='ocrx_word' id='word_1_287' title='bbox 1759 2279 1862 2340; x_wconf 77' lang='lat' dir='ltr'><strong>ejua</strong></span> <span class='ocrx_word' id='word_1_288' title='bbox 1883 2278 2115 2328; x_wconf 72' lang='lat' dir='ltr'><strong>aedilitate</strong></span> <span class='ocrx_word' id='word_1_289' title='bbox 2134 2280 2294 2328; x_wconf 86' lang='lat' dir='ltr'><strong>curuli</strong></span> 
     </span>
     <span class='ocr_line' id='line_1_45' title="bbox 1265 2338 2292 2409; baseline 0.006 -6"><span class='ocrx_word' id='word_1_290' title='bbox 1265 2356 1321 2403; x_wconf 85' lang='lat' dir='ltr'><strong>in</strong></span> <span class='ocrx_word' id='word_1_291' title='bbox 1351 2355 1555 2405; x_wconf 84' lang='lat' dir='ltr'><strong>dubium</strong></span> <span class='ocrx_word' id='word_1_292' title='bbox 1574 2370 1801 2406; x_wconf 76' lang='lat' dir='ltr'><strong>revocata</strong></span> <span class='ocrx_word' id='word_1_293' title='bbox 1828 2369 1877 2407; x_wconf 86' lang='lat' dir='ltr'><strong>te</strong></span> <span class='ocrx_word' id='word_1_294' title='bbox 1904 2338 2103 2408; x_wconf 58' lang='lat' dir='ltr'><strong>fortasse</strong></span> <span class='ocrx_word' id='word_1_295' title='bbox 2131 2360 2292 2409; x_wconf 76' lang='lat' dir='ltr'><strong>offen·</strong></span> 
     </span>
     <span class='ocr_line' id='line_1_46' title="bbox 1269 2434 2291 2503; baseline 0.004 -20"><span class='ocrx_word' id='word_1_296' title='bbox 1269 2434 1460 2495; x_wconf 60' lang='lat' dir='ltr'><strong>detentu</strong></span> <span class='ocrx_word' id='word_1_297' title='bbox 1498 2452 1657 2503; x_wconf 86' lang='lat' dir='ltr'><strong>neque</strong></span> <span class='ocrx_word' id='word_1_298' title='bbox 1692 2437 1881 2501; x_wconf 84' lang='lat' dir='ltr'><strong>inatlti,</strong></span> <span class='ocrx_word' id='word_1_299' title='bbox 1909 2447 1963 2486; x_wconf 83' lang='lat' dir='ltr'><strong>ut</strong></span> <span class='ocrx_word' id='word_1_300' title='bbox 2000 2448 2155 2487; x_wconf 75' lang='lat' dir='ltr'><strong>totam</strong></span> <span class='ocrx_word' id='word_1_301' title='bbox 2190 2454 2291 2487; x_wconf 80' lang='lat' dir='ltr'><strong>rem</strong></span> 
     </span>
     <span class='ocr_line' id='line_1_47' title="bbox 1266 2516 2295 2581; baseline 0.006 -18"><span class='ocrx_word' id='word_1_302' title='bbox 1266 2516 1347 2563; x_wconf 81' lang='lat' dir='ltr'><strong>vel</strong></span> <span class='ocrx_word' id='word_1_303' title='bbox 1370 2516 1545 2565; x_wconf 84' lang='lat' dir='ltr'><strong>idonea</strong></span> <span class='ocrx_word' id='word_1_304' title='bbox 1571 2519 1859 2567; x_wconf 86' lang='lat' dir='ltr'><strong>auctoritate</strong></span> <span class='ocrx_word' id='word_1_305' title='bbox 1884 2528 1941 2567; x_wconf 86' lang='lat' dir='ltr'><strong>tu</strong></span> <span class='ocrx_word' id='word_1_306' title='bbox 1958 2516 2195 2581; x_wconf 73' lang='lat' dir='ltr'><strong>firmares,</strong></span> <span class='ocrx_word' id='word_1_307' title='bbox 2214 2524 2295 2571; x_wconf 82' lang='lat' dir='ltr'><strong>vel</strong></span> 
     </span>
     <span class='ocr_line' id='line_1_48' title="bbox 1267 2594 2293 2662; baseline 0.003 -21"><span class='ocrx_word' id='word_1_308' title='bbox 1267 2596 1377 2660; x_wconf 80' lang='lat' dir='ltr'><strong>ipae</strong></span> <span class='ocrx_word' id='word_1_309' title='bbox 1410 2594 1741 2655; x_wconf 76' lang='lat' dir='ltr'><strong>confitereris,</strong></span> <span class='ocrx_word' id='word_1_310' title='bbox 1760 2597 1899 2647; x_wconf 83' lang='lat' dir='ltr'><strong>illum</strong></span> <span class='ocrx_word' id='word_1_311' title='bbox 1928 2598 2137 2662; x_wconf 81' lang='lat' dir='ltr'><strong>primum</strong></span> <span class='ocrx_word' id='word_1_312' title='bbox 2171 2596 2293 2645; x_wconf 73' lang='lat' dir='ltr'><strong>zedi-</strong></span> 
     </span>
     <span class='ocr_line' id='line_1_49' title="bbox 1267 2674 2293 2742; baseline 0.001 -19"><span class='ocrx_word' id='word_1_313' title='bbox 1267 2674 1367 2723; x_wconf 82' lang='lat' dir='ltr'><strong>lem</strong></span> <span class='ocrx_word' id='word_1_314' title='bbox 1392 2676 1609 2725; x_wconf 84' lang='lat' dir='ltr'><strong>curulem</strong></span> <span class='ocrx_word' id='word_1_315' title='bbox 1635 2694 1663 2725; x_wconf 90' lang='lat' dir='ltr'><strong>e</strong></span> <span class='ocrx_word' id='word_1_316' title='bbox 1687 2677 1831 2742; x_wconf 84' lang='lat' dir='ltr'><strong>plebe</strong></span> <span class='ocrx_word' id='word_1_317' title='bbox 1858 2693 1971 2725; x_wconf 78' lang='lat' dir='ltr'><strong>sane</strong></span> <span class='ocrx_word' id='word_1_318' title='bbox 2002 2692 2105 2725; x_wconf 83' lang='lat' dir='ltr'><strong>uon</strong></span> <span class='ocrx_word' id='word_1_319' title='bbox 2130 2676 2293 2724; x_wconf 77' lang='lat' dir='ltr'><strong>fuisse.</strong></span> 
     </span>
     <span class='ocr_line' id='line_1_50' title="bbox 1273 2756 2293 2823; baseline 0 -18"><span class='ocrx_word' id='word_1_320' title='bbox 1273 2757 1472 2820; x_wconf 76' lang='lat' dir='ltr'><strong>Optime</strong></span> <span class='ocrx_word' id='word_1_321' title='bbox 1496 2756 1647 2821; x_wconf 75' lang='lat' dir='ltr'><strong>igitur</strong></span> <span class='ocrx_word' id='word_1_322' title='bbox 1677 2758 1833 2807; x_wconf 80' lang='lat' dir='ltr'><strong>habet</strong></span> <span class='ocrx_word' id='word_1_323' title='bbox 1850 2756 2149 2823; x_wconf 68' lang='lat' dir='ltr'><strong>esposmlavi</strong></span> <span class='ocrx_word' id='word_1_324' title='bbox 2164 2774 2187 2815; x_wconf 92' lang='lat'><strong>,·</strong></span> <span class='ocrx_word' id='word_1_325' title='bbox 2204 2772 2293 2805; x_wconf 81' lang='lat' dir='ltr'><strong>ne-</strong></span> 
     </span>
     <span class='ocr_line' id='line_1_51' title="bbox 1273 2833 2294 2899; baseline 0 -14"><span class='ocrx_word' id='word_1_326' title='bbox 1273 2852 1373 2899; x_wconf 86' lang='lat' dir='ltr'><strong>que</strong></span> <span class='ocrx_word' id='word_1_327' title='bbox 1425 2846 1528 2884; x_wconf 86' lang='lat' dir='ltr'><strong>erat</strong></span> <span class='ocrx_word' id='word_1_328' title='bbox 1582 2852 1672 2884; x_wconf 87' lang='lat' dir='ltr'><strong>cur</strong></span> <span class='ocrx_word' id='word_1_329' title='bbox 1713 2833 1999 2893; x_wconf 76' lang='lat' dir='ltr'><strong>Schiitaiua,</strong></span> <span class='ocrx_word' id='word_1_330' title='bbox 2031 2836 2294 2899; x_wconf 84' lang='lat' dir='ltr'><strong>plaudente</strong></span> 
     </span>
     <span class='ocr_line' id='line_1_52' title="bbox 1274 2912 2297 2979; baseline 0.001 -18"><span class='ocrx_word' id='word_1_331' title='bbox 1274 2912 1465 2962; x_wconf 80' lang='lat' dir='ltr'><strong>Wolfio</strong></span> <span class='ocrx_word' id='word_1_332' title='bbox 1485 2947 1500 2971; x_wconf 88' lang='lat'><strong>,</strong></span> <span class='ocrx_word' id='word_1_333' title='bbox 1538 2914 1775 2977; x_wconf 82' lang='lat' dir='ltr'><strong>reciperet</strong></span> <span class='ocrx_word' id='word_1_334' title='bbox 1798 2923 2143 2979; x_wconf 73' lang='lat' dir='ltr'><strong>proepoateram</strong></span> <span class='ocrx_word' id='word_1_335' title='bbox 2169 2916 2297 2963; x_wconf 84' lang='lat' dir='ltr'><strong>Pan-</strong></span> 
     </span>
     <span class='ocr_line' id='line_1_53' title="bbox 1273 2992 2295 3059; baseline 0.003 -19"><span class='ocrx_word' id='word_1_336' title='bbox 1273 2992 1459 3056; x_wconf 72' lang='lat' dir='ltr'><strong>tagathi</strong></span> <span class='ocrx_word' id='word_1_337' title='bbox 1476 2992 1831 3041; x_wconf 84' lang='lat' dir='ltr'><strong>correctionem</strong></span> <span class='ocrx_word' id='word_1_338' title='bbox 1848 2994 2187 3059; x_wconf 76' lang='lat' dir='ltr'><strong>expostulabo,</strong></span> <span class='ocrx_word' id='word_1_339' title='bbox 2208 3010 2295 3043; x_wconf 86' lang='lat' dir='ltr'><strong>ue-</strong></span> 
     </span>
     <span class='ocr_line' id='line_1_54' title="bbox 1273 3070 2296 3139; baseline -0.002 -16"><span class='ocrx_word' id='word_1_340' title='bbox 1273 3089 1371 3137; x_wconf 79' lang='lat' dir='ltr'><strong>que</strong></span> <span class='ocrx_word' id='word_1_341' title='bbox 1400 3088 1489 3120; x_wconf 88' lang='lat' dir='ltr'><strong>cur</strong></span> <span class='ocrx_word' id='word_1_342' title='bbox 1507 3070 1753 3121; x_wconf 76' lang='lat' dir='ltr'><strong>Weiakiua</strong></span> <span class='ocrx_word' id='word_1_343' title='bbox 1780 3072 2045 3134; x_wconf 79' lang='lat' dir='ltr'><strong>conjiceret</strong></span> <span class='ocrx_word' id='word_1_344' title='bbox 2068 3084 2296 3139; x_wconf 68' lang='lat' dir='ltr'><strong>exposcu-</strong></span> 
     </span>
     <span class='ocr_line' id='line_1_55' title="bbox 1266 3153 1483 3203; baseline 0 0"><span class='ocrx_word' id='word_1_345' title='bbox 1266 3153 1483 3203; x_wconf 70' lang='lat' dir='ltr'><strong>laverim.</strong></span> 
     </span>
    </p>

    <p class='ocr_par' dir='ltr' id='par_1_9' title="bbox 1267 3231 2297 3455">
     <span class='ocr_line' id='line_1_56' title="bbox 1338 3231 2293 3297; baseline 0.003 -15"><span class='ocrx_word' id='word_1_346' title='bbox 1338 3235 1389 3282; x_wconf 81' lang='lat'><strong>3.</strong></span> <span class='ocrx_word' id='word_1_347' title='bbox 1421 3231 1643 3283; x_wconf 77' lang='lat' dir='ltr'><strong>Nescisse</strong></span> <span class='ocrx_word' id='word_1_348' title='bbox 1672 3231 1729 3280; x_wconf 72' lang='lat' dir='ltr'><strong>id</strong></span> <span class='ocrx_word' id='word_1_349' title='bbox 1742 3233 1985 3297; x_wconf 77' lang='lat' dir='ltr'><strong>populum</strong></span> <span class='ocrx_word' id='word_1_350' title='bbox 2016 3250 2293 3285; x_wconf 76' lang='lat' dir='ltr'><strong>romanum.</strong></span> 
     </span>
     <span class='ocr_line' id='line_1_57' title="bbox 1268 3311 2297 3380; baseline 0.004 -19"><span class='ocrx_word' id='word_1_351' title='bbox 1268 3314 1436 3376; x_wconf 81' lang='lat' dir='ltr'><strong>Quum</strong></span> <span class='ocrx_word' id='word_1_352' title='bbox 1450 3312 1511 3361; x_wconf 68' lang='lat' dir='ltr'><strong>ele</strong></span> <span class='ocrx_word' id='word_1_353' title='bbox 1532 3311 1777 3359; x_wconf 81' lang='lat' dir='ltr'><strong>Lateremi</strong></span> <span class='ocrx_word' id='word_1_354' title='bbox 1800 3312 2080 3363; x_wconf 74' lang='lat' dir='ltr'><strong>oedilitatem</strong></span> <span class='ocrx_word' id='word_1_355' title='bbox 2100 3325 2297 3380; x_wconf 80' lang='lat' dir='ltr'><strong>petente</strong></span> 
     </span>
     <span class='ocr_line' id='line_1_58' title="bbox 1267 3392 1689 3455; baseline 0.002 -16"><span class='ocrx_word' id='word_1_356' title='bbox 1267 3393 1419 3441; x_wconf 80' lang='lat' dir='ltr'><strong>ferret</strong></span> <span class='ocrx_word' id='word_1_357' title='bbox 1436 3392 1689 3455; x_wconf 55' lang='grc' dir='ltr'><strong>ποῖὰ-αεὶ..</strong></span> 
     </span>
    </p>

    <p class='ocr_par' dir='ltr' id='par_1_10' title="bbox 1271 3472 2299 3773">
     <span class='ocr_line' id='line_1_59' title="bbox 1342 3472 2299 3537; baseline 0.004 -18"><span class='ocrx_word' id='word_1_358' title='bbox 1342 3481 1393 3529; x_wconf 74' lang='grc'><strong>4.</strong></span> <span class='ocrx_word' id='word_1_359' title='bbox 1408 3474 1607 3521; x_wconf 75' lang='lat' dir='ltr'><strong>Mortuo</strong></span> <span class='ocrx_word' id='word_1_360' title='bbox 1631 3472 1871 3537; x_wconf 67' lang='lat' dir='ltr'><strong>Longiew.</strong></span> <span class='ocrx_word' id='word_1_361' title='bbox 1897 3474 1957 3523; x_wconf 89' lang='lat' dir='ltr'><strong>C.</strong></span> <span class='ocrx_word' id='word_1_362' title='bbox 1978 3473 2145 3523; x_wconf 83' lang='lat' dir='ltr'><strong>Caaaio</strong></span> <span class='ocrx_word' id='word_1_363' title='bbox 2162 3476 2299 3523; x_wconf 78' lang='lat' dir='ltr'><strong>Lou-</strong></span> 
     </span>
     <span class='ocr_line' id='line_1_60' title="bbox 1271 3551 2297 3619; baseline 0.002 -20"><span class='ocrx_word' id='word_1_364' title='bbox 1271 3552 1388 3617; x_wconf 70' lang='lat' dir='ltr'><strong>gino</strong></span> <span class='ocrx_word' id='word_1_365' title='bbox 1402 3586 1419 3611; x_wconf 85' lang='lat'><strong>,</strong></span> <span class='ocrx_word' id='word_1_366' title='bbox 1442 3551 1531 3615; x_wconf 84' lang='lat' dir='ltr'><strong>qui</strong></span> <span class='ocrx_word' id='word_1_367' title='bbox 1556 3551 1730 3599; x_wconf 74' lang='lat' dir='ltr'><strong>consul</strong></span> <span class='ocrx_word' id='word_1_368' title='bbox 1748 3551 1840 3599; x_wconf 79' lang='lat' dir='ltr'><strong>fuit</strong></span> <span class='ocrx_word' id='word_1_369' title='bbox 1868 3568 1979 3601; x_wconf 82' lang='lat' dir='ltr'><strong>cum</strong></span> <span class='ocrx_word' id='word_1_370' title='bbox 2011 3554 2101 3619; x_wconf 80' lang='lat' dir='ltr'><strong>Qu.</strong></span> <span class='ocrx_word' id='word_1_371' title='bbox 2124 3553 2297 3601; x_wconf 79' lang='lat' dir='ltr'><strong>Domi·</strong></span> 
     </span>
     <span class='ocr_line' id='line_1_61' title="bbox 1271 3628 2295 3695; baseline 0.001 -17"><span class='ocrx_word' id='word_1_372' title='bbox 1271 3632 1345 3679; x_wconf 85' lang='lat' dir='ltr'><strong>tio</strong></span> <span class='ocrx_word' id='word_1_373' title='bbox 1376 3628 1737 3687; x_wconf 60' lang='lat' dir='ltr'><strong>Ahenobabm</strong></span> <span class='ocrx_word' id='word_1_374' title='bbox 1777 3629 1818 3677; x_wconf 84' lang='lat' dir='ltr'><strong>ia</strong></span> <span class='ocrx_word' id='word_1_375' title='bbox 1856 3630 2047 3679; x_wconf 81' lang='lat' dir='ltr'><strong>videtur</strong></span> <span class='ocrx_word' id='word_1_376' title='bbox 2072 3631 2295 3695; x_wconf 62' lang='lat' dir='ltr'><strong>antiqni-</strong></span> 
     </span>
     <span class='ocr_line' id='line_1_62' title="bbox 1277 3708 1794 3773; baseline -0.006 -15"><span class='ocrx_word' id='word_1_377' title='bbox 1277 3709 1387 3759; x_wconf 76' lang='lat' dir='ltr'><strong>tatis</strong></span> <span class='ocrx_word' id='word_1_378' title='bbox 1416 3708 1601 3773; x_wconf 64' lang='lat' dir='ltr'><strong>peu-itu·</strong></span> <span class='ocrx_word' id='word_1_379' title='bbox 1628 3708 1794 3756; x_wconf 72' lang='lat' dir='ltr'><strong>fuine.</strong></span> 
     </span>
    </p>

    <p class='ocr_par' dir='ltr' id='par_1_11' title="bbox 1269 3786 2298 3999">
     <span class='ocr_line' id='line_1_63' title="bbox 1344 3786 2298 3856; baseline 0 -17"><span class='ocrx_word' id='word_1_380' title='bbox 1344 3792 1391 3839; x_wconf 85' lang='lat'><strong>5.</strong></span> <span class='ocrx_word' id='word_1_381' title='bbox 1418 3789 1635 3839; x_wconf 74' lang='lat' dir='ltr'><strong>Primum</strong></span> <span class='ocrx_word' id='word_1_382' title='bbox 1671 3786 1862 3835; x_wconf 77' lang='lat' dir='ltr'><strong>audisse</strong></span> <span class='ocrx_word' id='word_1_383' title='bbox 1899 3787 2153 3856; x_wconf 53' lang='grc' dir='ltr'><strong>συνῄεσαν.</strong></span> <span class='ocrx_word' id='word_1_384' title='bbox 2180 3790 2298 3839; x_wconf 81' lang='grc' dir='ltr'><strong>Μο-</strong></span> 
     </span>
     <span class='ocr_line' id='line_1_64' title="bbox 1271 3867 2291 3925; baseline 0 -6"><span class='ocrx_word' id='word_1_385' title='bbox 1271 3870 1406 3919; x_wconf 81' lang='lat' dir='ltr'><strong>deate</strong></span> <span class='ocrx_word' id='word_1_386' title='bbox 1430 3867 1606 3917; x_wconf 76' lang='lat' dir='ltr'><strong>refellit</strong></span> <span class='ocrx_word' id='word_1_387' title='bbox 1624 3883 1761 3925; x_wconf 83' lang='lat' dir='ltr'><strong>eum,</strong></span> <span class='ocrx_word' id='word_1_388' title='bbox 1797 3878 1855 3916; x_wconf 88' lang='lat' dir='ltr'><strong>ut</strong></span> <span class='ocrx_word' id='word_1_389' title='bbox 1880 3884 2058 3915; x_wconf 78' lang='lat' dir='ltr'><strong>vanum</strong></span> <span class='ocrx_word' id='word_1_390' title='bbox 2074 3879 2123 3917; x_wconf 89' lang='lat' dir='ltr'><strong>et</strong></span> <span class='ocrx_word' id='word_1_391' title='bbox 2146 3885 2291 3919; x_wconf 84' lang='lat' dir='ltr'><strong>meu·</strong></span> 
     </span>
     <span class='ocr_line' id='line_1_65' title="bbox 1269 3951 1460 3999; baseline -0.005 0"><span class='ocrx_word' id='word_1_392' title='bbox 1269 3951 1460 3999; x_wconf 83' lang='lat' dir='ltr'><strong>dacem.</strong></span> 
     </span>
    </p>

    <p class='ocr_par' dir='ltr' id='par_1_12' title="bbox 1344 4027 2299 4094">
     <span class='ocr_line' id='line_1_66' title="bbox 1344 4027 2299 4094; baseline -0.001 -16"><span class='ocrx_word' id='word_1_393' title='bbox 1344 4032 1396 4079; x_wconf 85' lang='lat'><strong>6.</strong></span> <span class='ocrx_word' id='word_1_394' title='bbox 1428 4028 1595 4094; x_wconf 71' lang='lat' dir='ltr'><strong>Digna</strong></span> <span class='ocrx_word' id='word_1_395' title='bbox 1620 4027 1795 4091; x_wconf 73' lang='lat' dir='ltr'><strong>equitis</strong></span> <span class='ocrx_word' id='word_1_396' title='bbox 1820 4027 2031 4079; x_wconf 77' lang='lat' dir='ltr'><strong>romani.</strong></span> <span class='ocrx_word' id='word_1_397' title='bbox 2059 4027 2299 4079; x_wconf 77' lang='lat' dir='ltr'><strong>Nondum</strong></span> 
     </span>
    </p>
   </div>
  </div>
 </body>
</html>
