2594 4537
627 316 905 387 GASP.
954 315 1576 387 GARATONII'
1611 320 1837 389 EXC.
1877 322 1965 387 V.
2215 319 2346 389 63·

236 437 627 503 HERCVLI.
664 436 1107 501 MVSARVM.
1144 437 1263 501 etsi
1299 438 1504 501 Musis
1534 437 1714 503 haud
1747 440 1964 506 minus
1997 457 2164 505 esset
2191 440 2360 507 aedes

230 558 625 625 consecrata,
642 566 839 631 quam
862 540 1145 607 Herculi.
1164 544 1273 606 Ait
1296 542 1474 607 enim
1494 544 1718 609 Cicero
1739 568 1860 633 pro
1885 546 2144 629 Archia,
2167 570 2222 611 c.
2259 570 2284 609 1
2303 570 2325 611 1
2341 596 2359 628 ,

232 651 327 715 M.
354 650 655 715 Fulvium
691 648 875 713 illum
900 648 1308 715 Nobiliorem
1333 649 1566 715 Martis
1603 652 1938 716 manubias
1971 653 2177 717 Musis
2206 676 2359 717 con·

230 778 509 820 seor-asse
526 760 561 821 '.·
613 777 890 843 quarum
936 770 1177 819 statuas
1208 755 1552 821 Ambracia
1596 756 1878 823 sublatas
1925 780 2129 845 quum
2176 759 2244 822 in
2282 781 2362 823 eo

230 862 477 951 templo
498 860 798 925 Fulvium
827 858 1153 927 dedicasse
1176 861 1415 927 scribat
1441 862 1804 927 Eumenius
1829 886 1950 952 pro
1981 864 2198 931 Schol.
2217 888 2276 930 c.
2299 888 2362 953 7,

230 990 458 1033 earum
490 990 681 1033 causa
712 967 1029 1056 templum
1062 967 1225 1033 illud
1267 969 1654 1033 exstruxisse
1703 969 1890 1033 facile
1939 970 2362 1060 intelligitur.

230 1054 581 1139 Herculem
610 1096 767 1138 vero
800 1074 1150 1157 comitem,
1196 1074 1566 1163 ducemque
1595 1074 2003 1158 adjunxisse,
2039 1098 2122 1141 ne
2157 1077 2365 1143 Musis

228 1179 537 1263 amicior,
569 1203 765 1269 quam
793 1179 1085 1244 bellatori
1118 1181 1450 1263 convenit,
1481 1178 1828 1260 videretur,
1861 1204 2068 1269 quum
2098 1204 2368 1269 praeser-

228 1286 382 1368 tim,
408 1287 525 1375 qui
554 1285 623 1350 id
649 1285 894 1374 probro
921 1286 981 1351 ei
1012 1284 1273 1367 darent,
1303 1308 1438 1349 non
1477 1284 1815 1368 deessent3
1849 1308 2058 1375 eaque
2090 1289 2367 1368 conjun-

230 1392 485 1475 ctione,
533 1392 715 1481 quod
750 1414 903 1455 eum
934 1414 1069 1456 non
1102 1392 1362 1473 fefellit,
1397 1390 1674 1457 duarum
1711 1392 1833 1456 sibi
1865 1391 2042 1480 apud
2072 1408 2368 1480 posteros

230 1514 739 1563 monumentum
760 1496 1051 1561 laudium
1084 1498 1400 1563 statuisse.
1433 1496 1650 1585 AEque
1677 1498 1878 1587 igitur
1903 1497 2068 1563 aedes
2093 1498 2198 1565 illa
2228 1497 2371 1563 Mu-

230 1626 451 1669 sarum
486 1604 615 1669 dici
648 1604 867 1699 potuit
886 1652 905 1685 ,
960 1620 1154 1691 atque
1190 1602 1330 1669 haec
1357 1603 1643 1667 Mariana
1679 1604 1966 1669 Virtutis.
2009 1602 2210 1687 Quod
2247 1628 2365 1667 au-

231 1726 365 1776 tem
404 1711 643 1799 passim
672 1708 945 1774 Honoris
974 1723 1038 1773 et
1072 1708 1344 1775 Virtutis
1377 1709 1758 1797 appelletur,
1789 1732 1866 1775 ea
1893 1732 1962 1775 re
1987 1708 2366 1799 significatio

230 1815 535 1905 primaria
577 1835 713 1879 non
749 1813 1043 1880 tollitur:
1080 1830 1181 1879 est
1235 1814 1414 1878 enim
1459 1812 1684 1879 eadem
1735 1826 1783 1879 εν
1819 1820 1910 1881 διὰ
1949 1820 2104 1879 δυοῖν,
2147 1814 2244 1879 Ita
2297 1814 2364 1879 in

230 1921 585 1985 honorario
634 1938 1007 2009 temporum
1050 1919 1452 2009 optimorum
1509 1920 1702 1984 titulo
1753 1919 1932 2008 apud
1977 1920 2363 2009 AEgyptium

228 2026 313 2091 ad
332 2026 450 2090 SC.
480 2026 563 2091 de
582 2026 897 2092 Bacchan.
921 2043 971 2091 t.
995 2027 1120 2090 VII
1158 2026 1322 2090 Livii
1348 2024 1542 2097 Drak.
1565 2048 1632 2113 p.
1657 2046 1808 2111 207,
1851 2024 2364 2089 MESSALLAE.

230 2133 637 2197 HONORIS.
680 2134 815 2198 ET.
869 2131 1293 2197 VIRTVTIS.
1338 2130 1626 2197 CAVSA.
1669 2131 1738 2195 h.
1787 2153 1844 2195 e.
1905 2130 2176 2194 honoris
2226 2129 2364 2209 ejus

230 2240 453 2306 virtuti
504 2240 791 2306 habendi
836 2264 1047 2307 causa.
1086 2241 1171 2306 Et
1217 2242 1285 2306 in
1329 2238 1851 2330 praestantissima
1907 2239 2366 2328 inscriptione,

230 2369 375 2435 quoe
404 2347 621 2412 adhuc
660 2350 883 2412 Romae
914 2347 1039 2411 sub
1072 2346 1394 2435 Capitolio
1429 2346 1862 2435 conspicitur,
1905 2345 2081 2434 apud
2123 2345 2363 2410 Grute-

229 2475 405 2535 rum,
434 2455 774 2520 CCCCLV.
804 2455 859 2518 1.
890 2455 968 2518 C.
994 2452 1416 2519 POBLIClO.
1451 2455 1520 2518 L.
1563 2455 1633 2522 F.
1662 2453 1986 2518 BIBVLO.
2013 2453 2210 2516 AED.
2241 2451 2365 2516 PL.

230 2560 639 2626 HONORIS.
678 2560 1277 2643 VIRTVTISQVE.
1325 2560 1666 2626 CAVSSA.
1711 2559 2114 2624 SENATVS.
2149 2557 2364 2623 CON-

229 2665 525 2732 vaTo.
570 2665 1083 2749 POPVLIQVE.
1132 2666 1400 2730 JVSSV.
1447 2665 1738 2730 LOCVS.
1794 2661 2359 2729 MONVMENTI.

228 2770 437 2852 QVO.
494 2771 698 2835 IPSE.
766 2770 1388 2855 POSTEREIQVE.
1452 2771 1662 2836 EIVS.
1724 2767 2360 2836 INFERRENTVR.

224 2862 605 2941 PVBLICE.
646 2877 949 2942 DATVS.
978 2877 1153 2942 EST.
1184 2877 1440 2943 Deinde
1470 2876 1882 2944 consuetudo
1908 2875 2322 2964 loquentium
2341 2921 2360 2957 ,

225 3005 373 3071 quae
411 2982 769 3071 plurimum
799 2982 963 3046 valet
981 3031 1000 3064 ,
1062 2981 1267 3048 multa
1304 3006 1473 3072 soepe
1522 2983 1936 3048 transformat
1971 3004 1986 3046 :
2026 2995 2364 3068 postremo

226 3103 481 3152 constat
506 3111 589 3152 ex
612 3088 746 3152 Liv.
778 3088 1059 3166 XXVII,
1106 3087 1223 3170 25,
1258 3087 1428 3153 duos
1461 3088 1660 3154 fiiisse
1685 3089 1828 3154 illos
1853 3109 2068 3152 revera
2101 3085 2360 3150 habitos

224 3193 403 3258 deos.
436 3193 713 3258 Videbat
764 3194 1209 3283 sentiebatque
1276 3217 1430 3259 cum
1465 3195 1772 3260 omnibus
1810 3194 2048 3258 Lucius
2093 3189 2358 3280 quidam

224 3299 457 3388 Ulpius
494 3299 671 3388 apud
706 3300 969 3365 Gruter.
1006 3323 1151 3390 cap.
1182 3303 1263 3384 43
1299 3299 1414 3366 sed
1443 3301 1764 3390 originem
1799 3299 1970 3364 illam
2011 3298 2316 3388 ignorans
2333 3346 2352 3374 ,

222 3429 347 3470 suo
374 3405 623 3487 judicio
656 3405 999 3470 nominum
1022 3406 1323 3472 ordinem
1353 3407 1616 3472 invertit
1636 3454 1657 3489 ,
1688 3424 1766 3472 ut
1800 3421 2052 3472 rectum
2080 3405 2350 3468 faceret:

228 3511 601 3576 VIRTVTI.
622 3513 753 3576 ET.
780 3511 1137 3577 HONORI.
1161 3511 1231 3578 L.
1250 3512 1570 3577 VLPIVS.
1601 3511 2120 3579 MARCELLVS.
2158 3509 2350 3576 LEG.

221 3617 429 3682 AVG.
469 3617 599 3682 PR.
641 3617 769 3682 PR.
807 3618 1186 3686 PANNON.
1216 3620 1385 3684 INF.
1416 3621 1494 3684 V.
1529 3619 1594 3685 S.
1637 3619 1950 3708 Idemque
1991 3615 2154 3682 ordo
2191 3617 2350 3680 Plu-

222 3723 449 3786 tarcho
478 3722 761 3811 placuit,
790 3722 871 3788 de
892 3725 1070 3789 Fort.
1106 3726 1293 3790 Rom.
1325 3741 1369 3790 t.
1403 3727 1528 3790 VII
1553 3725 1766 3792 Reisk.
1792 3749 1856 3814 p.
1895 3725 2062 3806 264,
2098 3724 2165 3786 in
2197 3719 2350 3786 oedis

220 3829 647 3893 Marcellianae
685 3831 879 3894 titulo
909 3830 1519 3914 commemorando,
1553 3855 1748 3920 quam
1781 3830 2049 3912 deinde,
2085 3853 2146 3918 p.
2185 3851 2310 3916 277
2329 3875 2348 3908 ,

221 3957 342 4022 pro
368 3957 439 3998 re
468 3935 709 4000 seilicet
726 3983 747 4016 ,
780 3959 975 4024 quam
1007 3938 1233 4026 agebat
1252 3985 1271 4018 ,
1292 3939 1488 4003 unius
1519 3939 1793 4003 Virtutis
1832 3939 2098 4002 nomine
2125 3935 2344 4024 appel·

218 4038 325 4104 lat.
344 4037 473 4104 Sed
490 4039 559 4102 in
590 4039 857 4128 antiquo
886 4041 1151 4106 denario
1174 4042 1352 4130 apud
1371 4042 1622 4108 Morell.
1653 4045 1720 4108 in
1745 4043 1962 4108 tabula
1979 4041 2340 4122 Fufiorum,
