2594 4537
411 344 1144 417 COMMENTARIUS
1193 344 1515 414 SCHOL.
1558 344 1950 414 AMBROS.
2106 370 2129 415 1
2148 372 2227 416 21

159 465 376 545 ceptatio
399 484 507 545 per
541 466 730 544 ipsam
755 464 1090 543 qualitatem
1119 482 1380 543 personae
1403 510 1421 539 ,
1460 477 1525 522 ut
1562 464 1705 524 civis
1732 484 2003 525 romanus
2036 466 2247 526 debeat

157 563 420 642 adoptari,
445 564 670 623 etiamsi
693 564 756 621 in
786 560 1142 641 praeteritum
1165 582 1286 621 non
1312 564 1388 622 sit
1414 562 1736 623 adsociatus
1758 562 1861 643 (ι).

965 749 1411 819 ORATIO.

233 902 316 969 ΙΙ.
359 924 416 969 ι.
460 899 712 988 Quum
731 902 814 983 (α)
841 920 958 968 res
993 895 1304 994 agitetur
1323 902 1410 984 (3)
1446 894 1641 993 apud
1674 848 2055 996 praetorem
2075 902 2146 971 P.
2166 906 2247 973 R.

155 1012 602 1084 rectissimum
643 1016 900 1083 virum.
2020 1049 2026 1056 ·

217 1166 372 1222 Hanc
410 1162 568 1221 enim
609 1182 838 1221 causam
871 1162 998 1241 lege
1023 1160 1204 1241 Papia
1230 1162 1305 1221 de
1336 1163 1568 1223 civitate
1609 1182 1850 1222 romana
1887 1163 2042 1243 apud
2078 1164 2261 1239 Quin-

156 1272 260 1316 tum
307 1260 646 1319 Ciceronem
693 1259 840 1317 dixit
883 1258 1130 1317 Archias
1181 1258 1365 1339 ipsius
1406 1258 1490 1339 (4)
1548 1264 1631 1319 Μ.
1670 1260 1828 1319 Tulli
1888 1260 2123 1319 fratrem
2158 1262 2259 1340 (5).

156 1360 502 1434 Quapropter
524 1356 612 1435 (6)
642 1355 825 1414 utitur
849 1356 1247 1431 deprecatione
1263 1398 1282 1429 ,
1308 1377 1381 1414 ne
1403 1355 1591 1415 minus
1620 1356 1867 1415 civiliter
1889 1357 2051 1436 loqui
2074 1359 2265 1418 existi-

157 1464 342 1526 metur,
387 1450 665 1511 recedens
711 1450 984 1510 videlicet
1028 1451 1384 1529 aliquantum
1422 1473 1457 1512 a
1504 1453 1721 1511 forensi
1766 1474 1972 1532 genere
2019 1453 2265 1513 dicendi.

160 1547 362 1621 Quod
344 1568 538 1627 ipsum
571 1568 645 1605 ne
671 1568 782 1627 pro
809 1534 1009 1627 inepto
1042 1547 1393 1627 accipiatur,
1429 1550 1550 1627 jam
1588 1550 1998 1629 praeloquitur,
2028 1570 2064 1609 a
2090 1552 2266 1611 modo

158 1646 430 1722 praesentis
459 1664 648 1703 causae
681 1664 800 1703 non
827 1644 1184 1721 abhorrere,
1213 1659 1271 1705 et
1297 1666 1561 1725 personae
1588 1648 1678 1707 vel
1710 1648 1983 1723 maxime,
2015 1669 2125 1729 pro
2151 1669 2267 1729 qua

159 1739 440 1801 dicendum
466 1756 654 1811 esset,
683 1742 1015 1802 convenire.

241 1950 302 1997 α.
335 1929 493 1998 Hoc
529 1924 848 2023 denique
889 1938 1194 2024 praetore
1237 1941 1617 1999 exercente
1653 1926 2025 2022 judicium.

225 2078 350 2133 Non
375 2088 548 2134 vacat
574 2073 736 2153 quod
768 2074 1124 2133 mentionem
1151 2072 1288 2131 facit
1312 2064 1577 2151 praetoris
1603 2074 1783 2151 ipsius
1802 2118 1820 2146 ,
1842 2075 1903 2134 id
1934 2089 2047 2149 est,
2077 2077 2271 2135 fratris

162 2170 236 2227 sui
266 2169 332 2244 Q.
359 2171 658 2231 Ciceronis
677 2214 695 2243 ,
729 2172 831 2249 qui
863 2169 1089 2247 judicio
1127 2183 1397 2249 praeerat.
1439 2170 2007 2248 Opportunissimum
2051 2172 2269 2251 quippe

161 2266 229 2325 ait
246 2266 313 2327 de
341 2267 614 2328 laudibus
642 2283 830 2348 poetae
857 2268 1004 2328 boui
1025 2266 1181 2348 apud
1213 2288 1348 2326 eum
1370 2266 1563 2326 dicere
1592 2268 1691 2347 qui
1716 2266 1919 2327 studiis
1941 2267 2271 2346 hujusmodi

162 2361 478 2426 delectetur.
501 2367 638 2426 Fuit
654 2367 808 2425 enim
828 2371 902 2441 Q.
924 2367 1150 2439 Tullius
1171 2385 1293 2425 non
1315 2366 1503 2426 solum
1530 2365 1713 2445 epici,
1736 2385 1939 2426 verum
1966 2365 2139 2424 etiam
2168 2379 2275 2426 tra—

161 2460 256 2539 gici
283 2463 549 2524 carminis
573 2463 824 2542 scriptor
836 2462 939 2544 (7).

227 2659 302 2729 (1)
323 2667 448 2717 eod.
469 2666 714 2716 adsocies.
735 2667 801 2717 A.
817 2669 893 2717 M.

219 2753 290 2819 (ι)
311 2755 592 2821 Superiores
618 2753 824 2804 ineditae
841 2753 994 2804 Tullii
1019 2753 1263 2802 orationes
1283 2753 1339 2802 in
1364 2753 1523 2820 capita
1544 2755 1651 2820 ipse
1677 2755 1950 2820 dispescui3
1965 2755 2193 2820 deinceps
2220 2757 2273 2803 in

163 2840 448 2892 orationibus
483 2842 630 2892 editis
657 2842 905 2908 vulgatam
939 2841 1303 2892 distinctionem
1339 2842 1561 2892 retinebo
1589 2859 1603 2893 :
1641 2859 1791 2907 quare
1817 2854 1867 2897 et
1890 2861 1917 2892 a
1953 2845 2113 2910 capite
2132 2859 2162 2891 2
2190 2844 2271 2892 hic

161 2927 336 2978 initium
364 2931 582 2980 ducitur.
600 2932 664 2980 A.
689 2931 770 2981 Μ.

220 3015 290 3084 (3)
320 3019 492 3070 Codex
517 3017 758 3085 agitatur.
785 3023 854 3070 A.
876 3015 952 3069 M.

220 3101 290 3168 (4)
312 3107 485 3156 Codex
500 3106 659 3172 cujus.
680 3106 744 3154 A.
763 3108 837 3155 Μ.

224 3192 290 3260 (5)
316 3195 460 3244 Nunc
489 3194 686 3243 demum
724 3211 791 3243 ex
813 3205 984 3244 nostro
1015 3195 1280 3258 interprete
1306 3205 1538 3259 apparet,
1579 3196 1803 3243 Marcum
1828 3193 1961 3258 apud
1997 3195 2159 3260 ipsum
2182 3196 2280 3243 fra-

165 3291 276 3328 trem
295 3293 556 3348 prator-em
591 3284 720 3331 hanc
748 3281 1022 3331 orationem
1048 3281 1260 3330 dixisse.
1283 3297 1385 3346 quo
1406 3280 1465 3329 fit
1490 3294 1547 3331 ut
1566 3283 1667 3343 jam
1696 3283 2019 3347 intelligamus
2042 3300 2279 3347 quorsum

175 3369 395 3430 pertinent
427 3387 484 3419 ea
507 3370 724 3419 clausula
744 3369 895 3432 hujus
916 3371 1184 3419 orationis:
1221 3372 1382 3433 «Qua
1416 3368 1650 3434 loquutus
1686 3385 1821 3430 sum,
1862 3385 1947 3429 ee,
1983 3370 2204 3434 judices,
2250 3387 2277 3418 a

169 3455 296 3506 vohis
320 3475 466 3524 spero
493 3475 598 3508 eece
621 3460 677 3507 in
710 3457 892 3507 bonam
929 3470 1119 3525 perte-
1151 3469 1388 3523 acceptu
1435 3456 1498 3506 ab
1536 3473 1622 3518 eo,
1663 3458 1751 3522 qui
1783 3457 2023 3520 judicium
2058 3469 2280 3521 exercet,

164 3555 286 3593 ωηο
307 3547 456 3596 ecio»
459 3549 560 3596 .A.
581 3551 657 3598 Μ.

222 3627 298 3695 (6)
322 3634 450 3684 eod.
469 3633 823 3700 quiapropter.
855 3635 918 3682 A.
945 3633 1020 3682 M.

219 3715 296 3789 (7)
333 3723 397 3785 Q.
438 3723 688 3772 Ciceronis
720 3733 917 3772 exstant
950 3738 1118 3771 verene
1153 3722 1283 3786 epici
1316 3720 1493 3786 viginti
1532 3683 1595 3769 de
1632 3719 1795 3786 Signis
1836 3717 2136 3779 caelestibus,
2175 3735 2277 3783 quo

162 3808 379 3873 quodque
411 3820 631 3876 tempore
655 3811 846 3860 inuam
866 3812 951 3862 sit.
974 3810 1120 3859 Adde
1131 3811 1308 3871 etiam,
1336 3809 1377 3856 ei
1401 3808 1594 3875 placet,
1623 3811 1917 3875 epigramma
1937 3807 1999 3856 de
2020 3805 2277 3856 mulierum

163 3893 372 3961 levitate,
403 3899 542 3963 quod
563 3899 645 3948 Cl.
672 3915 870 3964 quoque
907 3899 1213 3950 Hammeliue
1247 3899 1302 3946 in
1328 3897 1542 3948 editione
1570 3897 1962 3962 Norimbergemi
1990 3891 2096 3959 (an.
2122 3897 2276 3960 1789)

163 3997 353 4045 opernm
387 3985 560 4048 Quinti
596 3987 847 4036 Ciceronis
876 3985 1031 4036 dedit.
1065 3985 1435 4052 Tragoediarurn
1459 3996 1619 4036 autem
1645 3985 1857 4048 ejusde-
1892 3983 2069 4048 Quinti
2094 3981 2277 4032 mentio

164 4068 216 4118 fi!
235 4072 288 4121 in
315 4074 530 4138 epistolis
554 4075 714 4126 Marci
739 4075 802 4125 ad
827 4092 939 4126 eum
957 4077 1149 4142 ipsum,
1171 4075 1560 4140 ampelium,
1584 4075 1645 4136 6,
1672 4089 1725 4136 9.
1752 4069 1816 4123 A.
1842 4073 1922 4122 M.
