2594 4537
404 285 687 356 ORAT.
738 287 872 355 DE
919 285 1354 356 HARUSP.
1408 285 2007 359 RESPONSIS.
2121 292 2262 386 [497

150 419 354 482 aures
383 422 683 496 vestrae,
726 422 801 480 et
832 407 1309 506 perniciosam
1344 407 1529 478 viam
1547 462 1567 497 ,
1593 408 1934 482 au‘diendi
1966 429 2271 485 consue-

151 517 435 607 tudine,
477 541 631 592 esse
667 519 1040 590 munitam.

247 632 588 726 Sequitur
614 627 825 716 illud,
867 653 960 702 m:
995 651 1499 701 omniomnus
1535 653 2006 716 rurensisoun
2039 657 2276 705 nonos

151 732 918 838 AuGEArunAEepulsos
933 737 1301 810 videamus
1320 765 1334 808 :
1362 761 1526 808 nam
1543 738 1935 812 deteriores
1952 746 2079 840 qui
2096 745 2237 813 sint
2256 797 2275 828 ‚

151 865 316 948 post
353 849 660 923 docebo.
695 849 835 921 Sed
869 865 1110 921 tamen
1159 851 1237 919 in
1277 873 1443 919 eum
1494 848 1747 920 cadere
1784 850 1926 922 hoc
1966 849 2275 924 verbum

153 961 500 1049 maxime,
549 960 678 1056 qui
719 961 810 1031 sit
847 983 1036 1030 unus
1089 959 1419 1032 omnium
1475 959 1891 1032 mortalium
1936 962 2089 1034 sine
2130 963 2278 1036 ulla

151 1067 600 1142 dubitatione
637 1056 1066 1142 deterrimus
1083 1123 1103 1158 ‚
1141 1066 1685 1140 concedendum
1732 1085 1860 1141 est.
1914 1073 2058 1162 Qui
2110 1085 2283 1145 sunt

151 1179 371 1276 igitur
401 1178 714 1276 repulsi?
747 1203 937 1268 non,
987 1192 1071 1250 ut
1107 1181 1405 1277 opinor,
1444 1176 1524 1266 ii,
1568 1180 1695 1276 qui
1724 1181 2115 1279 aliquando
2142 1182 2278 1254 ho-

149 1311 406 1359 norem
427 1293 460 1374 ‚‘
481 1288 656 1359 vitio
694 1289 1027 1376 civitatiS,
1063 1313 1215 1358 non
1259 1311 1429 1372 su0,
1474 1309 1627 1358 non
1673 1305 1845 1361 sunt
1895 1295 2281 1390 assequuti.

150 1401 330 1470 Nam
364 1397 440 1468 id
490 1396 786 1495 quidem
841 1396 1088 1470 multis
1139 1422 1327 1495 saepe
1391 1401 1683 1496 optimis
1737 1398 2014 1472 civibus
2064 1417 2285 1502 atque

149 1509 672 1581 honestissimis
708 1511 878 1580 viris
919 1507 1196 1580 accidit.
1244 1508 1539 1606 Repulsi
1598 1524 1767 1580 sunt
1824 1513 1872 1580 ii
1894 1565 1913 1599 ,
1967 1536 2153 1608 quos
2196 1513 2285 1584 ad

151 1620 394 1692 omnia
437 1615 1066 1719 progredientes⁵,
1103 1643 1290 1718 quos
1324 1642 1625 1692 munera
1649 1635 1900 1691 contra
1924 1621 2117 1720 leges
2148 1623 2289 1721 gla-

150 1727 452 1801 diatoria
485 1743 822 1828 parantes
850 1783 870 1818 ‚
932 1753 1120 1827 quos
1165 1729 1611 1829 apertissime
1655 1729 2071 1827 largientes,
2134 1759 2289 1804 non

145 1839 388 1910 solum
417 1840 671 1927 alieni,
704 1837 833 1910 sed
855 1839 1067 1911 etiam
1104 1842 1252 1927 sui,
1290 1839 1543 1926 vicini,
1584 1838 1885 1912 tribules
1900 1837 1959 1931 ⁶,
1989 1841 2285 1930 urbani,
2381 1872 2399 1891 ⁵

147 1953 401 2022 rustici
450 1949 894 2048 repulerunt.
941 1950 1032 2019 Hi
1090 1973 1186 2019 ne
1223 1948 1507 2020 honore
1545 1964 1981 2046 augeantur,
2035 1961 2287 2025 mone*

144 2085 336 2131 mur.
374 2059 610 2134 Debet
638 2085 792 2132 esse
821 2074 1143 2156 gratum,
1179 2057 1381 2156 quod
1406 2057 1811 2156 praedicunt
1846 2089 1861 2130 ε
1898 2059 2024 2134 sed
2049 2077 2291 2134 tamen

145 2172 322 2243 huic
347 2172 538 2242 malo
576 2171 896 2271 populus
930 2194 1275 2241 romanus
1322 2172 1518 2267 ipse,
1568 2168 1771 2241 nullo
1827 2170 2291 2271 haruspicum

147 2282 524 2353 admonitu
548 2337 566 2371 ‚
603 2306 736 2353 sua
764 2294 1025 2379 sponte
1055 2277 1497 2378 prospexit⁷.

243 2396 690 2465 Dnnmous
725 2405 970 2462 cavete
1017 2417 1033 2459 :
1067 2413 1387 2487 quorum
1413 2387 1711 2488 quidem
1738 2414 1997 2488 magna
2022 2408 2131 2463 est
2160 2418 2290 2465 na-

143 2504 292 2588 tio;
327 2500 454 2575 sed
487 2513 733 2573 tamen
759 2525 1017 2573 eorum
1061 2500 1385 2570 omnium
1426 2493 1593 2570 hicss
1627 2498 1812 2589 dux,
1850 2504 2069 2597 atque
2098 2505 2291 2601 prin-

141 2636 342 2711 ceps.
397 2614 721 2699 Etenim,
761 2611 818 2683 si
862 2635 1097 2683 unum
1143 2608 1521 2681 hominem
1565 2608 2059 2682 deterrimum
2078 2629 2294 2711 poeta

140 2726 520 2819 praestanti
571 2712 832 2818 aliquis
877 2722 1171 2819 ingenio
1231 2718 1420 2791 fictis
1476 2723 2050 2819 conquisitisque
2103 2726 2292 2797 vitiis

138 2830 631 2923 deformatum
657 2831 874 2903 vellet
899 2832 1243 2901 inducere
1267 2856 1283 2899 ε
1316 2830 1599 2901 nullum
1620 2828 1947 2928 profecto
1976 2832 2290 2909 dedecus

133 2942 466 3040 reperire
507 2954 779 3039 posset,
818 2937 1021 3036 quod
1055 2940 1130 3009 in
1165 2938 1311 3011 hoc
1353 2963 1506 3011 non
1555 2940 1853 3031 inesset3
1913 2943 2290 3042 multaque

133 3052 218 3122 in
261 3076 352 3122 eo
385 3052 674 3150 penit'us
714 3047 948 3122 defixa
979 3064 1198 3147 atque
1229 3047 1577 3121 haerentia
1615 3052 2032 3149 praeteriret.

221 3163 534 3232 XXVII.
575 3157 1042 3253 ParentibuS,
1067 3172 1141 3229 et
1178 3157 1317 3231 diis
1342 3156 1908 3250 immortalibUS,
1942 3176 2017 3232 et
2040 3168 2289 3260 patriae

131 3295 286 3343 nos
335 3273 652 3368 primum
693 3284 954 3343 natura
996 3269 1352 3342 conciliat.
1404 3269 1679 3341 Eodem
1702 3272 1913 3343 ,enim
1962 3287 2291 3373 tempore

131 3396 218 3452 et
255 3383 694 3479 suscipimur
725 3382 804 3453 in
849 3380 1119 3469 lucem,
1172 3378 1433 3469 ethoc
1469 3380 1729 3454 caelesti
1772 3383 2030 3480 spiritu
2076 3383 2289 3485 aug'e-

215 3626 270 3674 5.
307 3628 506 3689 Repulsi
535 3640 650 3679 sunt
671 3631 736 3691 ἰί,
764 3626 885 3697 q'ttos
906 3630 982 3678 ad
999 3626 1170 3677 omnia
1330 3626 1381 3675 6.
1411 3624 1640 3675 Tribules.
1666 3628 1833 3691 Quum
1858 3626 2133 3677 edilitatem
2151 3641 2288 3696 pete-

121 3704 522 3772 progredc‘entes.
573 3710 752 3757 Omnia
806 3708 1167 3773 aggredientes,
1259 3716 1336 3755 ret
1349 3744 1367 3771 ‚
1386 3704 1567 3755 tribum
1590 3722 1727 3754 suam
1748 3724 1851 3755 non
1872 3707 2003 3756 tulit.

129 3782 243 3831 sibi
271 3792 565 3845 tmgtntec-
591 3788 775 3839 Confer
811 3788 1080 3836 orationem
1119 3786 1174 3833 in
1338 3802 1388 3845 7.
1415 3786 1689 3850 Prospem'e.
1717 3786 1817 3849 Qui
1840 3786 2091 3835 Vatinium
2114 3786 2176 3835 ab
2199 3788 2291 3836 ho-

128 3862 428 3918 Vatinium,
483 3874 594 3927 cap.
633 3868 729 3922 ιδ,
766 3882 910 3927 quem
959 3876 1006 3913 et
1041 3864 1096 3915 h.
1133 3864 1177 3917 l.
1264 3862 1469 3911 notibus
1496 3864 1698 3929 repulit.

131 3940 314 3991 obiter
333 3938 635 4005 peretringit.
661 3940 865 3991 Clodius
892 3942 1077 3991 nullam
1101 3958 1178 3991 re·
1342 3943 1394 3992 8.
1438 3948 1582 3993 Forte
1619 3944 1801 3994 rectius
1814 3978 1829 4004 ,
1876 3942 1964 3993 iste
1980 3980 1995 4005 ,
2046 3954 2099 3993 ut
2142 3946 2288 3996 infra.

131 4018 340 4085 pulsam
369 4018 561 4066 tulerat.
1269 4022 1395 4071 J.V.
1416 4022 1471 4071 L.

345 4107 604 4174 1V.Cic.
625 4136 738 4183 pars
757 4120 972 4167 secunda.
1964 4108 2049 4181 32
