2594 4537
371 250 507 340 542
1011 248 1114 319 M.
1165 252 1248 321 Τ.
1300 248 1856 323 CICERONIS

365 375 550 449 illud
597 372 942 449 acerbum
979 370 1371 470 judicium,
1406 377 1507 463 si,
1547 372 2170 471 quemadmodum
2224 391 2515 449 senatus

365 492 689 576 censuit,
729 485 1198 587 populusque
1237 486 1492 581 jussit,
1534 486 1633 558 ita
1682 485 2003 573 fecisses,
2052 500 2140 557 ut
2189 487 2271 557 in
2322 487 2514 560 hunc

363 616 440 675 et
485 624 746 688 suam‚.
777 613 852 670 et
895 595 986 669 ab
1036 596 1229 669 hoc4
1271 596 1689 670 observatas
1728 595 1969 669 tribus
2024 596 2327 687 ederes3
2372 624 2513 669 non

363 710 589 783 modo
623 732 780 779 non
820 730 1189 805 quererer,
1233 706 1361 779 sed
1396 706 1635 795 hunc,
1672 705 2044 802 judicibus
2076 707 2339 795 editis,
2390 712 2510 807 qui

361 836 581 895 testes
608 818 828 915 iidem
857 842 1012 890 esse
1039 833 1339 916 possent
1357 866 1379 906 ‚
1405 816 1825 891 absolutum
1858 832 2242 915 putarem:
2275 843 2508 914 neque

361 954 561 1003 nunc
609 928 842 1005 multo
897 952 1104 1000 secus
1153 929 1507 1003 existimo.
1562 930 1813 1018 Quum
1856 929 2055 999 enim
2097 927 2235 1000 bas
2282 927 2509 999 tribus

361 1040 689 1129 edidisti,
727 1041 990 1137 ignotis
1027 1053 1100 1111 te
1129 1038 1499 1135 judicibus
1521 1034 1552 1081 ⁵
1592 1038 1701 1111 uti
1734 1038 1988 1125 malle,
2025 1062 2255 1136 quam
2284 1043 2505 1125 notis,

357 1150 804 1238 indicavisti3
847 1147 1092 1247 fugisti
1145 1149 1583 1223 sententiam
1634 1147 1855 1244 legis;
1895 1150 2317 1245 aequitatem
2364 1174 2509 1219 om-

359 1285 531 1333 nem
557 1260 906 1357 rejecisti3
937 1262 1014 1331 in
1045 1259 1368 1334 tenebris
1388 1313 1409 1349 ‚
1438 1284 1663 1358 quam
1690 1260 1769 1334 in
1802 1258 1999 1348 luce,
2026 1282 2329 1334 causam
2354 1286 2507 1333 ver·

355 1374 498 1447 sari
533 1371 869 1444 maluisti.
1257 1382 1262 1388 '

461 1480 770 1557 Voltinia
813 1478 1050 1551 tribus
1094 1478 1189 1551 ab
1233 1478 1379 1553 hoc
1412 1478 1845 1578 corrupta⁶;
1882 1482 2357 1555 Terentinam
2385 1481 2505 1553 ba·-

355 1590 618 1665 buerat
649 1588 1001 1666 venalem.
1038 1589 1238 1681 Quid
1277 1588 1555 1667 diceret
1588 1588 1787 1688 apud
1822 1589 2351 1678 VoltinienseS,
2394 1606 2507 1662 aut

354 1703 660 1776 tribules
705 1725 876 1773 suos
898 1712 924 1758 ⁷
975 1701 1301 1797 judices?
1344 1702 1571 1773 immo
1618 1725 1795 1774 vero
1833 1714 1922 1771 tu
1962 1699 2144 1798 quid,
2186 1700 2505 1775 diceres?

356 1837 576 1913 quem
603 1811 928 1907 judicem
947 1836 1046 1887 ,ex
1079 1810 1218 1887 illis
1241 1824 1369 1885 aut
1398 1812 1697 1883 tacitum
1727 1824 1985 1885 testem
2013 1808 2365 1900 haberes,
2392 1828 2505 1883 aut

351 1950 529 1998 vero
562 1926 778 1999 etiam
812 1923 1206 1997 excitares?
1249 1922 1575 2010 Etenim,
1618 1923 1675 1997 si
1712 1946 1881 1999 reus
1916 1920 2155 1993 tribus
2176 1916 2207 1966 ⁸
2242 1923 2503 2004 ederet,

351 2035 752 2109 Voltiniam
807 2030 1108 2106 fortasse
1156 2030 1491 2107 Plancius
1514 2085 1533 2118 ,
1580 2046 1877 2130 propter
1924 2033 2375 2106 vicinitatem
2430 2059 2504 2105 ac

349 2143 1244 2229 necessitudinemsuam,
1295 2166 1450 2214 non
1482 2140 1843 2215 edidisset.
1890 2146 2019 2229 Et,
2066 2142 2127 2213 si
2163 2147 2503 2239 quaesitor

347 2255 679 2330 edendus
726 2252 1016 2342 fuisset,
1067 2278 1292 2352 quem
1342 2250 1643 2326 tandem
1695 2252 1978 2351 potiuS‚
2033 2275 2261 2349 quam
2314 2251 2501 2324 hunc

349 2371 428 2440 C.
463 2369 785 2440 Flavium
808 2378 864 2453 9,
903 2390 1128 2461 quem
1163 2362 1425 2453 habet,
1469 2365 1591 2436 cui
1627 2365 2045 2436 notissimus
2078 2387 2235 2434 esse
2265 2363 2497 2446 debet,

349 2478 670 2549 vicinum
741 2474 1086 2546 tribulem
1107 2529 1128 2563 ‚
1193 2476 1693 2573 gravissimum
1757 2473 2136 2544 hominem
2193 2475 2497 2569 justissi-

349 2607 744 2681 mumque,
789 2581 1184 2655 edidisset?
1226 2585 1438 2683 cujus
1489 2584 1785 2682 quidem
1832 2586 2167 2682 aequitaS‚
2211 2599 2290 2656 et
2332 2609 2497 2656 meae

351 2693 600 2766 similis
641 2692 975 2766 voluntas
1018 2719 1188 2792 erga
1231 2698 1366 2766 Cn.
1411 2693 1681 2766 Plancii
1726 2693 2072 2783 salutem,
2116 2719 2344 2790 quam
2388 2694 2497 2766 ille

349 2806 506 2876 sine
545 2802 692 2875 ulla
720 2802 1135 2901 cupiditatis
1169 2805 1585 2902 suspicione
1619 2827 1765 2902 prae
1794 2827 1871 2875 se
1897 2800 2041 2875 fert
2068 2856 2089 2891 ,
2132 2801 2346 2875 facile
2379 2804 2498 2875 de-

351 2916 604 3002 clarat,
641 2938 792 2986 non
837 2912 1056 2987 fuisse
1097 2912 1482 3014 fugiendos
1528 2914 1837 2986 tribules
1884 2913 2056 2986 huic
2091 2913 2383 3010 judices
2411 2923 2496 3001 ¹⁰,

351 3029 470 3099 cui
507 3027 969 3123 quaesitorem
997 3023 1341 3101 tribulem
1375 3026 1871 3125 exoptandum
1904 3023 2126 3098 fuisse
2152 3025 2473 3098 videatis.

446 3139 700 3209 XVIII.
770 3137 1026 3234 Neque
1106 3160 1244 3234 ego
1313 3161 1515 3208 nunc
1586 3136 1969 3208 consilium
2034 3136 2497 3233 reprehendo

352 3263 562 3319 tuum
586 3302 605 3335 ‚
655 3245 858 3344 quod
903 3272 1054 3318 non
1100 3271 1220 3318 eas
1255 3245 1531 3336 tribus,
1559 3245 1829 3345 quibus
1866 3246 1986 3319 hic
2020 3248 2343 3319 maxime
2370 3272 2493 3318 no·

422 3474 471 3523 4.
497 3463 628 3512 Utin
647 3461 838 3513 hunc...
853 3474 903 3513 et
923 3463 987 3512 ab
1013 3463 1123 3513 Ιιοο.
1139 3464 1383 3514 Plancius.
1544 3463 1596 3515 8.
1628 3465 1795 3514 Tribus
1818 3466 2000 3515 ederet.
2018 3466 2352 3527 Edu-tensis,
2380 3468 2493 3516 Gra»

423 3546 473 3594 5.
513 3541 710 3608 Ignou's
743 3540 1006 3608 judicibus.
1048 3542 1108 3592 Id
1149 3556 1254 3605 est,
1293 3544 1385 3609 qui
1466 3545 1599 3606 vius,
1624 3547 1877 3604 Ernestus,
1904 3545 2098 3596 tribum.
2136 3548 2316 3598 Bam.
2343 3557 2393 3595 et
2410 3559 2493 3596 uu

350 3624 605 3674 Plancium
657 3623 954 3687 ignorarent.
1001 3621 1234 3672 Pha-dms
1249 3657 1264 3684 ‚
1322 3639 1386 3672 ex
1470 3625 1689 3674 Britann.
1712 3624 1895 3674 habent
1920 3625 2097 3673 m'bus.

349 3715 516 3754 sutore
533 3701 780 3752 medicus:
809 3725 836 3745 ι-
852 3703 1050 3768 ignoto·
1067 3703 1223 3766 fallit,
1251 3702 1383 3754 notis
1542 3718 1593 3770 9.
1624 3704 1921 3753 afflat-ium.
1950 3703 2054 3751 Alii
2078 3702 2271 3752 habent
2290 3703 2463 3772 Affluu
2478 3737 2491 3760 ,

347 3794 422 3832 est
453 3783 634 3832 derisui
659 3803 706 3832 ι.
1470 3783 1557 3831 sed
1582 3783 1733 3844 male,
1756 3793 1815 3831 ut
1830 3783 2006 3832 Cioem
2034 3782 2144 3848 ipse
2173 3781 2487 3838 demonstrat,

422 3864 476 3910 6.
505 3863 585 3910 Ab
606 3860 699 3910 boc
715 3869 956 3927 corrupta.
981 3864 1030 3911 A
1049 3863 1268 3912 Plancio.
1470 3863 1597 3911 infra
1617 3879 1727 3927 cap.
1760 3870 1845 3918 4²·

423 3958 472 4000 7.
485 3943 586 3988 Aut
600 3939 794 3990 tribules
807 3955 938 3991 suos.
967 3942 1086 3992 an.
1103 3965 1130 3986 κ
1145 3955 1230 3992 aut
1245 3943 1380 4008 apud
1544 3957 1625 3990 ro.
1651 3941 1921 4008 Fugiendos
1936 3939 2216 4007 ...judie-es.
2246 3942 2377 3992 Edd.
2402 3941 2489 3992 fae

349 4019 551 4069 tribules
585 4035 702 4068 suo·
715 4042 755 4069 n.
1470 4019 1972 4087 omnes,fiegiendum
1985 4019 2285 4087 ...judic-em.
