2594 4537
304 286 447 375 314
931 290 1029 358 M.
1081 290 1161 357 T.
1217 288 1811 360 CICERONIS

251 496 258 505 Ι
303 412 561 509 qunti,
603 432 804 483 nunc
853 433 898 480 a
941 407 1152 481 vobis
1195 414 1570 483 universos
1602 408 2000 481 habemus:
2048 424 2169 501 ut,
2204 434 2461 509 quan·

241 506 252 521 ’
302 536 459 594 tum
521 534 732 593 antea
781 519 1206 618 parentibus
1226 576 1247 609 ‚
1295 536 1653 620 quantum
1693 519 1831 591 diis
1873 520 2457 607 immortalibu5‚

305 647 665 731 quantum
717 630 1076 705 vobismet
1124 634 1337 731 ipsis,
1382 644 1660 703 tantum
1706 630 1851 702 hoc
1896 644 2233 730 tempore
2273 634 2459 703 uni-

301 746 562 815 versim
591 757 854 814 cuncto
882 742 1161 843 populo
1189 767 1496 816 romano
1522 741 1936 816 debeamus.
1957 746 2141 815 Nam
2160 796 2179 831 ,
2208 766 2455 839 quum

306 854 383 925 in
418 854 575 953 ipso
611 851 970 925 beneficio
999 869 1241 926 vestro
1273 867 1473 926 tanta
1507 852 1931 950 magnitudo
1972 866 2117 940 est,
2164 867 2250 923 ut
2277 876 2453 924 eam

303 964 686 1063 complecti
721 967 1052 1037 oratione
1087 990 1239 1037 non
1273 968 1581 1063 possim;
1610 980 1769 1037 tum
1795 965 1873 1035 in
1904 963 2161 1036 studiis
2185 965 2451 1035 vestris

299 1089 500 1149 tanta
534 1078 943 1149 animorum
972 1076 1331 1149 declarata
1366 1091 1479 1149 est
1510 1076 1841 1147 voluntas
1864 1128 1885 1164 ‚
1906 1088 1991 1146 ut
2018 1099 2171 1145 non
2201 1073 2449 1146 solum

298 1184 779 1259 calamitatem
833 1186 1014 1258 mihi
1077 1187 1471 1261 detraxisse
1496 1242 1517 1278 ,
1566 1186 1695 1259 sed
1748 1188 1963 1259 etiam
2012 1184 2447 1284 dignitatem

297 1299 582 1369 auxisse
617 1298 1032 1371 videamini.
1318 1316 1325 1325 ⁸

392 1411 516 1479 111.
559 1412 728 1482 Non
771 1410 964 1479 enim
1002 1432 1138 1507 pro
1175 1432 1343 1479 meo
1376 1406 1657 1493 reditu,
1690 1422 1777 1479 ut
1806 1431 1943 1507 pro
1980 1410 2087 1477 P.¹
2120 1403 2443 1504 Popillii,

296 1516 724 1590 nobilissimi
758 1518 1120 1607 hominis,
1165 1519 1657 1591 adolescentes
1690 1516 1860 1605 filii,
1906 1531 1979 1589 et
2012 1516 2226 1587 multi
2264 1538 2444 1613 prae·

298 1642 496 1700 terea
529 1632 820 1727 cognati
842 1640 870 1671 ²
925 1644 1146 1727 atque
1189 1628 1443 1702 affines
1486 1628 1849 1730 deprecati
1887 1641 2094 1713 sunt3
2132 1651 2324 1714 non,
2356 1640 2443 1697 ut

297 1760 434 1835 pro
477 1741 567 1829 Q.
606 1734 973 1826 Metello³‚
1015 1738 1410 1811 clarissimo
1454 1743 1645 1827 vire,
1684 1740 1831 1835 jam
1876 1752 2197 1837 spectata
2232 1751 2439 1809 aetate

299 1846 522 1935 filius3
561 1874 713 1920 non
749 1852 830 1921 L.
859 1848 1325 1922 Diadematus
1338 1848 1396 1934 4,
1424 1850 1851 1939 consularis,
1876 1872 2158 1921 summa
2194 1862 2439 1921 aucto·

294 1960 506 2031 ritate
533 1962 685 2048 vir;
719 1984 868 2031 non
895 1960 1230 2033 Metellus
1258 1962 1629 2032 censorius
1650 1958 1705 2049 ⁵,
1735 1984 1886 2031 non
1912 1981 2169 2031 eorum
2200 1957 2435 2042 liberi,

294 2094 448 2143 non
469 2074 562 2163 Q.
592 2071 928 2145 Metellus
947 2074 1192 2172 Nepos
1210 2070 1269 2161 ⁶,
1295 2074 1609 2170 quitum
1633 2070 2089 2142 consulatum
2117 2068 2437 2168 petebat,

1410 2298 1474 2332 ne
1498 2281 1841 2332 Diadematum
1870 2297 1982 2332 cum
2010 2279 2289 2330 Dalmatico
2314 2296 2435 2330 con-

289 2293 510 2349 qunstor
525 2319 544 2346 ‚
593 2283 750 2333 edilis
769 2318 785 2346 ,
837 2295 1021 2351 pretor
1037 2317 1058 2347 ,
1108 2284 1323 2349 denique

1408 2361 1585 2410 fundas
1604 2372 1653 2410 et
1672 2377 1767 2428 pro
1781 2378 1885 2411 nno
1907 2361 2112 2422 habeas,
2134 2377 2291 2426 quum
2308 2361 2439 2411 Dal-

293 2361 486 2413 consul.

363 2445 455 2492 111.
487 2458 534 2492 s.
561 2446 623 2491 Ρ.
650 2441 864 2506 Popillii.
880 2443 1060 2491 Totum
1085 2443 1220 2492 hunc
1243 2443 1325 2492 lo-

292 2538 408 2572 cum
434 2519 640 2571 totidem
673 2536 817 2586 poene
841 2521 1002 2568 verbis
1028 2522 1244 2571 inculcat
1267 2522 1322 2571 in

293 2611 420 2650 orat.
441 2607 558 2664 post
573 2597 678 2648 red.
697 2600 748 2646 in
769 2610 967 2659 senatu,
985 2616 1092 2666 esp.
1123 2617 1140 2648 s
1155 2601 1201 2650 5.

367 2694 416 2728 2.
439 2677 664 2741 agnati.
682 2678 781 2741 Qui
795 2679 934 2742 quasi
951 2679 1015 2726 ab
1031 2680 1205 2728 eode-
1223 2680 1325 2730 orti

293 2757 602 2824 progenitive
620 2768 748 2806 sunt.
767 2783 838 2794 -—
861 2756 1066 2826 affines.
1082 2759 1182 2822 Qui
1195 2761 1321 2810 inter

293 2855 346 2886 se
363 2835 474 2897 conj
481 2835 762 2885 unctionem
779 2836 882 2886 sive
902 2839 1321 2904 propinquitatem

291 2935 384 2984 per
399 2916 593 2981 nuptias
609 2927 972 2967 contraxerunt.

363 2995 415 3049 3.
437 2999 500 3063 Q.
519 2995 731 3045 Metello.
753 2995 1034 3046 Numidico.
1053 2997 1150 3046 Pro
1164 2999 1319 3048 Arch.

290 3094 404 3143 cap.
435 3077 482 3126 3.
509 3077 634 3139 Lege
661 3075 910 3126 Saturnini
935 3077 1154 3138 ejicitur,
1178 3078 1321 3141 qnod

289 3158 344 3206 in
361 3159 466 3219 ejus
485 3156 666 3221 legem,
687 3171 834 3220 qnam
851 3171 953 3204 non
973 3158 1082 3218 jure
1101 3169 1317 3221 rogatam

287 3237 559 3299 iudicarat,
600 3235 762 3296 jurare
811 3235 989 3284 nollet.
1039 3236 1319 3284 Revocatur

291 3317 582 3380 deprecante
605 3312 711 3362 fluo
735 3325 782 3362 et
811 3324 911 3364 tota
937 3315 1134 3364 familia.
1167 3315 1319 3366 Filius

289 3396 437 3446 etiam
473 3394 583 3442 Pius
613 3403 872 3457 propterea
905 3395 1180 3444 nominatus
1212 3406 1315 3459 est,

289 3475 428 3542 quod
453 3475 634 3539 pietate
664 3487 748 3520 sua
775 3484 827 3522 et
851 3473 1059 3522 assiduis
1084 3475 1315 3538 precibus

287 3567 477 3622 patrem
511 3551 738 3602 restituit.
780 3551 1051 3602 Clarissimi
1083 3553 1315 3604 dicuntur

288 3651 392 3684 non
413 3635 510 3684 nisi
531 3641 794 3682 senatores.

362 3723 412 3772 4.
431 3716 486 3762 L.
506 3711 840 3762 Diadematus.
867 3713 924 3760 1..
951 3709 1180 3761 Metellus
1197 3712 1314 3760 Dia-

291 3795 510 3844 dematus
525 3827 542 3851 ,
563 3790 872 3841 Macedonici
898 3789 1055 3850 iilius,
1083 3807 1178 3855 pro
1205 3792 1317 3840 Nu·

290 3875 476 3926 uidico
500 3873 785 3922 intercessit.
807 3873 1122 3922 Diadematus
1150 3871 1313 3919 dictus

287 3967 363 4005 est
388 3973 415 4004 a
441 3953 739 4013 diademate,
757 3969 857 4018 quo
872 3945 1048 4002 ulceris
1073 3952 1126 4000 in
1151 3952 1313 4002 fronte

283 4035 482 4097 tegendi
509 4049 654 4086 eausa
677 4031 922 4084 utebatur.
959 4031 1090 4082 Cave
1117 4041 1278 4082 sutem
1291 4067 1310 4092 ,

1408 2441 1617 2490 maciem
1638 2443 1701 2490 sit
1722 2441 2006 2490 Diademati
2020 2441 2167 2490 frater
2188 2441 2435 2504 patruelis.

1408 2523 1496 2570 Est
1520 2522 1649 2570 enim
1668 2521 1966 2570 Dalmaticae
1988 2520 2126 2570 Calvi
2146 2517 2310 2580 filius,
2330 2519 2437 2570 Cal·

1408 2618 1499 2650 vus
1522 2617 1641 2650 vero
1663 2601 1977 2650 Macedonici
2000 2600 2168 2649 frater.
2200 2601 2323 2650 Vid.
2346 2603 2435 2650 Er·

1405 2681 1533 2730 nesti
1558 2681 1695 2732 Clav.
1718 2707 1791 2718 -—-
1822 2679 2099 2730 Consularis
2126 2678 2327 2740 dicim,
2352 2679 2435 2744 qni

1407 2761 1663 2810 consulatu
1682 2759 1878 2810 functus
1895 2770 1984 2809 est.

1480 2841 1529 2890 5.
1572 2839 1793 2888 Metellus
1822 2839 2081 2887 censorius.
2117 2833 2435 2902 Qiuetellns

1408 2921 1686 2978 censorius,
1710 2915 2021 2968 Macedonici
2046 2927 2253 2981 quartus
2270 2915 2401 2966 fluns
2416 2953 2433 2978 ,

1407 2999 1494 3063 qui
1528 3008 1575 3048 et
1610 2998 1789 3046 dicitur
1812 2997 2089 3060 caprarius.
2122 2997 2319 3046 Censor
2346 2995 2434 3046 suit

1405 3075 2433 3142 cqu.Meteu0Nnmidieo‚etesndidstm

1406 3157 1686 3208 consulatus
1698 3191 1714 3215 ,
1730 3172 1883 3221 quum
1902 3165 2175 3204 moraetur
2192 3165 2355 3218 pater.

1476 3237 1526 3287 6.
1540 3238 1600 3299 Q.
1610 3236 1830 3284 Metellus
1845 3235 2029 3298 Nepos.
2038 3233 2275 3283 Balearici
2290 3233 2432 3284 filius.

1412 3344 1468 3356 —
1492 3319 1743 3366 Sororum.
1781 3315 1982 3364 Sorores
2014 3313 2335 3364 Metellorum
2360 3313 2433 3362 iu-

1405 3395 1587 3460 tellige.
1618 3421 1693 3434 -
1718 3394 1926 3444 Luculli.
1963 3395 2091 3442 Nam
2116 3395 2173 3442 1..
2202 3394 2433 3444 Lucullus

1402 3490 1605 3524 uxorem
1635 3474 1807 3524 habuit
1834 3472 2025 3522 Metelli
2054 3471 2315 3522 Numidici
2352 3488 2431 3522 so·

1401 3569 1575 3603 rorem.
1602 3556 1719 3604 Ver.
1744 3553 1835 3612 IV,
1864 3569 1977 3617 cap.
2006 3553 2095 3601 66.
2128 3578 2198 3589 —
2228 3551 2431 3600 Servilii.

1405 3635 1462 3682 P.
1489 3633 1720 3682 Servilius
1744 3632 1987 3680 Isauricus
2011 3634 2075 3695 Q.
2106 3631 2299 3680 Metelli
2326 3632 2431 3680 Ma·

1406 3712 1630 3762 cedonici
1646 3711 1744 3760 filia
1756 3745 1771 3771 ‚
1788 3727 1961 3760 sorore
1978 3708 2295 3758 Metellorum
2312 3725 2431 3774 qna·

1404 3802 1533 3852 tuor,
1562 3791 1777 3840 filiorum
1804 3789 2144 3850 Macedonici,
2170 3801 2317 3838 natus
2342 3799 2428 3836 est.

1403 3898 1475 3909 --
1509 3870 1769 3936 Scipiones.
1807 3872 1862 3919 P.
1904 3869 2075 3934 Scipio
2107 3868 2317 3928 Nasica,
2350 3867 2431 3930 qni

1399 3966 1513 4000 cum
1540 3965 1719 4014 genero
1746 3965 1839 3998 suo
1862 3949 1957 3998 Cn.
1986 3947 2225 4011 Pompeio
2250 3959 2431 3996 consu·

1398 4031 1551 4082 latum
1576 4029 1727 4094 gessit
1742 4063 1759 4091 ,
1784 4027 2049 4094 adoptatus
2070 4037 2145 4080 est
2170 4043 2199 4077 a
2228 4022 2432 4078 Motene
