2594 4537
388 272 518 347 158
1013 278 1111 345 Μ.
1164 276 1242 343 Τ.
1297 276 1864 347 CICERONIS

375 400 526 470 lum
551 453 569 484 ‚
605 399 662 469 si
697 392 1092 469 referretss?
1127 400 1220 467 At
1253 397 1445 467 enim
1484 420 1701 493 negas
1738 394 2027 469 fratrem
2064 422 2313 471 meum
2331 454 2353 487 ,
2386 402 2496 497 qui

372 516 450 581 L.
489 509 738 581 Flacco
775 510 1227 595 successerit,
1266 511 1655 604 pecuniam
1682 506 1905 578 ullam
1936 508 2013 577 in
2044 512 2361 605 remiges
2393 511 2497 580 im·

371 644 676 719 perasse.
727 618 1081 715 Equidem
1118 620 1377 708 Quinti
1424 616 1659 689 fratris
1704 618 1849 689 mei
1893 615 2105 690 laude
2147 620 2493 705 delectui-3

369 730 494 802 sed
535 731 688 801 aliis
735 733 954 825 magis
977 741 1027 817 ⁷,
1077 726 1525 825 gravioribus
1560 743 1781 825 atque
1820 727 2247 823 majoribus
2294 730 2493 801 Aliud

371 840 716 937 quiddam
775 842 1059 924 statuit,
1111 837 1307 911 aliud
1362 837 1559 926 vidit.
1604 840 2094 925 Existimavit,
2144 864 2491 937 quocum·

364 976 508 1048 que
563 964 892 1048 tempore
951 948 1276 1020 auditum
1343 948 1525 1046 quid
1588 963 1775 1021 esset
1832 948 1923 1019 de
1988 949 2489 1048 proedonibuS,

363 1086 582 1160 quam
639 1062 855 1133 vellet
907 1060 1193 1145 subito,
1239 1084 1315 1129 se
1350 1058 1663 1131 classem
1706 1074 2315 1158 comparaturum.
2364 1068 2489 1133 De·

361 1170 585 1269 nique
635 1170 776 1243 hoc
827 1174 1102 1267 primus
1152 1166 1376 1242 frater
1425 1192 1633 1241 meus
1668 1170 1748 1239 in
1794 1172 1955 1241 Asia
1988 1169 2195 1259 fecit,
2242 1187 2327 1242 ut
2363 1172 2489 1243 hoc

360 1296 656 1380 sumptu
687 1284 1040 1378 remigum
1069 1281 1391 1350 civitates
1416 1278 1703 1351 levaret.
1736 1282 2030 1352 Crimen
2070 1295 2315 1352 autem
2344 1296 2489 1351 tum

363 1392 586 1463 videri
620 1391 802 1464 solet
821 1388 878 1475 ⁸,
908 1414 1140 1487 quum
1179 1388 1439 1486 aliquis
1474 1404 1807 1487 sumptus
1838 1393 2153 1462 instituit
2186 1414 2347 1480 eos,
2372 1395 2487 1490 qui

355 1517 564 1573 antea
589 1524 738 1572 non
768 1514 973 1571 erant
998 1500 1343 1588 instituti,
1373 1524 1525 1570 non
1557 1524 1785 1597 quum
1820 1524 2195 1573 successor
2225 1502 2487 1600 aliquid

357 1614 692 1683 immutat
756 1610 848 1681 de
907 1611 1257 1681 institutis
1318 1614 1671 1708 priorum.
1740 1610 2033 1682 Flaccus
2056 1665 2075 1698 ,
2138 1609 2323 1707 quid
2384 1610 2487 1681 alii

357 1728 610 1819 postea
665 1719 920 1791 facturi
977 1734 1252 1807 essent,
1300 1720 1481 1791 scire
1516 1744 1673 1789 non
1706 1734 2034 1817 poterat3
2072 1720 2255 1816 quid
2288 1719 2487 1793 fecis·

357 1847 522 1903 sent
539 1842 596 1919 9,
629 1829 941 1901 videbat.

449 1947 602 2013 XV.
665 1939 843 2029 Sed,
879 1943 1226 2037 quoniam
1277 1940 1369 2011 de
1406 1942 1781 2011 communi
1822 1943 2047 2011 totius
2082 1942 2263 2012 Asiae
2288 1952 2311 1985 ¹
2359 1942 2485 2012 cri-
2560 1936 2563 1973 ³

355 2054 550 2124 mine
589 2051 867 2123 dictum
899 2066 1009 2123 est
1031 2107 1050 2139 ,
1075 2050 1451 2147 aggrediar
1476 2050 1747 2145 jamad
1788 2049 2107 2149 singulas
2136 2054 2485 2123 civitates:
2560 2076 2563 2079 ⁴

354 2190 442 2235 ex
487 2162 760 2261 quibus
799 2164 892 2233 sit
938 2184 1107 2232 sane
1139 2160 1354 2235 nobis
1388 2163 1625 2259 prima
1660 2160 1907 2231 civitas
1946 2162 2417 2233 Acmonensis
2434 2172 2481 2231 ².
2560 2226 2563 2231 .

352 2278 540 2348 Citat
588 2299 825 2373 praeco
879 2296 1058 2343 voce
1107 2272 1418 2342 maxima
1460 2268 1733 2367 legatos
1782 2274 2298 2344 Acmonenses.
2332 2277 2487 2344 Pro-

352 2385 544 2457 cedit
595 2409 786 2454 unus
837 2381 1335 2479 Asclepiades:
1384 2379 1741 2479 prodeant
1764 2377 2189 2450 &Etiamne
2224 2403 2485 2477 praeoo·

351 2519 523 2566 nem
571 2493 859 2565 mentiri
901 2491 1291 2590 coegisti4P
1334 2495 1461 2563 Est
1496 2492 1687 2563 enim
1716 2545 1736 2578 ,
1782 2490 2003 2562 credo
2024 2545 2043 2578 ,
2088 2491 2147 2561 is
2178 2493 2294 2562 vir
2326 2494 2482 2576 iste,

419 2741 473 2786 6.
499 2735 686 2785 Crimen
707 2745 829 2784 esset
845 2733 1055 2792 nultum,
1086 2734 1133 2783 si
1150 2733 1367 2799 refirret.

346 2815 406 2862 In
433 2811 528 2857 hoc
553 2808 667 2856 loco
691 2807 934 2856 haeserunt
959 2807 1116 2856 multi.
1155 2808 1371 2856 Classem

347 2887 629 2946 aedificavit,
649 2902 823 2949 nempe
843 2885 1114 2949 mvigavit3
1141 2901 1230 2934 nec
1250 2884 1369 2950 pln-

345 2970 412 3016 ris
445 2966 598 3014 Flacci
632 2982 776 3029 quam
813 2966 1030 3029 Pompeii
1063 2981 1210 3013 naves
1247 2979 1368 3011 con-

343 3049 588 3096 stiterunt.
613 3045 788 3092 Latius
813 3045 988 3092 Flacco
1011 3044 1202 3094 crimini
1223 3044 1371 3092 vertit

347 3127 512 3174 classis
529 3123 897 3172 aedificationem
923 3123 1063 3186 qnasi
1083 3123 1266 3172 inutilis
1280 3155 1295 3182 ,
1319 3133 1369 3170 et

345 3207 443 3255 hoc
485 3207 637 3254 utitur
675 3215 958 3267 argumento
989 3218 1003 3252 :
1043 3203 1241 3252 Flaccus
1275 3204 1368 3258 rite

344 3285 526 3332 sciebat
567 3284 716 3332 classe
751 3298 854 3330 non
901 3298 1030 3346 opus
1071 3297 1204 3340 esse;
1250 3281 1367 3332 ideo

346 3365 506 3412 noluit
529 3380 632 3412 eam
656 3364 708 3409 in
734 3378 842 3409 suas
863 3361 1051 3409 tabulas
1073 3361 1248 3408 referre
1264 3397 1280 3420 ,
1306 3377 1367 3410 ne

343 3455 673 3500 accusat-etun
700 3457 818 3506 ergo
845 3441 1028 3488 crimen
1049 3441 1144 3488 sibi
1169 3441 1272 3504 ipse
1300 3442 1367 3486 fe-

341 3527 425 3572 cit.
467 3522 754 3587 Respondet
787 3532 952 3569 orator
989 3534 1004 3568 ε
1047 3543 1074 3562 ιι
1095 3520 1182 3584 qui
1217 3519 1371 3584 igitur

345 3604 542 3669 probari
565 3614 751 3666 potest,
774 3613 864 3650 etc.
884 3622 910 3642 ι·

417 3700 468 3743 7.
509 3683 606 3729 Sed
647 3682 758 3729 alie's
797 3678 971 3744 mgis.
1015 3679 1238 3736 Scilicet,
1279 3677 1367 3726 sed

345 3760 560 3809 delector
591 3760 740 3822 magis
769 3760 824 3808 in
856 3758 966 3806 aliis
999 3759 1144 3806 rebus
1173 3757 1365 3822 gravio-

343 3839 508 3896 ribus;
533 3849 627 3886 etc.

415 3921 463 3967 8.
507 3918 694 3964 Crimen
721 3929 884 3964 aretem
913 3927 1014 3962 tum
1039 3913 1200 3962 videri
1227 3913 1365 3963 solet.

340 3995 509 4062 Culpa!
547 3998 798 4060 proximus
833 4005 988 4060 esset,
1017 3994 1104 4056 qui
1139 3992 1269 4041 nulla
1306 3992 1366 4041 de

1456 2749 1601 2782 censs
1626 2745 1853 2799 sumptus
1884 2733 2199 2794 instituisset,
2226 2733 2317 2798 qui
2348 2743 2483 2782 antes

1456 2829 1560 2861 non
1596 2813 1811 2862 instituti
1853 2824 2025 2874 erent3
2060 2813 2151 2862 sed
2186 2829 2293 2862 non
2326 2825 2483 2878 potest

1456 2892 1669 2939 accusari
1686 2928 1702 2953 ,
1734 2893 1776 2938 si
1815 2891 1941 2955 qnid
1977 2893 2245 2941 successori
2280 2894 2380 2954 ejus
2424 2891 2481 2938 de

1456 2969 1690 3018 institutis
1710 2970 1931 3034 priorum
1953 2971 2211 3020 immutare
2230 2971 2445 3021 libuerit.

1527 3065 1577 3112 9.
1606 3049 1739 3112 Quid
1745 3047 2000 3114 sectivum.
2030 3050 2248 3102 snbaud.
2277 3061 2430 3100 antea.

1526 3130 1645 3177 XV.
1674 3145 1721 3176 1.
1745 3128 1827 3176 Al.
1854 3130 2046 3178 -totins
2064 3131 2343 3180 communis
2358 3129 2479 3177 Asi:

1455 3205 1657 3254 crimine
1678 3227 1723 3257 ιι.
1754 3207 1803 3256 J.
1824 3208 1887 3253 V.
1914 3209 1969 3254 L.

1527 3299 1579 3332 α.
1632 3283 1965 3333 Acmonensis.
2022 3289 2081 3335 In
2125 3286 2354 3352 Phrygis.
2396 3285 2475 3332 Sic

1455 3363 1793 3422 scribendum
1834 3349 2083 3430 Ᾰκμ-ονίων
2136 3366 2267 3414 enim
2311 3376 2381 3412 est
2426 3364 2475 3409 in

1456 3444 1699 3492 veteribus
1722 3443 2110 3512 numismatibus.

1528 3522 1577 3570 3.
1612 3522 1714 3572 Alii
1740 3535 1936 3586 ponunt
1954 3522 2212 3586 prodeant
2236 3533 2347 3588 post
2372 3523 2473 3568 Ae·

1455 3617 1736 3660 saonensem
1762 3603 1848 3650 alii
1874 3618 1975 3650 non
1999 3613 2201 3652 movent
2225 3604 2337 3650 loco
2352 3635 2365 3660 ,
2387 3599 2473 3646 sed

1453 3680 1630 3730 sddere
1653 3682 1830 3741 jubent
1857 3682 2019 3732 ceteri.
2048 3685 2199 3730 Forte
2225 3681 2345 3730 nihil
2366 3695 2473 3726 mn·

1456 3759 1673 3809 tandum.
1700 3763 1731 3810 J
1740 3763 1830 3810 .V.
1861 3762 1915 3808 L.

1527 3845 1575 3893 4.
1618 3836 1822 3888 Mentiri
1858 3837 2097 3902 coegisti?
2135 3839 2220 3888 Ad
2260 3837 2471 3888 laelium.

1456 3919 1657 3981 Legatos
1702 3919 1831 3968 enim
1884 3918 2048 3966 citavit
2068 3951 2085 3976 ‚
2130 3935 2281 3984 quum
2328 3933 2471 3966 unum

1456 3995 1691 4048 duntaxat
1711 3999 1859 4048 citare
1878 3995 2115 4046 debuerit.
