2594 4537
906 218 1470 288 EXCURSUS
1519 220 1604 286 V.
2175 217 2316 317 637

186 342 566 427 Ancyram,
610 359 753 426 pag.
790 339 913 424 174
948 335 1253 401 editionis
1286 338 1743 403 Chishullianae
1786 361 1942 403 usus
1984 356 2126 405 est:
2175 342 2320 406 CA-

184 441 611 509 PITOLIVM
664 478 751 489 —
809 440 1201 507 IMPENSA.
1279 442 1636 509 GRANDI.
1702 443 2025 509 REFECI.
2097 444 2315 512 SINE.

184 553 425 615 VLLA.
456 546 1005 614 INSCRIPTION
1008 550 1081 613 E.
1112 548 1401 613 NOMIN
1404 549 1500 613 IS.
1539 550 1716 613 ΜΕΙ.
1746 550 1908 632 Quis
1943 572 2077 615 non
2103 551 2318 633 videt,

184 658 259 719 in
294 679 367 720 ea
398 654 751 719 refectione
792 656 1139 725 sta'tuasin
1184 655 1569 743 latissimum
1603 656 1814 744 campi
1846 656 2061 720 Martii
2097 658 2319 722 locum

184 784 268 825 ex
324 760 781 849 angustissimo
846 761 1183 825 translatas
1234 760 1436 825 fuisse
1468 760 1496 824 P
1553 760 1804 825 Deinde
1860 779 2012 850 post
2076 785 2320 851 pauca:
2373 759 2403 793 ·’

180 868 239 931 F
240 868 511 932 ORVM.
554 866 881 931 1VL1vM.
928 866 1065 931 ET.
1111 867 1562 931 BASILICAM
1595 904 1688 915 —
1722 868 2076 953 COEPTA.
2115 869 2321 933 PRO-

178 973 747 1055 FLIGATAQVE.
772 972 1075 1038 OPERA.
1100 976 1176 1038 A.
1196 973 1498 1047 ‚PATRE
1523 974 1734 1039 MEO.
1764 975 2146 1039 PERFECI.
2173 978 2319 1040 Hoc

178 1097 359 1145 certe
388 1078 567 1143 haud
592 1079 809 1168 paullo
832 1097 1016 1163 ante,
1040 1103 1235 1170 quam
1258 1080 1480 1145 forum
1503 1104 1698 1146 suum
1715 1080 2049 1163 conderet,
2073 1083 2314 1147 factum

178 1186 495 1273 oportuit.
522 1185 915 1268 Suetonius,
962 1208 1105 1275 cap.
1140 1208 1223 1273 29
1256 1210 1271 1251 :
1321 1188 1516 1251 «Fori
1552 1186 1924 1251 exstruendi
1963 1208 2154 1249 causa
2189 1187 2316 1252 fuit

176 1292 527 1355 hominum
578 1306 644 1354 et
691 1290 1091 1381 judiciorum
1152 1290 1509 1356 multitudo
1527 1341 1545 1373 ,
1591 1315 1737 1380 quse
1771 1290 2132 1373 videbatur,
2177 1313 2314 1356 non

174 1396 651 1463 sufficientibus
681 1395 979 1477 duobuS,
1030 1398 1225 1468 etiam
1256 1400 1446 1462 tertio
1483 1396 1774 1485 indigere
1799 1428 1842 1461 n.
1877 1398 2203 1479 Quocirca
2241 1398 2310 1460 in

174 1517 616 1566 monumento
670 1501 1008 1589 sequitur:
1055 1502 1398 1567 MARTIS.
1445 1502 1826 1568 VLTORIS.
1873 1501 2311 1566 TEMPLVM.

172 1606 689 1690 FORVMQVE.
725 1608 1231 1673 AVGVSTVM.
1268 1609 1489 1673 FECI.
1526 1607 1782 1696 Nempe
1824 1624 1976 1697 post
2017 1608 2314 1673 consula-

174 1730 319 1778 tum
341 1738 536 1779 suum
569 1714 920 1803 septimum
944 1716 1095 1779 anni
1134 1714 1304 1801 726,
1339 1715 1524 1795 cujus
1554 1715 1744 1780 initio
1763 1714 2043 1805 Augusti
2071 1736 2313 1779 nomen

170 1821 233 1883 ei
280 1818 565 1888 delatum
611 1821 754 1886 fuit.
790 1822 875 1884 Et
922 1822 1131 1885 multo
1178 1818 1448 1907 quidem
1490 1836 1732 1909 postea.
1781 1821 1946 1885 Nam
1995 1822 2312 1909 templum

170 1923 337 1989 illud
382 1947 559 1989 anno
602 1924 769 2013 734,
816 1925 1013 2014 signis
1036 1974 1055 2008 ,
1117 1948 1261 2012 quae
1308 1924 1528 1990 Parthi
1573 1942 1909 2015 ceperant,
1962 1926 2311 2007 restitutis,

168 2028 541 2095 laciendum
570 2030 871 2095 decrevit.
912 2030 991 2094 Id
1028 2030 1159 2109 jam
1194 2032 1444 2095 notavit
1473 2054 1552 2095 ex
1581 2033 1794 2096 Dione
1819 2031 1880 2096 N
1885 2032 2034 2095 oris.
2080 2034 2314 2097 Cenot.

169 2135 385 2199 Pisan.
414 2136 511 2217 11,
540 2136 603 2201 8.
628 2134 963 2201 Dedicavit
990 2134 1277 2223 denique
1299 2136 1643 2201 consulatu
1671 2158 1794 2200 suo
1821 2135 1932 2218 13,
1957 2158 2132 2200 anno
2158 2135 2311 2223 751,

168 2240 354 2330 quod
399 2241 715 2326 Velleius,
768 2243 871 2324 ΙΙ,
925 2264 1045 2306 1oo
1070 2291 1089 2324 ,
1144 2241 1474 2306 memoriae
1525 2239 1836 2331 prodidit.
1888 2242 2304 2330 Quamquam

168 2348 415 2412 etenim
468 2347 689 2413 forum
724 2363 941 2412 narrat
980 2347 1071 2412 ibi
1105 2348 1458 2412 Suetonius
1495 2347 1980 2431 «festinantius,
2030 2347 2310 2412 necdum

166 2451 449 2541 perfecta
480 2452 703 2517 Martis
736 2451 907 2534 aede,
942 2452 1348 2540 publicatum
1387 2452 1586 2516 fuisse
1607 2483 1664 2535 ιι,
1694 2453 2054 2518 existimare
2087 2469 2308 2518 tamen

166 2576 430 2647 oportet
450 2607 469 2641 ,
512 2582 648 2624 non
686 2560 967 2624 multum
1012 2559 1326 2646 temporis
1367 2557 1539 2622 inter
1575 2582 1679 2624 eas
1725 2558 2160 2624 dedicationes
2203 2560 2306 2622 in-

166 2665 553 2730 tercessisse.
604 2667 832 2753 Itaque
878 2689 915 2730 a
958 2667 1172 2730 Dione
1215 2667 1367 2730 libri
1407 2666 1519 2731 LV
1549 2683 1735 2756 parte
1781 2665 2116 2754 deperdita
2153 2651 2309 2755 pro*-

164 2770 341 2836 xime
376 2769 960 2858 conjungebantur.
983 2772 1321 2860 Superstes
1345 2787 1620 2836 testatur
1653 2769 1882 2852 index,
1918 2773 1988 2834 in
2012 2795 2145 2859 quo
2169 2794 2305 2834 non

164 2886 305 2957 ἱερὰ,
340 2873 519 2963 quod
538 2874 759 2964 inepte
786 2877 1067 2940 refertur
1090 2877 1173 2940 ad
1209 2875 1512 2960 domum,
1540 2875 1658 2942 sed
1681 2885 1840 2957 ἀγορὰ
1851 2876 2125 2964 ,fot-um,
2146 2900 2300 2942 cum

167 2981 513 3045 Chishullo
534 2980 675 3044 sine
703 2979 1107 3048 dubitatione
1128 2982 1482 3071 legendum
1507 2997 1620 3046 est.
1649 2982 1828 3048 Illam
1858 3005 2014 3048 vero
2047 2979 2130 3045 de
2161 2984 2308 3047 foro

164 3103 419 3175 partem
450 3109 585 3150 non
609 3086 875 3150 resarcit
906 3085 1115 3155 codex
1138 3087 1434 3176 egregius
1453 3135 1472 3170 ,
1503 3109 1584 3154 ex·
1605 3111 1742 3176 quo
1773 3110 1988 3175 nuper
2007 3109 2305 3154 summus

164 3194 293 3274 vir,
332 3194 625 3281 mihique
652 3193 933 3258 amicitia
961 3209 1176 3260 vetere
1215 3194 1817 3276 conjunctissimus,
1850 3195 2128 3270 Iacobus
2167 3195 2308 3258 Mo-

162 3299 381 3364 rellius
408 3321 486 3364 ex
508 3299 705 3363 altera
726 3315 939 3386 parte,
969 3322 1112 3386 quae
1136 3299 1219 3364 ad
1244 3300 1466 3388 templi
1501 3298 1974 3364 dedicationem
2001 3301 2304 3389 pertinet,

161 3405 495 3495 complura
531 3407 805 3495 protulit
836 3407 1251 3472 Suetonianis
1294 3407 1506 3471 multo
1543 3407 1873 3496 ampliora.
1914 3409 2050 3472 Jam
2069 3432 2074 3436 ·
2094 3409 2304 3473 nemi-

163 3535 311 3576 nem
348 3514 646 3578 futurum
682 3529 875 3600 puto,
908 3516 1024 3600 qui
1068 3530 1353 3578 veterem
1399 3513 1576 3578 illam
1623 3513 1704 3578 de
1747 3512 2008 3578 duobus
2046 3514 2302 3602 templis
2361 3525 2368 3533 '

161 3618 351 3682 Marti
378 3617 574 3681 ultori
608 3616 689 3680 ab
715 3620 1015 3706 Augusto
1046 3618 1231 3682 factis
1272 3618 1435 3683 mihi
1473 3618 1740 3706 objiciat
1772 3618 2056 3683 fabulam
2078 3665 2097 3698 ,
2133 3635 2306 3706 post-

102 3719 107 3722 ’
158 3747 357 3810 quam
380 3725 461 3788 ab
487 3723 931 3790 eruditissimis
955 3725 1142 3806 viris,
1166 3725 1472 3791 Massone
1494 3728 1562 3790 in
1593 3724 1809 3790 Ovidii
1837 3726 1998 3806 vita,
2033 3741 2191 3788 tom.
2213 3725 2302 3788 IV

162 3827 313 3892 edit.
338 3833 557 3894 Burm.
585 3855 729 3920 pag.
757 3830 876 3912 683
920 3831 1213 3896 Fabricio
1238 3848 1306 3896 et
1333 3834 1637 3896 Reimaro
1671 3832 1750 3895 ad
1782 3832 2058 3895 Dionem
2087 3881 2104 3913 ‚
2141 3831 2302 3915 LIV,

166 3935 239 4012 8,
276 3933 639 4021 eodemque
682 3935 1019 4018 MorelliO,
1064 3959 1208 4025 pag.
1249 3937 1285 4000 5
1319 3936 1472 4002 edit.
1519 3939 1716 4002 Paris.
1751 3939 1840 4002 ita
1879 3939 2138 4027 explosa
2171 3955 2303 4020 est,
