<?xml version="1.0" encoding="UTF-8"?>
<!DOCTYPE html PUBLIC "-//W3C//DTD XHTML 1.0 Transitional//EN"
    "http://www.w3.org/TR/xhtml1/DTD/xhtml1-transitional.dtd">
<html xmlns="http://www.w3.org/1999/xhtml" xml:lang="en" lang="en">
 <head>
  <title>
</title>
<meta http-equiv="Content-Type" content="text/html;charset=utf-8" />
  <meta name='ocr-system' content='tesseract 3.04.00' />
  <meta name='ocr-capabilities' content='ocr_page ocr_carea ocr_par ocr_line ocrx_word'/>
</head>
<body>
  <div class='ocr_page' id='page_1' title='image "./mtciceronisquae05lemagoog_0619.png"; bbox 0 0 2594 4537; ppageno 0'>
   <div class='ocr_carea' id='block_1_1' title="bbox 1805 336 2356 365">
    <p class='ocr_par' dir='ltr' id='par_1_1' title="bbox 1805 336 2356 365">
     <span class='ocr_line' id='line_1_1' title="bbox 1805 336 2356 365; baseline 0.007 -7"><span class='ocrx_word' id='word_1_1' title='bbox 1805 336 2356 365; x_wconf 62' lang='lat' dir='ltr'><strong>mmm</strong></span> 
     </span>
    </p>
   </div>
   <div class='ocr_carea' id='block_1_2' title="bbox 1349 330 1804 359">
    <p class='ocr_par' dir='ltr' id='par_1_2' title="bbox 1349 330 1804 359">
     <span class='ocr_line' id='line_1_2' title="bbox 1349 330 1804 359; baseline 0 4178"><span class='ocrx_word' id='word_1_2' title='bbox 1349 330 1804 359; x_wconf 95' lang='lat' dir='ltr'><strong> </strong></span> 
     </span>
    </p>
   </div>
   <div class='ocr_carea' id='block_1_3' title="bbox 612 520 1964 829">
    <p class='ocr_par' dir='ltr' id='par_1_3' title="bbox 612 520 1964 829">
     <span class='ocr_line' id='line_1_3' title="bbox 792 520 1778 627; baseline 0.001 -3"><span class='ocrx_word' id='word_1_3' title='bbox 792 521 1103 627; x_wconf 90' lang='lat' dir='ltr'><strong>EXC</strong></span> <span class='ocrx_word' id='word_1_4' title='bbox 1136 522 1223 625; x_wconf 88' lang='lat' dir='ltr'><strong>U</strong></span> <span class='ocrx_word' id='word_1_5' title='bbox 1250 520 1651 627; x_wconf 90' lang='lat' dir='ltr'>RSUS</span> <span class='ocrx_word' id='word_1_6' title='bbox 1735 523 1778 625; x_wconf 91' lang='grc' dir='ltr'>Ι</span> 
     </span>
     <span class='ocr_line' id='line_1_4' title="bbox 612 742 1964 829; baseline -0.001 -4"><span class='ocrx_word' id='word_1_7' title='bbox 612 744 1209 826; x_wconf 86' lang='lat' dir='ltr'><strong>GASPARIS</strong></span> <span class='ocrx_word' id='word_1_8' title='bbox 1264 742 1964 829; x_wconf 83' lang='lat' dir='ltr'><strong>GARATONII</strong></span> 
     </span>
    </p>
   </div>
   <div class='ocr_carea' id='block_1_4' title="bbox 546 937 2033 1005">
    <p class='ocr_par' dir='ltr' id='par_1_4' title="bbox 546 937 2033 1005">
     <span class='ocr_line' id='line_1_5' title="bbox 546 937 2033 1005; baseline 0 -18"><span class='ocrx_word' id='word_1_9' title='bbox 546 938 623 987; x_wconf 71' lang='lat' dir='ltr'><strong>Ad</strong></span> <span class='ocrx_word' id='word_1_10' title='bbox 644 954 699 989; x_wconf 76' lang='grc' dir='ltr'><strong>οι</strong></span> <span class='ocrx_word' id='word_1_11' title='bbox 720 941 865 989; x_wconf 70' lang='lat' dir='ltr'><strong>verb·</strong></span> <span class='ocrx_word' id='word_1_12' title='bbox 890 941 1161 997; x_wconf 65' lang='lat' dir='ltr'><strong>ciceronis,</strong></span> <span class='ocrx_word' id='word_1_13' title='bbox 1188 949 1312 989; x_wconf 71' lang='lat' dir='ltr'><strong>ont.</strong></span> <span class='ocrx_word' id='word_1_14' title='bbox 1335 956 1428 1005; x_wconf 76' lang='lat' dir='ltr'><strong>pro</strong></span> <span class='ocrx_word' id='word_1_15' title='bbox 1445 940 1532 988; x_wconf 75' lang='lat' dir='ltr'><strong>On.</strong></span> <span class='ocrx_word' id='word_1_16' title='bbox 1555 937 1780 996; x_wconf 68' lang='lat' dir='ltr'><strong>Plaude,</strong></span> <span class='ocrx_word' id='word_1_17' title='bbox 1805 954 1910 1002; x_wconf 74' lang='lat' dir='ltr'><strong>cap.</strong></span> <span class='ocrx_word' id='word_1_18' title='bbox 1943 948 2000 995; x_wconf 65' lang='grc' dir='ltr'><strong>ιι</strong></span> <span class='ocrx_word' id='word_1_19' title='bbox 2021 959 2033 987; x_wconf 74' lang='lat' dir='ltr'><em>z</em></span> 
     </span>
    </p>
   </div>
   <div class='ocr_carea' id='block_1_5' title="bbox 218 1094 2358 1385">
    <p class='ocr_par' dir='ltr' id='par_1_5' title="bbox 218 1094 2358 1385">
     <span class='ocr_line' id='line_1_6' title="bbox 218 1094 2356 1182; baseline 0.001 -31"><span class='ocrx_word' id='word_1_20' title='bbox 218 1094 399 1166; x_wconf 82' lang='lat' dir='ltr'><strong>Quod</strong></span> <span class='ocrx_word' id='word_1_21' title='bbox 418 1096 647 1171; x_wconf 78' lang='lat' dir='ltr'><strong>primus</strong></span> <span class='ocrx_word' id='word_1_22' title='bbox 670 1096 833 1152; x_wconf 75' lang='lat' dir='ltr'><strong>scivit</strong></span> <span class='ocrx_word' id='word_1_23' title='bbox 860 1098 1047 1171; x_wconf 78' lang='lat' dir='ltr'><strong>legem</strong></span> <span class='ocrx_word' id='word_1_24' title='bbox 1081 1097 1157 1153; x_wconf 81' lang='lat' dir='ltr'><strong>de</strong></span> <span class='ocrx_word' id='word_1_25' title='bbox 1172 1098 1507 1173; x_wconf 78' lang='lat' dir='ltr'><em>publicanis</em></span> <span class='ocrx_word' id='word_1_26' title='bbox 1534 1108 1652 1153; x_wconf 81' lang='lat' dir='ltr'><strong>tum</strong></span> <span class='ocrx_word' id='word_1_27' title='bbox 1669 1145 1686 1170; x_wconf 85' lang='lat'><em>,</em></span> <span class='ocrx_word' id='word_1_28' title='bbox 1743 1115 1922 1171; x_wconf 81' lang='lat' dir='ltr'><strong>quum</strong></span> <span class='ocrx_word' id='word_1_29' title='bbox 1946 1096 2045 1153; x_wconf 79' lang='lat' dir='ltr'><strong>vir</strong></span> <span class='ocrx_word' id='word_1_30' title='bbox 2063 1096 2356 1182; x_wconf 60' lang='lat' dir='ltr'><strong>amplissi-</strong></span> 
     </span>
     <span class='ocr_line' id='line_1_7' title="bbox 293 1192 2358 1270; baseline 0.001 -23"><span class='ocrx_word' id='word_1_31' title='bbox 293 1210 421 1247; x_wconf 81' lang='lat' dir='ltr'><strong>mus</strong></span> <span class='ocrx_word' id='word_1_32' title='bbox 447 1196 650 1248; x_wconf 82' lang='lat' dir='ltr'><strong>consul</strong></span> <span class='ocrx_word' id='word_1_33' title='bbox 668 1192 733 1247; x_wconf 76' lang='lat' dir='ltr'><strong>id</strong></span> <span class='ocrx_word' id='word_1_34' title='bbox 750 1194 841 1248; x_wconf 82' lang='lat' dir='ltr'><strong>illi</strong></span> <span class='ocrx_word' id='word_1_35' title='bbox 863 1194 1055 1251; x_wconf 73' lang='lat' dir='ltr'><strong>orde‘ni</strong></span> <span class='ocrx_word' id='word_1_36' title='bbox 1065 1210 1183 1270; x_wconf 84' lang='lat' dir='ltr'><strong>per</strong></span> <span class='ocrx_word' id='word_1_37' title='bbox 1203 1196 1497 1269; x_wconf 77' lang='lat' dir='ltr'><strong>populum</strong></span> <span class='ocrx_word' id='word_1_38' title='bbox 1524 1194 1686 1251; x_wconf 74' lang='lat' dir='ltr'><strong>dedit</strong></span> <span class='ocrx_word' id='word_1_39' title='bbox 1699 1230 1722 1261; x_wconf 90' lang='lat'><em>,</em></span> <span class='ocrx_word' id='word_1_40' title='bbox 1744 1192 1904 1269; x_wconf 81' lang='lat' dir='ltr'><strong>quod</strong></span> <span class='ocrx_word' id='word_1_41' title='bbox 1911 1210 2025 1269; x_wconf 84' lang='lat' dir='ltr'><strong>per·</strong></span> <span class='ocrx_word' id='word_1_42' title='bbox 2041 1206 2315 1251; x_wconf 79' lang='lat' dir='ltr'><strong>senatum</strong></span> <span class='ocrx_word' id='word_1_43' title='bbox 2341 1235 2358 1261; x_wconf 78' lang='grc'><em>,</em></span> 
     </span>
     <span class='ocr_line' id='line_1_8' title="bbox 305 1282 1035 1385; baseline 0.003 -46"><span class='ocrx_word' id='word_1_44' title='bbox 305 1283 361 1339; x_wconf 72' lang='grc' dir='ltr'><strong>εἰ</strong></span> <span class='ocrx_word' id='word_1_45' title='bbox 381 1282 669 1353; x_wconf 76' lang='lat' dir='ltr'><strong>licuisset,</strong></span> <span class='ocrx_word' id='word_1_46' title='bbox 703 1282 975 1341; x_wconf 79' lang='lat' dir='ltr'><em>dedisset.</em></span> <span class='ocrx_word' id='word_1_47' title='bbox 1019 1367 1035 1385; x_wconf 27' lang='grc' dir='ltr'>ἱ</span> 
     </span>
    </p>
   </div>
   <div class='ocr_carea' id='block_1_6' title="bbox 1002 1457 1564 1489">
    <p class='ocr_par' dir='ltr' id='par_1_6' title="bbox 1002 1457 1564 1489">
     <span class='ocr_line' id='line_1_9' title="bbox 1002 1457 1564 1489; baseline 0 3048"><span class='ocrx_word' id='word_1_48' title='bbox 1002 1457 1564 1489; x_wconf 95' lang='lat' dir='ltr'><strong> </strong></span> 
     </span>
    </p>
   </div>
   <div class='ocr_carea' id='block_1_7' title="bbox 206 1593 2366 4112">
    <p class='ocr_par' dir='ltr' id='par_1_7' title="bbox 206 1593 2366 4112">
     <span class='ocr_line' id='line_1_10' title="bbox 306 1593 2366 1679; baseline 0.002 -23"><span class='ocrx_word' id='word_1_49' title='bbox 306 1594 384 1656; x_wconf 85' lang='lat' dir='ltr'><strong>ln</strong></span> <span class='ocrx_word' id='word_1_50' title='bbox 420 1593 719 1658; x_wconf 82' lang='lat' dir='ltr'><strong>Ambros.</strong></span> <span class='ocrx_word' id='word_1_51' title='bbox 751 1594 826 1657; x_wconf 76' lang='lat' dir='ltr'><strong>id</strong></span> <span class='ocrx_word' id='word_1_52' title='bbox 852 1594 1197 1660; x_wconf 84' lang='lat' dir='ltr'><strong>omittitur.</strong></span> <span class='ocrx_word' id='word_1_53' title='bbox 1230 1594 1344 1659; x_wconf 85' lang='lat' dir='ltr'><strong>Me</strong></span> <span class='ocrx_word' id='word_1_54' title='bbox 1370 1616 1528 1659; x_wconf 81' lang='lat' dir='ltr'><strong>vero</strong></span> <span class='ocrx_word' id='word_1_55' title='bbox 1565 1594 1940 1660; x_wconf 73' lang='lat' dir='ltr'><strong>scholiastes</strong></span> <span class='ocrx_word' id='word_1_56' title='bbox 1975 1594 2264 1679; x_wconf 74' lang='lat' dir='ltr'><strong>adducit,</strong></span> <span class='ocrx_word' id='word_1_57' title='bbox 2287 1615 2366 1662; x_wconf 87' lang='lat' dir='ltr'><strong>ut</strong></span> 
     </span>
     <span class='ocr_line' id='line_1_11' title="bbox 214 1698 2362 1789; baseline 0.002 -28"><span class='ocrx_word' id='word_1_58' title='bbox 214 1720 361 1761; x_wconf 89' lang='lat' dir='ltr'><strong>rem</strong></span> <span class='ocrx_word' id='word_1_59' title='bbox 394 1698 563 1763; x_wconf 84' lang='lat' dir='ltr'><strong>hane</strong></span> <span class='ocrx_word' id='word_1_60' title='bbox 595 1720 632 1763; x_wconf 90' lang='lat' dir='ltr'><strong>a</strong></span> <span class='ocrx_word' id='word_1_61' title='bbox 662 1698 965 1763; x_wconf 86' lang='lat' dir='ltr'><strong>Manutio</strong></span> <span class='ocrx_word' id='word_1_62' title='bbox 990 1699 1194 1763; x_wconf 83' lang='lat' dir='ltr'><strong>levius</strong></span> <span class='ocrx_word' id='word_1_63' title='bbox 1229 1698 1590 1788; x_wconf 79' lang='lat' dir='ltr'>expositam</span> <span class='ocrx_word' id='word_1_64' title='bbox 1618 1700 1886 1765; x_wconf 75' lang='lat' dir='ltr'><strong>clariore</strong></span> <span class='ocrx_word' id='word_1_65' title='bbox 1917 1698 2200 1789; x_wconf 81' lang='lat' dir='ltr'><strong>quadam</strong></span> <span class='ocrx_word' id='word_1_66' title='bbox 2216 1701 2362 1767; x_wconf 69' lang='lat' dir='ltr'><strong>luce</strong></span> 
     </span>
     <span class='ocr_line' id='line_1_12' title="bbox 214 1802 2364 1894; baseline 0.001 -28"><span class='ocrx_word' id='word_1_67' title='bbox 214 1802 631 1891; x_wconf 79' lang='lat' dir='ltr'><strong>perfundam.</strong></span> <span class='ocrx_word' id='word_1_68' title='bbox 680 1804 952 1868; x_wconf 84' lang='lat' dir='ltr'><strong>Initium</strong></span> <span class='ocrx_word' id='word_1_69' title='bbox 984 1802 1352 1868; x_wconf 81' lang='lat' dir='ltr'><strong>luculenter</strong></span> <span class='ocrx_word' id='word_1_70' title='bbox 1391 1804 1475 1868; x_wconf 85' lang='lat' dir='ltr'><strong>ab</strong></span> <span class='ocrx_word' id='word_1_71' title='bbox 1505 1804 1650 1894; x_wconf 87' lang='lat' dir='ltr'><strong>ipso</strong></span> <span class='ocrx_word' id='word_1_72' title='bbox 1680 1804 1898 1870; x_wconf 84' lang='lat' dir='ltr'><strong>Tullio</strong></span> <span class='ocrx_word' id='word_1_73' title='bbox 1927 1804 2256 1894; x_wconf 78' lang='lat' dir='ltr'><strong>praebetur</strong></span> <span class='ocrx_word' id='word_1_74' title='bbox 2277 1805 2364 1869; x_wconf 77' lang='lat' dir='ltr'><strong>ad</strong></span> 
     </span>
     <span class='ocr_line' id='line_1_13' title="bbox 214 1906 2364 1998; baseline 0.002 -27"><span class='ocrx_word' id='word_1_75' title='bbox 214 1908 405 1973; x_wconf 82' lang='lat' dir='ltr'><strong>Attio.</strong></span> <span class='ocrx_word' id='word_1_76' title='bbox 456 1909 524 1991; x_wconf 89' lang='lat'><strong>1,</strong></span> <span class='ocrx_word' id='word_1_77' title='bbox 588 1930 665 1997; x_wconf 85' lang='lat'><strong>17</strong></span> <span class='ocrx_word' id='word_1_78' title='bbox 714 1932 731 1975; x_wconf 76' lang='lat' dir='ltr'><strong><em>z</em></strong></span> <span class='ocrx_word' id='word_1_79' title='bbox 786 1938 811 1964; x_wconf 75' lang='grc' dir='ltr'><strong>α</strong></span> <span class='ocrx_word' id='word_1_80' title='bbox 842 1908 1011 1973; x_wconf 88' lang='lat' dir='ltr'><strong>Ecce</strong></span> <span class='ocrx_word' id='word_1_81' title='bbox 1063 1907 1201 1973; x_wconf 80' lang='lat' dir='ltr'><strong>alioe</strong></span> <span class='ocrx_word' id='word_1_82' title='bbox 1259 1906 1504 1974; x_wconf 68' lang='lat' dir='ltr'><strong>deliciae</strong></span> <span class='ocrx_word' id='word_1_83' title='bbox 1541 1911 1839 1998; x_wconf 87' lang='lat' dir='ltr'><strong>equitum</strong></span> <span class='ocrx_word' id='word_1_84' title='bbox 1891 1910 1998 1975; x_wconf 80' lang='lat' dir='ltr'><strong>vix</strong></span> <span class='ocrx_word' id='word_1_85' title='bbox 2040 1909 2324 1976; x_wconf 75' lang='lat' dir='ltr'><strong>ferendae</strong></span> <span class='ocrx_word' id='word_1_86' title='bbox 2344 1958 2364 1993; x_wconf 88' lang='lat'>,</span> 
     </span>
     <span class='ocr_line' id='line_1_14' title="bbox 214 2014 2362 2105; baseline 0.001 -26"><span class='ocrx_word' id='word_1_87' title='bbox 214 2036 375 2103; x_wconf 84' lang='lat' dir='ltr'><strong>quas</strong></span> <span class='ocrx_word' id='word_1_88' title='bbox 405 2036 526 2105; x_wconf 86' lang='lat' dir='ltr'><strong>ego</strong></span> <span class='ocrx_word' id='word_1_89' title='bbox 564 2038 700 2081; x_wconf 92' lang='lat' dir='ltr'><strong>non</strong></span> <span class='ocrx_word' id='word_1_90' title='bbox 736 2015 949 2080; x_wconf 88' lang='lat' dir='ltr'><strong>solum</strong></span> <span class='ocrx_word' id='word_1_91' title='bbox 984 2016 1142 2098; x_wconf 88' lang='lat' dir='ltr'><strong>tuli,</strong></span> <span class='ocrx_word' id='word_1_92' title='bbox 1169 2014 1283 2081; x_wconf 84' lang='lat' dir='ltr'><strong>sed</strong></span> <span class='ocrx_word' id='word_1_93' title='bbox 1317 2016 1512 2080; x_wconf 86' lang='lat' dir='ltr'><strong>etiam</strong></span> <span class='ocrx_word' id='word_1_94' title='bbox 1545 2017 1791 2082; x_wconf 80' lang='lat' dir='ltr'><strong>ornavi.</strong></span> <span class='ocrx_word' id='word_1_95' title='bbox 1831 2018 2086 2100; x_wconf 63' lang='lat' dir='ltr'><strong>Asiani,</strong></span> <span class='ocrx_word' id='word_1_96' title='bbox 2121 2019 2238 2105; x_wconf 84' lang='lat' dir='ltr'><strong>qui</strong></span> <span class='ocrx_word' id='word_1_97' title='bbox 2279 2014 2362 2081; x_wconf 85' lang='lat' dir='ltr'><strong>de</strong></span> 
     </span>
     <span class='ocr_line' id='line_1_15' title="bbox 212 2121 2362 2212; baseline 0.002 -28"><span class='ocrx_word' id='word_1_98' title='bbox 212 2122 594 2186; x_wconf 79' lang='lat' dir='ltr'><strong>censoribus</strong></span> <span class='ocrx_word' id='word_1_99' title='bbox 627 2121 1075 2187; x_wconf 83' lang='lat' dir='ltr'><strong>conduxerant</strong></span> <span class='ocrx_word' id='word_1_100' title='bbox 1091 2171 1109 2205; x_wconf 92' lang='lat'>,</span> <span class='ocrx_word' id='word_1_101' title='bbox 1134 2124 1349 2211; x_wconf 86' lang='lat' dir='ltr'><strong>questi</strong></span> <span class='ocrx_word' id='word_1_102' title='bbox 1369 2138 1524 2187; x_wconf 84' lang='lat' dir='ltr'><strong>sunt</strong></span> <span class='ocrx_word' id='word_1_103' title='bbox 1541 2123 1608 2185; x_wconf 88' lang='lat' dir='ltr'><strong>in</strong></span> <span class='ocrx_word' id='word_1_104' title='bbox 1636 2136 1887 2203; x_wconf 86' lang='lat' dir='ltr'><strong>senatu,</strong></span> <span class='ocrx_word' id='word_1_105' title='bbox 1915 2146 1988 2186; x_wconf 83' lang='lat' dir='ltr'><strong>se</strong></span> <span class='ocrx_word' id='word_1_106' title='bbox 2010 2122 2362 2212; x_wconf 69' lang='lat' dir='ltr'><strong>cupiditate</strong></span> 
     </span>
     <span class='ocr_line' id='line_1_16' title="bbox 216 2226 2364 2320; baseline 0.001 -28"><span class='ocrx_word' id='word_1_107' title='bbox 216 2226 555 2318; x_wconf 85' lang='lat' dir='ltr'><strong>prolapsos</strong></span> <span class='ocrx_word' id='word_1_108' title='bbox 582 2228 861 2293; x_wconf 86' lang='lat' dir='ltr'><strong>nimium</strong></span> <span class='ocrx_word' id='word_1_109' title='bbox 896 2252 1137 2320; x_wconf 85' lang='lat' dir='ltr'><strong>magno</strong></span> <span class='ocrx_word' id='word_1_110' title='bbox 1168 2228 1558 2295; x_wconf 80' lang='lat' dir='ltr'><strong>conduxisse</strong></span> <span class='ocrx_word' id='word_1_111' title='bbox 1586 2250 1603 2293; x_wconf 89' lang='lat'><strong>:</strong></span> <span class='ocrx_word' id='word_1_112' title='bbox 1641 2242 1722 2292; x_wconf 91' lang='lat' dir='ltr'><strong>ut</strong></span> <span class='ocrx_word' id='word_1_113' title='bbox 1749 2227 2172 2294; x_wconf 84' lang='lat' dir='ltr'><strong>induceretur</strong></span> <span class='ocrx_word' id='word_1_114' title='bbox 2196 2228 2364 2294; x_wconf 77' lang='lat' dir='ltr'><strong>loce·</strong></span> 
     </span>
     <span class='ocr_line' id='line_1_17' title="bbox 211 2333 2365 2428; baseline 0.001 -30"><span class='ocrx_word' id='word_1_115' title='bbox 211 2335 329 2415; x_wconf 81' lang='lat' dir='ltr'><strong>tiO‚</strong></span> <span class='ocrx_word' id='word_1_116' title='bbox 356 2335 870 2428; x_wconf 73' lang='lat' dir='ltr'><strong>postulaverunt.</strong></span> <span class='ocrx_word' id='word_1_117' title='bbox 906 2337 1049 2425; x_wconf 89' lang='lat' dir='ltr'><strong>Ego</strong></span> <span class='ocrx_word' id='word_1_118' title='bbox 1084 2336 1385 2424; x_wconf 86' lang='lat' dir='ltr'><strong>princeps</strong></span> <span class='ocrx_word' id='word_1_119' title='bbox 1407 2335 1477 2399; x_wconf 90' lang='lat' dir='ltr'><strong>in</strong></span> <span class='ocrx_word' id='word_1_120' title='bbox 1505 2333 1914 2415; x_wconf 82' lang='lat' dir='ltr'><strong>adjutoribus</strong></span> <span class='ocrx_word' id='word_1_121' title='bbox 1935 2382 1953 2416; x_wconf 93' lang='lat'>,</span> <span class='ocrx_word' id='word_1_122' title='bbox 1983 2349 2182 2423; x_wconf 84' lang='lat' dir='ltr'><strong>atque</strong></span> <span class='ocrx_word' id='word_1_123' title='bbox 2199 2335 2365 2400; x_wconf 80' lang='lat' dir='ltr'><strong>adeo</strong></span> 
     </span>
     <span class='ocr_line' id='line_1_18' title="bbox 212 2436 2361 2528; baseline 0.001 -23"><span class='ocrx_word' id='word_1_124' title='bbox 212 2436 539 2505; x_wconf 84' lang='lat' dir='ltr'><strong>secundus</strong></span> <span class='ocrx_word' id='word_1_125' title='bbox 572 2463 588 2506; x_wconf 91' lang='lat'>:</span> <span class='ocrx_word' id='word_1_126' title='bbox 644 2461 830 2524; x_wconf 82' lang='lat' dir='ltr'><strong>nam,</strong></span> <span class='ocrx_word' id='word_1_127' title='bbox 886 2455 963 2505; x_wconf 90' lang='lat' dir='ltr'><strong>ut</strong></span> <span class='ocrx_word' id='word_1_128' title='bbox 1012 2441 1104 2505; x_wconf 91' lang='lat' dir='ltr'><strong>illi</strong></span> <span class='ocrx_word' id='word_1_129' title='bbox 1151 2439 1468 2505; x_wconf 81' lang='lat' dir='ltr'><strong>auderent</strong></span> <span class='ocrx_word' id='word_1_130' title='bbox 1513 2441 1644 2504; x_wconf 88' lang='lat' dir='ltr'><strong>hoe</strong></span> <span class='ocrx_word' id='word_1_131' title='bbox 1691 2440 2056 2528; x_wconf 80' lang='lat' dir='ltr'><strong>postulare,</strong></span> <span class='ocrx_word' id='word_1_132' title='bbox 2095 2443 2361 2507; x_wconf 78' lang='lat' dir='ltr'><strong>Crassus</strong></span> 
     </span>
     <span class='ocr_line' id='line_1_19' title="bbox 210 2543 2360 2636; baseline 0.001 -26"><span class='ocrx_word' id='word_1_133' title='bbox 210 2565 327 2610; x_wconf 88' lang='lat' dir='ltr'><strong>eos</strong></span> <span class='ocrx_word' id='word_1_134' title='bbox 363 2543 644 2635; x_wconf 86' lang='lat' dir='ltr'><strong>impulit.</strong></span> <span class='ocrx_word' id='word_1_135' title='bbox 683 2545 1013 2610; x_wconf 82' lang='lat' dir='ltr'><strong>Invidiosa</strong></span> <span class='ocrx_word' id='word_1_136' title='bbox 1045 2569 1149 2611; x_wconf 88' lang='lat' dir='ltr'><strong>res</strong></span> <span class='ocrx_word' id='word_1_137' title='bbox 1168 2595 1186 2629; x_wconf 92' lang='lat'>,</span> <span class='ocrx_word' id='word_1_138' title='bbox 1238 2547 1446 2636; x_wconf 85' lang='lat' dir='ltr'><strong>turpis</strong></span> <span class='ocrx_word' id='word_1_139' title='bbox 1482 2545 1862 2634; x_wconf 86' lang='lat' dir='ltr'><strong>postulatio,</strong></span> <span class='ocrx_word' id='word_1_140' title='bbox 1885 2561 1984 2612; x_wconf 84' lang='lat' dir='ltr'><strong>,et</strong></span> <span class='ocrx_word' id='word_1_141' title='bbox 2037 2548 2360 2612; x_wconf 83' lang='lat' dir='ltr'><strong>confessio</strong></span> 
     </span>
     <span class='ocr_line' id='line_1_20' title="bbox 214 2651 2358 2743; baseline 0.001 -27"><span class='ocrx_word' id='word_1_142' title='bbox 214 2651 611 2716; x_wconf 84' lang='lat' dir='ltr'><strong>temeritatis.</strong></span> <span class='ocrx_word' id='word_1_143' title='bbox 648 2652 996 2716; x_wconf 87' lang='lat' dir='ltr'><strong>Summum</strong></span> <span class='ocrx_word' id='word_1_144' title='bbox 1029 2669 1165 2717; x_wconf 78' lang='lat' dir='ltr'><strong>erat</strong></span> <span class='ocrx_word' id='word_1_145' title='bbox 1189 2653 1556 2742; x_wconf 86' lang='lat' dir='ltr'><strong>periculum</strong></span> <span class='ocrx_word' id='word_1_146' title='bbox 1574 2701 1593 2732; x_wconf 92' lang='lat'>‚</span> <span class='ocrx_word' id='word_1_147' title='bbox 1626 2672 1732 2735; x_wconf 89' lang='lat' dir='ltr'><strong>ne,</strong></span> <span class='ocrx_word' id='word_1_148' title='bbox 1760 2652 1814 2716; x_wconf 88' lang='lat' dir='ltr'><strong>si</strong></span> <span class='ocrx_word' id='word_1_149' title='bbox 1836 2651 2002 2716; x_wconf 88' lang='lat' dir='ltr'><strong>nihil</strong></span> <span class='ocrx_word' id='word_1_150' title='bbox 2026 2653 2358 2743; x_wconf 87' lang='lat' dir='ltr'><strong>impetras-</strong></span> 
     </span>
     <span class='ocr_line' id='line_1_21' title="bbox 210 2756 2358 2846; baseline 0.002 -26"><span class='ocrx_word' id='word_1_151' title='bbox 210 2773 379 2837; x_wconf 86' lang='lat' dir='ltr'><strong>sent,</strong></span> <span class='ocrx_word' id='word_1_152' title='bbox 403 2757 592 2846; x_wconf 86' lang='lat' dir='ltr'><strong>plane</strong></span> <span class='ocrx_word' id='word_1_153' title='bbox 623 2756 1059 2822; x_wconf 85' lang='lat' dir='ltr'><strong>alienarentur</strong></span> <span class='ocrx_word' id='word_1_154' title='bbox 1090 2779 1126 2821; x_wconf 89' lang='lat' dir='ltr'><strong>a</strong></span> <span class='ocrx_word' id='word_1_155' title='bbox 1164 2775 1418 2824; x_wconf 86' lang='lat' dir='ltr'><strong>senatu.</strong></span> <span class='ocrx_word' id='word_1_156' title='bbox 1455 2758 1626 2823; x_wconf 87' lang='lat' dir='ltr'><strong>Huic</strong></span> <span class='ocrx_word' id='word_1_157' title='bbox 1663 2777 1930 2845; x_wconf 84' lang='lat' dir='ltr'><strong>quoque</strong></span> <span class='ocrx_word' id='word_1_158' title='bbox 1955 2758 2050 2821; x_wconf 90' lang='lat' dir='ltr'><strong>rei</strong></span> <span class='ocrx_word' id='word_1_159' title='bbox 2073 2760 2358 2824; x_wconf 82' lang='lat' dir='ltr'><strong>subven-</strong></span> 
     </span>
     <span class='ocr_line' id='line_1_22' title="bbox 212 2861 2355 2951; baseline 0 -23"><span class='ocrx_word' id='word_1_160' title='bbox 212 2879 359 2928; x_wconf 90' lang='lat' dir='ltr'><strong>tum</strong></span> <span class='ocrx_word' id='word_1_161' title='bbox 388 2875 486 2926; x_wconf 85' lang='lat' dir='ltr'><strong>est</strong></span> <span class='ocrx_word' id='word_1_162' title='bbox 516 2863 791 2927; x_wconf 84' lang='lat' dir='ltr'><strong>maxime</strong></span> <span class='ocrx_word' id='word_1_163' title='bbox 824 2886 859 2926; x_wconf 92' lang='lat' dir='ltr'><strong>a</strong></span> <span class='ocrx_word' id='word_1_164' title='bbox 886 2863 1079 2927; x_wconf 89' lang='lat' dir='ltr'><strong>nobis</strong></span> <span class='ocrx_word' id='word_1_165' title='bbox 1099 2911 1117 2944; x_wconf 89' lang='lat'>‚</span> <span class='ocrx_word' id='word_1_166' title='bbox 1150 2864 1682 2951; x_wconf 84' lang='lat' dir='ltr'><strong>perfectumque,</strong></span> <span class='ocrx_word' id='word_1_167' title='bbox 1713 2877 1792 2925; x_wconf 87' lang='lat' dir='ltr'><strong>ut</strong></span> <span class='ocrx_word' id='word_1_168' title='bbox 1826 2861 2355 2949; x_wconf 82' lang='lat' dir='ltr'><strong>frequentissimo</strong></span> 
     </span>
     <span class='ocr_line' id='line_1_23' title="bbox 210 2967 2352 3054; baseline 0.001 -22"><span class='ocrx_word' id='word_1_169' title='bbox 210 2981 472 3050; x_wconf 80' lang='lat' dir='ltr'><strong>senatu,</strong></span> <span class='ocrx_word' id='word_1_170' title='bbox 502 2983 567 3032; x_wconf 93' lang='lat' dir='ltr'><strong>et</strong></span> <span class='ocrx_word' id='word_1_171' title='bbox 589 2967 1019 3034; x_wconf 88' lang='lat' dir='ltr'><strong>libentissimo</strong></span> <span class='ocrx_word' id='word_1_172' title='bbox 1046 2983 1390 3032; x_wconf 88' lang='lat' dir='ltr'><strong>uterentur</strong></span> <span class='ocrx_word' id='word_1_173' title='bbox 1424 2991 1442 3033; x_wconf 74' lang='grc' dir='ltr'><strong><em>ε</em></strong></span> <span class='ocrx_word' id='word_1_174' title='bbox 1479 2968 1816 3054; x_wconf 83' lang='lat' dir='ltr'><strong>multaque</strong></span> <span class='ocrx_word' id='word_1_175' title='bbox 1843 2989 1884 3031; x_wconf 83' lang='lat' dir='ltr'><strong>a</strong></span> <span class='ocrx_word' id='word_1_176' title='bbox 1921 2989 2028 3030; x_wconf 88' lang='lat' dir='ltr'><strong>me</strong></span> <span class='ocrx_word' id='word_1_177' title='bbox 2057 2967 2142 3032; x_wconf 90' lang='lat' dir='ltr'><strong>de</strong></span> <span class='ocrx_word' id='word_1_178' title='bbox 2173 2969 2352 3034; x_wconf 88' lang='lat' dir='ltr'><strong>ordi-</strong></span> 
     </span>
     <span class='ocr_line' id='line_1_24' title="bbox 210 3071 2355 3163; baseline 0.002 -27"><span class='ocrx_word' id='word_1_179' title='bbox 210 3096 374 3137; x_wconf 88' lang='lat' dir='ltr'><strong>num</strong></span> <span class='ocrx_word' id='word_1_180' title='bbox 409 3073 755 3163; x_wconf 81' lang='lat' dir='ltr'><strong>dignitate,</strong></span> <span class='ocrx_word' id='word_1_181' title='bbox 789 3089 855 3139; x_wconf 85' lang='lat' dir='ltr'><strong>et</strong></span> <span class='ocrx_word' id='word_1_182' title='bbox 880 3074 1230 3138; x_wconf 88' lang='lat' dir='ltr'><strong>concordia</strong></span> <span class='ocrx_word' id='word_1_183' title='bbox 1262 3072 1434 3138; x_wconf 70' lang='lat' dir='ltr'><strong>dieta</strong></span> <span class='ocrx_word' id='word_1_184' title='bbox 1459 3089 1616 3138; x_wconf 82' lang='lat' dir='ltr'><strong>sunt</strong></span> <span class='ocrx_word' id='word_1_185' title='bbox 1639 3071 1893 3138; x_wconf 77' lang='lat' dir='ltr'><strong>kalend.</strong></span> <span class='ocrx_word' id='word_1_186' title='bbox 1927 3071 2258 3138; x_wconf 82' lang='lat' dir='ltr'><strong>decembr.</strong></span> <span class='ocrx_word' id='word_1_187' title='bbox 2287 3092 2355 3140; x_wconf 90' lang='lat' dir='ltr'><strong>et</strong></span> 
     </span>
     <span class='ocr_line' id='line_1_25' title="bbox 213 3176 2353 3269; baseline 0.002 -28"><span class='ocrx_word' id='word_1_188' title='bbox 213 3178 522 3268; x_wconf 85' lang='lat' dir='ltr'><strong>postridie</strong></span> <span class='ocrx_word' id='word_1_189' title='bbox 558 3201 573 3244; x_wconf 91' lang='lat'><strong>:</strong></span> <span class='ocrx_word' id='word_1_190' title='bbox 606 3199 823 3269; x_wconf 86' lang='lat' dir='ltr'><strong>neque</strong></span> <span class='ocrx_word' id='word_1_191' title='bbox 857 3179 1073 3244; x_wconf 88' lang='lat' dir='ltr'><strong>adhuc</strong></span> <span class='ocrx_word' id='word_1_192' title='bbox 1116 3178 1409 3243; x_wconf 87' lang='lat' dir='ltr'><strong>confecta</strong></span> <span class='ocrx_word' id='word_1_193' title='bbox 1459 3199 1563 3242; x_wconf 86' lang='lat' dir='ltr'><strong>res</strong></span> <span class='ocrx_word' id='word_1_194' title='bbox 1607 3193 1707 3242; x_wconf 88' lang='lat' dir='ltr'><strong>est</strong></span> <span class='ocrx_word' id='word_1_195' title='bbox 1724 3225 1743 3260; x_wconf 91' lang='lat'>,</span> <span class='ocrx_word' id='word_1_196' title='bbox 1777 3176 1893 3242; x_wconf 81' lang='lat' dir='ltr'><strong>sed</strong></span> <span class='ocrx_word' id='word_1_197' title='bbox 1925 3176 2224 3244; x_wconf 76' lang='lat' dir='ltr'><strong>voluntas</strong></span> <span class='ocrx_word' id='word_1_198' title='bbox 2249 3201 2353 3245; x_wconf 79' lang='lat' dir='ltr'><strong>se-</strong></span> 
     </span>
     <span class='ocr_line' id='line_1_26' title="bbox 210 3282 2350 3374; baseline 0.001 -26"><span class='ocrx_word' id='word_1_199' title='bbox 210 3299 403 3348; x_wconf 85' lang='lat' dir='ltr'><strong>natus</strong></span> <span class='ocrx_word' id='word_1_200' title='bbox 430 3302 782 3374; x_wconf 80' lang='lat' dir='ltr'><strong>perspecta.</strong></span> <span class='ocrx_word' id='word_1_201' title='bbox 832 3288 1021 3350; x_wconf 87' lang='lat' dir='ltr'><strong>Unus</strong></span> <span class='ocrx_word' id='word_1_202' title='bbox 1059 3286 1234 3350; x_wconf 88' lang='lat' dir='ltr'><strong>enim</strong></span> <span class='ocrx_word' id='word_1_203' title='bbox 1272 3282 1749 3349; x_wconf 81' lang='lat' dir='ltr'><strong>contradixerat</strong></span> <span class='ocrx_word' id='word_1_204' title='bbox 1782 3284 2084 3349; x_wconf 89' lang='lat' dir='ltr'><strong>Metellus</strong></span> <span class='ocrx_word' id='word_1_205' title='bbox 2119 3287 2350 3351; x_wconf 85' lang='lat' dir='ltr'><strong>consul</strong></span> 
     </span>
     <span class='ocr_line' id='line_1_27' title="bbox 211 3389 2350 3478; baseline 0.001 -24"><span class='ocrx_word' id='word_1_206' title='bbox 211 3389 607 3478; x_wconf 84' lang='lat' dir='ltr'><strong>designatus.</strong></span> <span class='ocrx_word' id='word_1_207' title='bbox 646 3392 827 3474; x_wconf 90' lang='lat' dir='ltr'><strong>Quin</strong></span> <span class='ocrx_word' id='word_1_208' title='bbox 858 3407 994 3456; x_wconf 85' lang='lat' dir='ltr'><strong>erat</strong></span> <span class='ocrx_word' id='word_1_209' title='bbox 1029 3390 1346 3472; x_wconf 87' lang='lat' dir='ltr'><strong>dicturus,</strong></span> <span class='ocrx_word' id='word_1_210' title='bbox 1381 3389 1468 3454; x_wconf 73' lang='lat' dir='ltr'><strong>ad‘</strong></span> <span class='ocrx_word' id='word_1_211' title='bbox 1497 3411 1694 3477; x_wconf 88' lang='lat' dir='ltr'><strong>quem</strong></span> <span class='ocrx_word' id='word_1_212' title='bbox 1730 3407 2002 3478; x_wconf 76' lang='lat' dir='ltr'><strong>propter</strong></span> <span class='ocrx_word' id='word_1_213' title='bbox 2037 3390 2168 3455; x_wconf 88' lang='lat' dir='ltr'><strong>diei</strong></span> <span class='ocrx_word' id='word_1_214' title='bbox 2200 3391 2350 3456; x_wconf 84' lang='lat' dir='ltr'><strong>bre-</strong></span> 
     </span>
     <span class='ocr_line' id='line_1_28' title="bbox 208 3497 2351 3586; baseline 0.001 -27"><span class='ocrx_word' id='word_1_215' title='bbox 208 3497 479 3560; x_wconf 76' lang='lat' dir='ltr'><strong>vitatem</strong></span> <span class='ocrx_word' id='word_1_216' title='bbox 508 3515 897 3586; x_wconf 84' lang='lat' dir='ltr'><strong>perventum</strong></span> <span class='ocrx_word' id='word_1_217' title='bbox 930 3521 1063 3561; x_wconf 91' lang='lat' dir='ltr'><strong>non</strong></span> <span class='ocrx_word' id='word_1_218' title='bbox 1102 3513 1221 3579; x_wconf 89' lang='lat' dir='ltr'><strong>est,</strong></span> <span class='ocrx_word' id='word_1_219' title='bbox 1252 3497 1448 3560; x_wconf 90' lang='lat' dir='ltr'><strong>heros</strong></span> <span class='ocrx_word' id='word_1_220' title='bbox 1485 3497 1590 3560; x_wconf 89' lang='lat' dir='ltr'><strong>ille</strong></span> <span class='ocrx_word' id='word_1_221' title='bbox 1623 3511 1846 3559; x_wconf 84' lang='lat' dir='ltr'><strong>noster</strong></span> <span class='ocrx_word' id='word_1_222' title='bbox 1875 3497 2098 3562; x_wconf 78' lang='lat' dir='ltr'><strong>Cato».</strong></span> <span class='ocrx_word' id='word_1_223' title='bbox 2115 3497 2240 3560; x_wconf 89' lang='lat' dir='ltr'><strong>Hic</strong></span> <span class='ocrx_word' id='word_1_224' title='bbox 2263 3513 2351 3561; x_wconf 85' lang='lat' dir='ltr'><strong>ta-</strong></span> 
     </span>
     <span class='ocr_line' id='line_1_29' title="bbox 208 3597 2344 3690; baseline 0 -26"><span class='ocrx_word' id='word_1_225' title='bbox 208 3623 362 3665; x_wconf 90' lang='lat' dir='ltr'><strong>men</strong></span> <span class='ocrx_word' id='word_1_226' title='bbox 393 3602 611 3688; x_wconf 84' lang='lat' dir='ltr'><strong>paullo</strong></span> <span class='ocrx_word' id='word_1_227' title='bbox 642 3617 792 3690; x_wconf 89' lang='lat' dir='ltr'><strong>post</strong></span> <span class='ocrx_word' id='word_1_228' title='bbox 812 3603 1123 3668; x_wconf 82' lang='lat' dir='ltr'><strong>acerrime</strong></span> <span class='ocrx_word' id='word_1_229' title='bbox 1144 3599 1576 3667; x_wconf 82' lang='lat' dir='ltr'><strong>contradixit:</strong></span> <span class='ocrx_word' id='word_1_230' title='bbox 1601 3621 1752 3663; x_wconf 87' lang='lat' dir='ltr'><strong>nam</strong></span> <span class='ocrx_word' id='word_1_231' title='bbox 1782 3597 2033 3664; x_wconf 81' lang='lat' dir='ltr'><strong>kalend.</strong></span> <span class='ocrx_word' id='word_1_232' title='bbox 2063 3600 2344 3665; x_wconf 82' lang='lat' dir='ltr'><strong>februar.</strong></span> 
     </span>
     <span class='ocr_line' id='line_1_30' title="bbox 206 3707 2347 3797; baseline -0 -26"><span class='ocrx_word' id='word_1_233' title='bbox 206 3707 364 3771; x_wconf 87' lang='lat' dir='ltr'><strong>anni</strong></span> <span class='ocrx_word' id='word_1_234' title='bbox 396 3709 725 3794; x_wconf 88' lang='lat' dir='ltr'><strong>sequentis</strong></span> <span class='ocrx_word' id='word_1_235' title='bbox 760 3731 861 3796; x_wconf 89' lang='lat' dir='ltr'><strong>ep.</strong></span> <span class='ocrx_word' id='word_1_236' title='bbox 898 3709 975 3774; x_wconf 90' lang='lat'><strong>18</strong></span> <span class='ocrx_word' id='word_1_237' title='bbox 1004 3732 1021 3774; x_wconf 77' lang='lat' dir='ltr'><strong>t</strong></span> <span class='ocrx_word' id='word_1_238' title='bbox 1046 3739 1071 3766; x_wconf 69' lang='grc' dir='ltr'><strong>ιι</strong></span> <span class='ocrx_word' id='word_1_239' title='bbox 1092 3729 1297 3792; x_wconf 89' lang='lat' dir='ltr'><strong>unus,</strong></span> <span class='ocrx_word' id='word_1_240' title='bbox 1323 3709 1570 3797; x_wconf 88' lang='lat' dir='ltr'><strong>inquit,</strong></span> <span class='ocrx_word' id='word_1_241' title='bbox 1603 3723 1732 3788; x_wconf 84' lang='lat' dir='ltr'><strong>est,</strong></span> <span class='ocrx_word' id='word_1_242' title='bbox 1766 3707 1882 3795; x_wconf 89' lang='lat' dir='ltr'><strong>qui</strong></span> <span class='ocrx_word' id='word_1_243' title='bbox 1917 3727 2122 3795; x_wconf 86' lang='lat' dir='ltr'><strong>remp.</strong></span> <span class='ocrx_word' id='word_1_244' title='bbox 2143 3723 2347 3792; x_wconf 82' lang='lat' dir='ltr'><strong>curet,</strong></span> 
     </span>
     <span class='ocr_line' id='line_1_31' title="bbox 206 3795 2344 3904; baseline 0.001 -30"><span class='ocrx_word' id='word_1_245' title='bbox 206 3813 571 3878; x_wconf 78' lang='lat' dir='ltr'><strong>constantia</strong></span> <span class='ocrx_word' id='word_1_246' title='bbox 606 3814 807 3902; x_wconf 82' lang='lat' dir='ltr'><strong>magis</strong></span> <span class='ocrx_word' id='word_1_247' title='bbox 828 3863 846 3896; x_wconf 93' lang='lat'>‚</span> <span class='ocrx_word' id='word_1_248' title='bbox 896 3829 963 3879; x_wconf 88' lang='lat' dir='ltr'><strong>et</strong></span> <span class='ocrx_word' id='word_1_249' title='bbox 1004 3814 1408 3904; x_wconf 79' lang='lat' dir='ltr'><strong>integritate,</strong></span> <span class='ocrx_word' id='word_1_250' title='bbox 1461 3833 1694 3901; x_wconf 85' lang='lat' dir='ltr'><strong>quam,</strong></span> <span class='ocrx_word' id='word_1_251' title='bbox 1749 3827 1826 3876; x_wconf 86' lang='lat' dir='ltr'><strong>ut</strong></span> <span class='ocrx_word' id='word_1_252' title='bbox 1856 3795 2020 3876; x_wconf 86' lang='lat' dir='ltr'><strong>mihi</strong></span> <span class='ocrx_word' id='word_1_253' title='bbox 2051 3809 2344 3895; x_wconf 79' lang='lat' dir='ltr'><strong>videtur,</strong></span> 
     </span>
     <span class='ocr_line' id='line_1_32' title="bbox 210 3917 2347 4008; baseline 0.002 -28"><span class='ocrx_word' id='word_1_254' title='bbox 210 3917 484 3982; x_wconf 85' lang='lat' dir='ltr'><strong>consilio</strong></span> <span class='ocrx_word' id='word_1_255' title='bbox 502 3966 520 3998; x_wconf 90' lang='lat'>‚</span> <span class='ocrx_word' id='word_1_256' title='bbox 558 3933 673 3982; x_wconf 84' lang='lat' dir='ltr'><strong>aut</strong></span> <span class='ocrx_word' id='word_1_257' title='bbox 708 3919 973 4008; x_wconf 86' lang='lat' dir='ltr'><strong>ingenio</strong></span> <span class='ocrx_word' id='word_1_258' title='bbox 994 3969 1011 4001; x_wconf 92' lang='lat'>,</span> <span class='ocrx_word' id='word_1_259' title='bbox 1038 3921 1200 3984; x_wconf 83' lang='lat' dir='ltr'><strong>Cato</strong></span> <span class='ocrx_word' id='word_1_260' title='bbox 1226 3943 1250 3983; x_wconf 77' lang='lat'><strong>·:</strong></span> <span class='ocrx_word' id='word_1_261' title='bbox 1278 3920 1396 4006; x_wconf 84' lang='lat' dir='ltr'><strong>qui</strong></span> <span class='ocrx_word' id='word_1_262' title='bbox 1429 3919 1698 3983; x_wconf 88' lang='lat' dir='ltr'><strong>miseros</strong></span> <span class='ocrx_word' id='word_1_263' title='bbox 1735 3917 2154 4006; x_wconf 85' lang='lat' dir='ltr'><strong>publicanos,</strong></span> <span class='ocrx_word' id='word_1_264' title='bbox 2181 3941 2347 4006; x_wconf 82' lang='lat' dir='ltr'><strong>quos</strong></span> 
     </span>
     <span class='ocr_line' id='line_1_33' title="bbox 212 4020 2346 4112; baseline 0.001 -27"><span class='ocrx_word' id='word_1_265' title='bbox 212 4020 441 4087; x_wconf 85' lang='lat' dir='ltr'><strong>habuit</strong></span> <span class='ocrx_word' id='word_1_266' title='bbox 468 4025 943 4090; x_wconf 80' lang='lat' dir='ltr'><strong>amantissimos</strong></span> <span class='ocrx_word' id='word_1_267' title='bbox 974 4025 1095 4109; x_wconf 78' lang='lat' dir='ltr'><strong>sui,</strong></span> <span class='ocrx_word' id='word_1_268' title='bbox 1130 4025 1396 4090; x_wconf 86' lang='lat' dir='ltr'><strong>tertium</strong></span> <span class='ocrx_word' id='word_1_269' title='bbox 1423 4025 1557 4105; x_wconf 84' lang='lat' dir='ltr'><strong>jam</strong></span> <span class='ocrx_word' id='word_1_270' title='bbox 1593 4045 1884 4089; x_wconf 81' lang='lat' dir='ltr'><strong>mensem</strong></span> <span class='ocrx_word' id='word_1_271' title='bbox 1907 4040 2112 4104; x_wconf 80' lang='lat' dir='ltr'><strong>vexat,</strong></span> <span class='ocrx_word' id='word_1_272' title='bbox 2133 4045 2346 4112; x_wconf 85' lang='lat' dir='ltr'><strong>neque</strong></span> 
     </span>
    </p>
   </div>
  </div>
 </body>
</html>
