2594 4537
587 233 982 304 ORATIO
1031 235 1243 304 PRO
1291 236 1369 304 P.
1423 237 1769 306 SULLA.
2149 245 2247 340 49

101 369 430 444 pugnare
465 345 819 436 noluerit3
865 343 1385 446 promulgarit³
1431 349 1787 447 impulsus
1820 373 2067 424 amore
2099 353 2243 427 fra-

102 471 312 528 terno
335 511 358 546 ,
416 455 765 528 destiterit
815 455 1054 528 fratris
1112 459 1539 530 auctoritate
1588 455 1961 532 deductus,
2006 465 2245 560 Atque

99 568 172 636 in
211 593 297 639 ea
333 592 416 640 re
459 593 595 667 per
633 573 714 640 L.
769 568 1126 642 Caecilium
1174 567 1369 640 Sulla
1413 585 1811 660 accusatur,
1858 574 1937 644 in
1981 598 2127 670 qua
2165 599 2245 648 re

102 693 204 748 est
234 693 556 776 uterque
589 678 1014 752 laudandus,
1053 683 1379 752 Primum
1418 679 1779 770 Caecilius‚
1814 683 1943 780 qui
1976 683 2051 755 id
2085 709 2247 783 pro-

101 787 480 886 mulgarit,
540 790 614 860 in
672 791 870 888 quo⁴
928 814 1043 861 res
1095 787 1450 886 judicatas
1502 789 1887 862 videbatur
1936 793 2246 868 voluisse

99 897 546 988 rescindere,
603 914 686 972 ut
739 889 1224 972 statueretur:
1264 900 1463 972 Sulla
1506 915 1703 974 recte
1748 901 2239 1000 reprehendit.

98 1014 334 1082 Status
381 1013 585 1082 enim
623 1009 1040 1110 reipublicae
1083 1013 1397 1084 maxime
1436 1009 1770 1107 judicatis
1808 1012 2028 1085 rebus
2065 1040 2243 1086 con-

101 1121 394 1192 tinetur.
443 1125 704 1219 Neque
750 1146 886 1220 ego
941 1135 1222 1194 tantum
1280 1119 1605 1193 fraterno
1650 1123 1879 1193 amori
1924 1121 2245 1196 dandum

99 1229 444 1322 arbitror,
496 1247 584 1303 ut
638 1234 1027 1330 quisquam
1079 1230 1170 1314 de
1229 1233 1457 1304 salute
1516 1256 1821 1305 suorum
1878 1237 2244 1326 consulat,

100 1363 560 1414 communem
595 1343 982 1440 relinquat.
1033 1341 1237 1414 Nihil
1288 1341 1381 1414 de
1409 1341 1685 1438 judicio
1738 1340 2065 1416 ferebat.
2114 1346 2245 1418 sed

97 1473 392 1546 poenam
422 1451 742 1525 ambitus
776 1477 935 1525 eam
970 1449 1288 1543 ferebat,
1321 1479 1483 1552 quae
1514 1450 1749 1524 fuerat
1776 1452 2089 1570 [nuper]
2126 1482 2241 1529 su-

99 1561 506 1657 perioribus
557 1562 842 1662 legibus
887 1564 1305 1636 constituta.
1358 1569 1613 1663 Itaque
1652 1563 1786 1637 hac
1820 1563 2199 1663 rogatione
2220 1623 2241 1658 ,

97 1696 242 1744 non
266 1672 601 1769 judicum
643 1675 1113 1761 seutentiam,
1165 1675 1290 1748 sed
1322 1675 1498 1772 legis
1523 1676 1777 1747 vitium
1806 1677 2232 1777 corrigebat.

97 1787 321 1855 Nemo
354 1783 712 1880 judicium
765 1785 1282 1885 reprehendit,
1321 1811 1551 1885 quum
1598 1785 1691 1864 de
1728 1811 1947 1885 poena
1990 1791 2237 1886 queri-

98 1906 240 1985 tur,
295 1895 425 1968 sed
477 1896 736 1994 legem.
797 1898 1186 1970 Damnatio
1241 1899 1439 1969 enim
1497 1912 1603 1969 est
1648 1896 2019 1993 judicum,
2073 1923 2235 1996 quae

100 2005 474 2095 manebat3
533 2031 794 2106 poena,
853 2007 1072 2106 legis»,
1129 2033 1294 2106 quae
1348 2006 1755 2080 levabatur.·
1798 2007 1967 2078 Noli
2012 2009 2236 2104 igitur

101 2119 368 2190 animos
395 2142 654 2188 eorum
685 2117 1028 2190 ordinum
1051 2115 1106 2207 ⁵,
1131 2121 1260 2216 qui
1289 2131 1609 2216 praesunt
1629 2116 1919 2212 judiciis
1949 2139 2233 2188 summa

101 2249 252 2296 cum
307 2227 656 2325 gravitate
707 2242 782 2302 et
836 2227 1218 2329 dignitate,
1275 2227 1584 2301 alienare
1631 2250 1672 2297 a
1714 2250 1943 2299 causa.
1995 2230 2227 2301 Nemo

91 2332 518 2409 iabefactare
563 2337 920 2433 judicium
963 2354 1070 2411 est
1113 2352 1440 2411 conatus.
1490 2336 1687 2409 Nihil
1723 2350 1833 2409 est
1868 2335 2226 2433 ejusmodi

99 2447 646 2545 promulgatum.
695 2453 998 2547 Semper
1043 2450 1365 2522 Caecilius
1418 2452 1498 2519 in
1550 2447 1950 2520 calamitate
1986 2446 2226 2521 fratris

99 2559 200 2625 sui
229 2557 566 2653 judicum
607 2574 1040 2658 potestatem
1079 2556 1724 2659 perpetuandamss,
1750 2558 1929 2657 legis
1954 2560 2223 2635 acerbi-

99 2679 304 2739 tatem
339 2668 812 2767 mitigandam
846 2674 1152 2769 putavit.

183 2784 439 2852 XXIII.
489 2780 630 2851 Sed
673 2780 852 2877 quid
905 2804 1040 2877 ego
1083 2780 1176 2853 de
1214 2779 1357 2851 hoc
1399 2778 1607 2878 plura
1650 2778 2064 2878 disputem?
2098 2780 2223 2850 Di-

101 2910 320 2961 cerem
349 2888 673 2981 fortasse,
703 2906 778 2962 et
804 2889 1035 2980 facile,
1063 2905 1136 2961 et
1161 2890 1475 2962 libenter
1500 2888 1851 2961 dicerem:
1888 2890 1946 2959 si
1975 2889 2220 2987 paullo

103 3102 244 3151 Gm.
268 3132 342 3143 —
371 3104 494 3153 Cam
526 3104 798 3171 republica.
831 3104 966 3155 Edit.
994 3115 1106 3153 ante

105 3182 282 3233 Gmu·
299 3194 464 3233 temen
491 3200 604 3232 eum
623 3200 776 3249 rep.»

166 3263 206 3309 3.
250 3263 591 3329 Ptomulgarit
641 3264 877 3329 impulsus
937 3280 1107 3313 amore

94 3336 172 3399 fra
143 3354 318 3393 cumo.
353 3342 414 3391 Id
447 3354 552 3403 est,
575 3343 765 3408 aliquqt
791 3342 894 3391 dies
919 3358 1108 3409 propo-

103 3421 248 3469 suerit.
268 3449 336 3459 -
355 3421 625 3471 Destiten'c.
654 3420 734 3470 De
762 3422 864 3486 Iege
885 3422 1101 3472 ferenda.

105 3526 162 3536 -
189 3502 448 3550 Deductus.
465 3502 738 3551 Dina-anm.

163 3588 208 3635 4.
221 3582 310 3644 Qui
324 3582 381 3630 id
385 3582 740 3647 promulgarit,
763 3580 812 3628 iti
823 3596 940 3645 quo.
955 3581 1102 3629 Meu-

103 3656 232 3707 dnau
264 3660 346 3708 hie
385 3661 543 3709 locus.
577 3656 660 3709 Sic
697 3659 910 3709 restituit
953 3664 1106 3709 Henr.

104 3738 352 3801 Stephanus
396 3756 460 3789 a
492 3740 646 3789 MSS.
634 3754 648 3766 ·
677 3741 928 3787 «Primum
949 3740 1107 3789 caeei-

104 3814 202 3875 Ιὶιιο,
237 3821 366 3883 quii
349 3820 402 3867 id
429 3818 780 3885 promulgarit,
814 3834 914 3883 qno
947 3818 1108 3867 fratris

105 3910 248 3945 meum
275 3900 438 3949 levare
466 3909 670 3965 posset,
697 3914 868 3962 quem,
891 3896 1006 3962 quia
1032 3912 1108 3945 res

1195 3104 1337 3167 dere,
1370 3112 1427 3151 ut
1462 3102 1738 3163 desisteret,
1764 3112 1895 3151 reete
1913 3101 2047 3151 Sulla
2064 3118 2224 3166 repre·

1193 3184 1421 3232 hendit».
1443 3182 1544 3229 Alii
1568 3181 1665 3231 alio
1692 3181 1845 3231 modo
1883 3182 2017 3231 hune
2054 3180 2223 3231 locum

1195 3261 1461 3311 voluerunt
1487 3260 1759 3309 emendare.

1274 3342 1325 3389 5.
1342 3344 1531 3390 Eorum
1550 3340 1795 3391 ordinum.
1816 3339 1877 3387 Id
1896 3350 1970 3388 est
1986 3374 2002 3401 ,
2024 3351 2221 3389 senatun

1201 3430 1250 3469 et
1299 3421 1535 3483 equitum.
1586 3446 1655 3457 —-
1698 3422 1749 3469 A
1792 3435 1959 3467 eausa.
2002 3418 2226 3469 snhaud.

1195 3509 1382 3548 nostra.

1266 3578 1318 3627 6.
1336 3575 1753 3641 Perpetuandam.
1772 3574 1835 3622 ·1d
1852 3584 1925 3623 est
1938 3606 1955 3633 ‚
1978 3584 2219 3639 perpetuo

1193 3655 1497 3705 servandam.
1526 3656 1823 3719 Per-pecuare
1850 3654 2073 3716 quemvis
2110 3668 2222 3701 raro

1197 3736 1403 3794 dicatur,
1436 3749 1496 3781 eo
1514 3744 1675 3781 tamen
1696 3731 1845 3780 verbo
1878 3731 1987 3791 Cic.
2006 3748 2122 3781 usus
2150 3742 2225 3782 eet

1195 3815 1248 3863 in
1265 3816 1353 3863 lib.
1367 3816 1441 3862 111
1456 3812 1517 3861 de
1534 3815 1671 3861 Orat.
1692 3811 1787 3867 45.
1774 3823 1786 3835 ·
1813 3812 1963 3859 «ποδί
1936 3812 2226 3877 cujusquam

1195 3895 1262 3944 eit
1285 3892 1423 3941 in'nfi
1408 3906 1507 3941 itus
1524 3908 1605 3957 spi
1586 3892 1755 3951 tritus,
1790 3901 1951 3941 temen
1982 3908 2093 3943 eum
2112 3906 2227 3958 per·

103 3974 318 4033 iudicatas
362 3978 624 4031 videbatur
664 3978 878 4027 voluisse
921 3976 1105 4027 rescin-
1189 3984 1397 4039 pecuare
1418 3960 1567 4021 verba
1592 3970 1872 4025 nolimus».

231 4068 625 4151 lV.Cic.pa1-s
645 4080 862 4129 retanda.

1938 4058 1985 4138 4
