2594 4537
398 296 405 302 ’
470 292 1204 365 COMMENTARIUS
1252 294 1571 363 SGHOL.
1621 297 2014 365 AMBROS.
2169 295 2308 394 593

252 424 383 476 Jam
414 426 712 474 narratum
745 433 781 472 a
808 432 901 473 me
928 413 1043 472 hoc
1083 414 1412 491 exemplum
1444 413 1776 493 plenissime
1803 417 1944 477 scio.
1965 420 2040 476 de
2081 422 2146 481 C.
2173 424 2312 479 Ma-

174 516 267 573 rio
282 515 373 594 (1)
388 555 406 581 ‚
458 514 561 591 qui
604 511 853 571 Sullanis
890 511 1063 569 armis
1106 509 1316 569 cedens
1353 530 1487 569 cum
1535 512 1656 571 filio
1701 513 1765 571 in
1818 515 2308 576 Minturnensium

170 608 487 689 paludibus
515 606 701 666 latuit.
732 604 879 665 Inde
896 606 1176 680 emissus,
1198 604 1473 683 quoniam
1495 626 1616 665 non
1644 607 1929 687 potuisset
1958 610 2175 684 occidi,
2203 633 2314 671 na—

170 708 329 784 vigio
352 706 656 785 impositus
682 704 742 762 in
772 704 1029 761 Africam
1060 716 1368 782 pervectus
1397 701 1472 761 ad
1503 723 1684 782 usque
1713 704 1926 765 dirutae
1948 708 2312 786 Carthaginis

169 806 333 863 fines.
358 802 505 863 Inde
532 801 709 861 armis
728 800 1004 861 Cinnanis
1030 800 1092 859 in
1114 800 1341 859 Italiam
1356 789 1685 877 restitutus,
1709 814 1768 861 et
1795 802 2041 882 adeptus
2059 804 2310 883 denique

169 905 481 982 septimum
516 902 897 963 consulatum.

268 1064 338 1136 6.
384 1062 603 1157 Quod
636 1088 754 1137 me
788 1063 907 1135 vel
936 1065 1009 1135 vi
1030 1063 1360 1162 pulsum,
1391 1062 1509 1135 vel
1542 1065 1825 1141 ratione
1855 1066 2258 1140 cedentem.

1540 1202 1554 1227 Ι

249 1242 572 1306 Prudenter
586 1247 701 1306 hoc
720 1244 1049 1326 suspendit,
1068 1265 1146 1304 ne
1170 1258 1273 1305 aut
1302 1245 1608 1305 damnatus
1629 1290 1646 1321 ,
1676 1260 1776 1307 aut
1807 1248 1970 1307 exsul
1990 1246 2166 1309 fuisse
2189 1270 2312 1310 um·

168 1364 346 1423 quam
377 1344 691 1405 videretur.
707 1346 783 1405 Et
807 1344 895 1403 vis
927 1344 1081 1403 enim
1105 1342 1388 1423 proprior
1402 1341 1528 1423 (sic)
1556 1356 1642 1402 est
1671 1343 1898 1423 injuriae
1925 1365 2100 1423 quam
2132 1364 2312 1407 accu-

169 1442 401 1501 sationi.
428 1446 505 1503 Et
538 1442 715 1515 ratic,
754 1460 871 1519 qua
897 1460 961 1500 se
983 1439 1127 1499 dicit
1158 1439 1428 1499 maluisse
1453 1439 1618 1501 Urbe
1647 1441 1949 1514 recedere,
1985 1456 2316 1522 respectum

166 1538 439 1599 habuisse
460 1552 653 1619 potest
674 1535 936 1597 utilitatis
957 1536 1239 1617 publicas,
1266 1556 1344 1595 ne
1371 1536 1699 1617 periculosa
1724 1536 1920 1598 multis
1947 1538 2158 1599 seditio
2177 1560 2308 1601 mo-

169 1648 425 1694 veretur.

264 1790 389 1857 XI.
436 1812 497 1857 1.
540 1787 677 1859 Hic
720 1802 829 1857 est
874 1785 1071 1859 enim
1117 1788 1249 1883 qui
1289 1783 1874 1857 adolescentulus
1906 1808 2074 1856 cum
2114 1786 2307 1858 Aulo

166 1898 534 1994 Torquato
576 1893 948 1994 profectus
985 1896 1064 1966 in
1106 1892 1419 1967 Africam
1449 1896 1552 1967 sic
1590 1892 1682 1966 ab
1729 1894 1853 1965 illo
1887 1896 2305 1990 gravissimo

164 2008 323 2077 viro
365 2004 671 2119 dilectus
710 2021 839 2078 est.

242 2180 395 2232 Ante
430 2185 561 2231 acta
586 2172 672 2255 (α)
721 2173 857 2233 vitae
897 2171 1089 2231 officia
1116 2184 1492 2230 recensentur
1515 2170 1767 2249 quadam
1797 2168 2058 2249 subjecta
2095 2190 2310 2229 narra-

164 2273 318 2328 tione
334 2268 421 2352 (3)
454 2283 797 2330 numerante
830 2283 1065 2329 oratore
1101 2267 1315 2347 quibus
1365 2267 1508 2326 locis
1546 2266 1876 2346 quibusque
1907 2266 2268 2347 temporibus
2289 2312 2307 2340 ‚

160 2381 223 2427 et
257 2365 581 2446 cujusmodi
611 2367 873 2426 virorum
913 2365 1142 2444 judicio
1174 2369 1279 2425 Cn.
1309 2364 1504 2422 Planci
1544 2363 2136 2442 moresrcomprobati
2178 2365 2308 2425 sint.

162 2464 341 2539 Quod
363 2465 555 2544 ipsum
582 2463 773 2523 statim
804 2463 1107 2541 vigilanter
1142 2480 1277 2538 erga
1299 2479 1609 2539 personam
1636 2458 1922 2537 Torquati
1947 2461 2109 2533 facit,
2139 2462 2306 2540 cujus

162 2562 506 2641 gravitatem
546 2573 605 2620 et
638 2558 1073 2620 sanctimoniam
1117 2578 1237 2616 non
1276 2557 1463 2616 otiose
1479 2621 1486 2627 ‚
1503 2557 1839 2615 testificatus
1870 2571 1990 2630 est,
2032 2557 2136 2616 sed
2179 2578 2300 2637 quo

162 2660 343 2736 magis
375 2657 637 2717 Plancius
673 2669 1009 2728 ornaretur,
1049 2675 1224 2733 quem
1264 2650 1627 2712 familiariter
1657 2652 1754 2711 ille
1791 2651 2061 2712 dilexerit
2083 2652 2187 2733 (4).
2228 2659 2306 2714 Et

160 2757 441 2837 quoniam
460 2761 791 2835 Torquatus
812 2753 965 2812 idem
989 2771 1242 2831 praesens
1260 2771 1382 2809 non
1408 2764 1560 2822 erat,
1585 2749 1645 2808 in
1673 2749 1724 2827 ej
1734 2769 1798 2808 us
1826 2751 2151 2828 patruelem
2169 2773 2306 2812 con·

162 2855 461 2913 ferendam
485 2853 716 2933 putavit
738 2851 922 2910 vicem
951 2845 1263 2908 testimonii
1278 2890 1297 2919 ,
1327 2859 1396 2906 ut
1415 2844 1661 2924 perinde
1683 2845 2023 2924 haberetur,
2046 2861 2221 2927 atque
2253 2851 2302 2908 si

160 2951 387 3013 adesset
405 2955 481 3026 is,
512 2951 675 3030 cujus
700 2948 953 3008 validior
987 2959 1136 3006 esset
1165 2945 1497 3004 auctoritas.

258 3141 323 3185 α.
354 3117 518 3186 Fuit
548 3113 622 3183 in
652 3115 864 3183 Creta
889 3121 1141 3208 postea
1166 3104 1710 3179 contubernalis
1737 3107 2104 3178 Saturnini
2133 3130 2296 3205 pro·

158 3225 420 3322 pinqui
460 3222 611 3312 sui,
646 3219 854 3292 miles
886 3217 1109 3314 hujus
1151 3219 1243 3307 Q.
1277 3215 1572 3288 Metelli.

226 3521 308 3588 (1)
331 3514 573 3567 Fortasse
592 3510 855 3608 interpres
878 3521 1183 3564 narraverat
1203 3509 1310 3562 hoc
1336 3507 1406 3562 de
1426 3508 1488 3563 C.
1513 3507 1685 3562 Mario
1712 3507 1784 3562 ad
1816 3522 1952 3562 orat.
1984 3527 2085 3582 pro
2101 3512 2293 3574 Sextio,

160 3621 251 3664 υ,
294 3597 353 3652 in
376 3614 541 3669 quam
577 3615 633 3650 se
661 3593 930 3668 scripsisse
954 3591 1430 3656 commentarium,
1460 3591 1674 3646 videtur
1716 3589 1935 3647 innuere
1973 3592 2045 3646 ad
2073 3605 2208 3649 orat.
2241 3595 2299 3649 in

154 3681 343 3737 Vatin.
371 3700 437 3750 9,
452 3680 507 3744 5,
528 3699 638 3752 quo
659 3681 779 3734 loco
804 3679 925 3733 vide
942 3689 995 3731 et
1022 3691 1201 3732 notam
1217 3686 1470 3730 nostram.

227 3767 306 3835 (²)
333 3767 417 3819 Ita
441 3763 561 3817 cod.
596 3778 716 3816 ante
688 3784 801 3815 eea
802 3779 876 3815 ω.

226 3851 305 3922 (3)
340 3848 582 3922 Spatium
608 3849 666 3901 in
689 3846 903 3913 codice,
920 3845 1068 3918 quod
1090 3842 1407 3917 replendum
1429 3853 1506 3896 est
1527 3841 1791 3896 vocabulo
1818 3841 1996 3910 aliquo
2022 3839 2186 3895 latino
2205 3859 2297 3898 aut

156 3952 332 4006 greco
351 3953 412 3986 ex
439 3934 764 4005 coniectura.
786 3931 889 3986 Dic
913 3952 963 3984 v.
988 3951 1041 4002 g.
1062 3933 1364 3982 narracione.

230 4019 307 4086 (4)
336 4015 469 4070 Cod.
499 4019 696 4070 dixerit.

350 4109 476 4175 IV.
520 4123 613 4169 cie.
640 4139 751 4185 pm
776 4120 983 4167 secunda.
2017 4099 2106 4170 38
