2594 4537
832 271 1590 342 ARGUMENTUM.
2181 272 2276 368 89

222 392 362 450 toris
382 392 771 461 frati-emaum
794 394 946 452 sorte
958 392 1245 472 conjicere
1266 409 1573 470 possumus
1596 409 1718 450 rem
1738 391 1934 450 Silano
1949 405 2006 450 et
2025 397 2274 452 Murena

216 509 361 548 coss·
390 489 571 548 fuisse
604 503 785 548 actam
803 531 819 558 ,
848 492 1043 569 potius
1068 508 1241 568 quam
1268 481 1384 548 illis
1403 508 1553 567 quos
1581 507 1760 568 supra
1791 490 2102 548 nominavi.
2131 491 2274 550 Inde

220 585 533 644 clarissima
555 586 655 643 lux
680 585 819 644 huic
844 585 1056 645 actioni
1084 585 1273 656 venit3
1303 599 1504 644 orator
1527 603 1722 644 coram
1746 585 1924 644 fratre
1944 585 2182 665 agebat3
2217 603 2280 648 et

215 681 349 740 inde
372 683 433 740 in
455 693 733 760 promptu
754 681 935 742 verba
955 682 1058 742 illa
1078 695 1382 761 apparent,
1409 680 1621 760 quibus
1643 683 1963 741 orationem
1983 683 2279 746 concludit

216 779 453 838 Cicero:
478 783 663 852 cQuae
700 779 979 857 loquutus
1009 799 1170 848 sum,
1201 799 1302 847 ea,
1323 777 1582 858 judices,
1615 799 1652 837 a
1677 777 1846 838 vobis
1871 799 2047 858 spero
2073 782 2138 840 in
2165 781 2271 841 bo·

214 895 347 934 nam
378 888 613 953 partem
650 895 774 934 esse
818 888 1084 956 accepta3
1128 873 1205 934 ab
1232 894 1306 934 eo
1329 918 1346 947 ,
1382 875 1484 954 qui
1503 873 1792 953 judicium
1825 891 2087 948 exercet,
2113 891 2274 938 certo

218 991 337 1030 scio
352 997 401 1030 n.

289 1073 533 1128 Novum
562 1069 708 1128 illud
745 1070 987 1130 actionis
1010 1089 1223 1149 genus,
1260 1069 1338 1128 ab
1366 1069 1609 1130 eruditis
1633 1089 1864 1151 semper
1887 1071 2272 1145 celebratum,

213 1185 317 1224 nos
344 1165 421 1224 ad
444 1165 508 1224 id
528 1167 761 1247 impulit
775 1209 793 1238 ,
813 1178 881 1226 ut
901 1165 1171 1226 omnibus
1187 1168 1247 1225 in
1270 1165 1534 1246 partibus
1559 1167 1702 1245 quid
1725 1168 1799 1227 sit
1819 1189 2274 1249 exponeremus:

216 1263 473 1340 analysis
500 1263 621 1337 illa,
656 1284 786 1342 quae
814 1277 973 1324 certe
1000 1285 1119 1324 non
1146 1265 1320 1344 longa
1345 1265 1476 1334 erit,
1505 1265 1780 1343 quoniam
1805 1266 1932 1326 haec
1963 1268 2115 1326 actio
2145 1266 2276 1326 bre-

214 1359 447 1419 vissima
472 1375 593 1434 est,
622 1362 759 1420 satis
780 1361 895 1420 erit
922 1375 986 1420 ut
1014 1362 1189 1440 plane
1220 1375 1500 1441 appareat
1521 1381 1778 1440 quonam
1803 1363 1981 1422 modo
2014 1363 2280 1443 proposi-

218 1471 343 1516 tum
366 1458 445 1517 sit
463 1459 725 1518 oratoria
744 1472 871 1519 arte
898 1459 1280 1518 tractandum.
1308 1465 1436 1520 Hoc
1460 1472 1684 1519 tantum
1710 1459 1911 1520 labore
1944 1460 2277 1540 deprehen-

215 1553 357 1614 dere
386 1555 559 1624 licet,
590 1569 651 1614 et
680 1557 823 1634 quid
846 1569 1045 1616 orator
1076 1557 1355 1627 materiae,
1384 1570 1444 1616 et
1477 1557 1618 1636 quid
1649 1558 1870 1617 oratori
1893 1557 2134 1617 materia
2165 1557 2275 1616 de-

210 1649 429 1710 buerit.
472 1657 549 1714 Et
579 1652 725 1712 illud
754 1653 868 1713 hoc
898 1655 1029 1733 ipso
1060 1654 1273 1714 mirum
1301 1656 1362 1713 in
1397 1655 1630 1714 modum
1657 1654 1755 1714 hic
1788 1657 2087 1734 congruit,
2116 1653 2274 1734 quod

208 1747 355 1806 nihil
386 1769 501 1827 per
528 1768 589 1808 se
612 1751 851 1809 materia
866 1793 885 1823 ,
917 1764 977 1810 et
1004 1751 1195 1810 omnia
1222 1751 1386 1810 fuere
1409 1771 1484 1810 ex
1509 1752 1740 1830 ingenio
1767 1751 2175 1829 expromenda.

286 1844 635 1905 Exordium.
673 1879 755 1892 -
802 1847 1035 1906 Archiae
1072 1847 1348 1907 defensor
1377 1847 1606 1926 judices
1653 1847 1764 1908 sibi
1811 1847 2068 1908 devincit
2106 1861 2274 1928 grato

208 1941 269 2000 in
306 1941 593 2002 Archiam
626 1943 821 2002 animo
838 1985 855 2013 ,
894 1943 1059 2022 cujus
1098 1945 1355 2004 consiliis
1399 1944 1596 2003 literas
1631 1963 1899 2004 romanas
1947 1965 2276 2024 graecasque

212 2040 390 2098 fuerit
420 2039 684 2099 edoctus.
727 2041 1007 2115 Quamvis
1040 2054 1233 2099 autem
1278 2041 1406 2120 ipse
1447 2041 1628 2120 magis
1675 2041 1946 2100 oratoriae
1989 2042 2276 2112 facultati,

208 2138 307 2196 ille
346 2138 595 2216 poeticae
638 2137 925 2198 studuerit
949 2182 967 2212 ,
1012 2138 1231 2197 nemini
1280 2138 1490 2197 mirum
1527 2129 1688 2196 'illud
1735 2137 2034 2212 videatur,
2093 2159 2277 2215 quum

210 2255 417 2295 omnes
456 2241 611 2295 artes
638 2247 843 2295 mutuo
864 2235 1019 2319 inter
1038 2255 1101 2295 se
1132 2233 1348 2295 foedere
1379 2233 1714 2315 jungantur.
1758 2237 1906 2295 Orat
1931 2233 2156 2313 judices
2183 2235 2272 2295 uti

210 2333 543 2410 ignoscant,
578 2332 626 2391 si
658 2333 760 2391 tali
788 2333 851 2391 in
882 2333 1146 2391 oratione
1174 2352 1207 2391 a
1229 2351 1403 2392 causa
1428 2352 1867 2411 nonnumquam
1895 2332 2124 2411 longius
2151 2332 2275 2391 lite-

208 2449 403 2489 rarnm
430 2427 628 2488 studio
654 2429 993 2509 abripiatur.
1023 2430 1259 2491 Dictum
1289 2444 1396 2504 est,
1419 2451 1528 2491 nec
1553 2431 1865 2503 immerito,
1887 2428 2034 2489 illud
2059 2424 2272 2491 mirum

208 2528 265 2585 in
290 2527 535 2587 modum
562 2548 665 2587 reo
687 2528 991 2609 prodesse,
1018 2530 1157 2607 quia
1176 2542 1380 2589 orator
1405 2548 1634 2590 causam
1657 2550 1820 2590 suam
1843 2530 1928 2589 ita
1947 2528 2164 2589 bonam
2179 2530 2274 2609 ju-

208 2638 475 2703 stamque
494 2644 619 2684 esse
644 2624 988 2694 arbitratur,
1006 2639 1074 2686 ut
1090 2626 1280 2685 minus
1303 2626 1574 2685 Archiam
1596 2626 1897 2700 defendat,
1911 2646 2086 2705 quam
2109 2625 2274 2685 dotes

207 2723 331 2801 ejus
372 2722 599 2783 meritis
642 2722 909 2783 laudibus
954 2722 1029 2782 ad
1071 2722 1511 2784 admirationem
1553 2723 1958 2784 commendare
1985 2723 2271 2783 videatur.

208 2824 349 2898 Cap.
384 2841 440 2893 ι,
473 2839 529 2878 a.

283 2916 621 2997 Propositio
646 2930 707 2976 et
732 2917 959 2991 divisio.
982 2952 1063 2963 —
1087 2918 1336 2977 Archias
1362 2919 1502 2979 civis
1525 2934 1613 2980 est
1630 2938 1904 2979 romanus
1919 2961 1937 2991 ‚
1979 2930 2082 2977 aut
2107 2932 2268 2979 certe

208 3012 417 3092 dignus
444 3026 537 3074 est
560 3034 803 3073 romana
828 3014 1075 3074 civitate.
1106 3019 1248 3095 Cap.
1282 3036 1337 3075 2.

286 3112 585 3171 Narratio.
606 3146 687 3157 --
710 3113 945 3172 Clarum
965 3113 1195 3173 Archiae
1218 3132 1434 3173 nomen
1461 3116 1521 3173 in
1551 3115 1744 3194 patria
1777 3112 2110 3191 exponitur.
2141 3117 2270 3172 Ro-

208 3227 355 3267 mam
378 3209 545 3267 venit
562 3250 580 3281 ,
610 3221 669 3268 et
694 3230 731 3267 a
753 3209 1039 3283 Lucullis,
1068 3222 1126 3269 et
1148 3210 1474 3269 clarissimis
1499 3209 1672 3287 hujus
1707 3209 1885 3269 aemtis
1908 3208 2050 3267 viris
2076 3207 2270 3268 adsci-

211 3317 301 3363 tus
329 3319 390 3364 et
419 3304 829 3383 benignissime
856 3320 1144 3387 acceptus.
1176 3309 1482 3368 Lucullum
1529 3308 1589 3365 in
1631 3307 1886 3368 Siciliam
1931 3306 2270 3377 comitatur,

206 3402 309 3479 qui
350 3423 485 3463 eum
533 3402 1015 3464 Heracleensibus
1050 3418 1116 3464 ut
1159 3405 1392 3464 civitate
1438 3404 1659 3464 donent
1709 3402 2094 3463 commendat.
2145 3408 2268 3462 Lex

210 3499 429 3558 Silvani
468 3513 529 3559 et
561 3500 845 3561 Carbonis
876 3516 1256 3577 memoratur,
1290 3522 1424 3581 quae
1445 3502 1678 3561 civitate
1705 3519 1944 3559 romana
1970 3496 2270 3557 foederata-

210 3614 337 3653 rum
362 3594 603 3655 urbium
631 3596 786 3658 cives
814 3597 1021 3669 donat,
1067 3596 1388 3658 dummodo
1419 3597 1694 3676 quasdam
1737 3596 2091 3673 adimpleant
2130 3614 2268 3653 con-

209 3689 477 3753 ditiones.
506 3700 663 3765 Quas
694 3715 895 3757 omnes
918 3696 1161 3757 Archias
1188 3696 1470 3777 implevit.
1501 3700 1644 3775 Cap.
1673 3695 1728 3752 3.
2099 3748 2114 3769 s

286 3782 755 3853 Confirmationis
780 3814 917 3873 pars
947 3794 1444 3874 prima—Omnia
1471 3793 1596 3853 haec
1619 3790 1946 3873 probantur
1976 3802 2036 3848 et
2059 3805 2264 3852 aucto·
2317 3802 2330 3818 ⁸

214 3890 382 3949 ritate
406 3896 492 3951 Μ.
510 3892 771 3967 Luculli,
796 3906 856 3955 et
878 3894 1348 3954 Heracleensium
1365 3893 1720 3967 testimonio,
1739 3890 1898 3971 quod
1921 3890 2058 3951 satis
2080 3891 2139 3949 in
2154 3891 2268 3951 hoc

209 3984 442 4047 videtur
468 4008 617 4061 esse,
656 4010 835 4070 quum
864 3990 1057 4049 omnia
1080 3991 1348 4050 incendio
1374 3990 1562 4051 deleta
1591 3989 1806 4050 suerint
1827 3988 1911 4047 rei
1937 3986 2112 4065 hujus
2138 4008 2266 4047 mo·
