2594 4537
365 258 510 333 526
1001 258 1101 327 M.
1153 259 1232 325 Τ.
1285 258 1853 330 CICERONIS

279 380 285 387 ’
361 408 520 457 cem
547 382 612 429 ⁸⁶
645 380 874 453 vobis.
913 380 1006 449 Hi
1037 392 1148 450 tot
1171 380 1455 477 equites
1480 380 1799 464 romani,
1828 394 1943 451 tot
1972 379 2255 452 tribuni
2280 388 2503 455 aerarii

361 500 388 591 (
417 516 582 567 nam
627 489 915 591 plebem
949 514 990 560 a
1025 488 1299 585 judicio
1326 487 1767 575 dimisimus,
1804 515 1967 588 quae
1994 507 2263 563 cuncta
2290 500 2503 565 comi-

361 607 476 675 tiis
515 600 828 697 adfuit),
872 598 1051 696 quid
1088 597 1410 688 roboriS,
1445 598 1623 696 quid
1658 598 2026 697 dignitatis
2064 600 2289 697 hujus
2326 604 2501 700 peti-

358 715 544 787 tioni
579 709 1030 785 attulerunt?
1067 710 1234 781 Non
1271 710 1467 781 enim
1524 709 1798 782 tribum
1854 714 2323 783 Terentinam
2344 766 2367 798 ‚
2422 714 2503 785 de

361 850 514 923 qua
547 820 784 893 dicam
815 820 958 892 alio
998 818 1202 907 loco,
1247 819 1376 891 sed
1420 820 1843 917 dignitatem
1876 875 1896 905 ‚
1950 821 2081 893 sed
2126 822 2501 895 oculorum

365 934 778 1029 conjectum
800 985 821 1020 ,
865 929 992 1005 sed
1031 929 1335 1022 solidam
1358 986 1378 1019 ,
1428 945 1502 1003 et
1549 930 1926 1003 robustam
1948 987 1967 1020 ,
2032 947 2109 1004 et
2145 934 2501 1005 assiduam

361 1042 840 1142 frequentiam
863 1039 1354 1139 praebuerunt.
1382 1046 1537 1113 Jam
1566 1044 1957 1140 municipia
1988 1045 2504 1139 conjunctione

365 1158 582 1230 etiam
617 1153 998 1225 vicinitatis
1031 1150 1503 1224 vehementer
1542 1168 1947 1225 moventur.

460 1268 582 1338 IX.
623 1264 917 1349 Omnia,
963 1286 1126 1360 quae
1163 1262 1331 1333 dico
1366 1260 1457 1333 de
1490 1262 1815 1347 Planci0‚
1848 1260 2012 1333 dico
2050 1278 2405 1359 expertus
2436 1266 2507 1333 in

365 1374 582 1447 nobis
633 1402 650 1445 ε
693 1396 944 1445 sumus
1010 1374 1205 1443 euim
1251 1368 1538 1442 finitimi
1614 1370 2047 1443 Atinatibus,
2112 1371 2507 1445 Laudanda

365 1500 508 1574 est,
548 1481 665 1555 vel
727 1483 938 1554 etiam
1008 1480 1315 1553 amanda
1370 1483 1699 1553 vicinitas
1722 1536 1742 1569 ,
1803 1482 2129 1553 retinens
2190 1497 2505 1555 veterem

367 1595 572 1667 illum
607 1590 830 1665 officii
865 1615 1144 1663 morem
1164 1644 1184 1679 ,
1223 1615 1377 1661 non
1416 1589 1767 1663 infuscata
1796 1592 2328 1683 malivolentia,
2366 1620 2505 1664 uon

366 1718 648 1777 assueta
711 1700 1103 1773 mendaciis
1127 1756 1148 1789 ,
1189 1726 1345 1771 non
1404 1699 1675 1773 fucata1
1706 1755 1725 1788 ,
1800 1726 1950 1773 non
2009 1700 2227 1774 fallax
2261 1757 2284 1790 ,
2362 1728 2505 1775 non

368 1812 652 1887 erudita
679 1808 980 1883 artificio
1007 1810 1488 1886 simulationis
1512 1812 1626 1884 vel
1652 1810 2112 1901 suburbano,
2150 1812 2267 1885 vel
2298 1815 2503 1885 etiam

369 1923 680 1996 urbano.
711 1923 940 1993 Nemo
977 1922 1281 2018 Arpinas
1307 1946 1459 1992 non
1486 1920 1775 1993 Plancio
1797 1922 2108 2009 studuit,
2136 1946 2363 1993 nemo
2394 1928 2507 1994 So·

367 2042 677 2122 ranus2,
716 2056 937 2103 nemo
973 2027 1304 2103 Casinas3
1328 2086 1349 2119 ‚
1404 2056 1623 2103 nemo
1668 2033 1986 2128 Aquinas
2011 2034 2064 2100 ⁴.
2129 2036 2365 2104 Totus
2396 2034 2506 2105 ille

369 2160 640 2218 tractus
695 2141 1207 2215 celeberrimus
1227 2196 1248 2230 ,
1293 2137 1794 2213 venafranus⁵
1833 2138 2243 2219 Allifanus,6
2268 2197 2291 2228 ‚
2366 2157 2505 2213 tota

367 2254 688 2355 denique
723 2251 966 2327 nostra
1003 2252 1121 2325 illa
1149 2277 1401 2352 aspera
1423 2306 1443 2341 ,
1480 2266 1553 2324 et
1578 2264 1996 2338 montuosa,
2035 2266 2107 2324 et
2136 2250 2415 2342 fidelis,
2443 2268 2505 2325 et

367 2365 703 2464 simplex,
743 2375 816 2435 et
851 2361 1118 2434 fautrix
1163 2387 1459 2435 suorum
1514 2363 1752 2458 regi0‚
1806 2387 1881 2434 se
1913 2361 2175 2458 hujus⁷
2224 2363 2503 2436 honore

371 2476 614 2548 ornari
635 2529 656 2562 ,
701 2497 777 2544 se
808 2475 1054 2570 augeri
1107 2472 1457 2571 dignitate
1503 2471 1986 2544 arbitrabatur
2011 2469 2061 2543 ⁸.
2098 2475 2505 2572 Iisdemque

369 2607 570 2656 nunc
601 2607 644 2654 a
695 2583 1156 2680 municipiis⁹
1200 2583 1466 2656 adsunt
1519 2583 1800 2680 equites
1847 2585 2129 2654 romani
2174 2585 2501 2684 publice,

267 2743 278 2759 .
375 2717 544 2766 cum
590 2691 964 2790 legationis
1004 2695 1421 2766 testimonio
1446 2704 1559 2779 ¹⁰3
1618 2717 1753 2764 nec
1792 2695 2072 2764 minore
2108 2719 2315 2768 nunc
2346 2710 2505 2768 sunt

449 2881 530 2932 16.
551 2883 610 2928 ln
636 2879 868 2944 squalore
890 2889 940 2927 ee
958 2881 1089 2929 luctu
1113 2882 1395 2946 supplicem.
1484 2881 1622 2930 novi.
1664 2879 1742 2927 Ibi
1786 2877 1987 2926 consilia
2026 2877 2147 2928 inita
2192 2879 2259 2928 ab
2296 2881 2503 2930 Antonio

373 2960 458 3010 Sic
492 2961 654 3010 vestiti
683 2958 873 3021 iudicio
903 2959 1106 3010 aderant
1133 2977 1271 3009 more
1293 2962 1399 3009 Ro·
1486 2959 1687 3023 ejusque
1710 2959 1855 3008 sociis
1879 2955 1941 3005 de
1966 2958 2205 3008 Cicerone
2234 2961 2503 3025 opprimen-

373 3057 659 3104 manorum,
684 3049 735 3088 et
761 3055 872 3088 reus
896 3049 944 3087 et
969 3041 1073 3102 eim
1097 3039 1326 3089 fautores.
1489 3038 1576 3098 do,
1602 3037 1663 3086 ad
1688 3037 1805 3086 Div.
1830 3040 1937 3096 11,
1966 3045 2051 3092 Μ.

443 3123 537 3170 tx.
596 3136 642 3169 x.
688 3119 804 3166 Non
833 3116 1039 3184 fiscum.
1077 3120 1258 3167 Erfnrt.
1300 3135 1399 3167 non
1559 3113 1609 3165 5.
1641 3115 1979 3178 Venafranus.
2006 3117 2277 3165 Vemfinm
2302 3119 2501 3182 Campa·

358 3199 565 3268 fucosa.
602 3199 776 3248 Cicero
818 3197 882 3245 ad
918 3199 1174 3261 Atticum,
1215 3201 1265 3257 1,
1302 3199 1399 3257 ιθ,
1486 3196 1583 3244 πίε
1608 3195 1725 3244 urbe
1743 3196 1807 3244 ad
1834 3193 2051 3244 dextram
2064 3196 2303 3246 Vulturni
2332 3199 2501 3262 ripam.

375 3302 400 3324 ι
417 3279 685 3328 ambitio-e
720 3277 1000 3342 succumque
1031 3277 1254 3326 amicitiai
1271 3297 1319 3327 n.
1340 3279 1402 3326 Et
1486 3291 1620 3325 nunc
1654 3273 1893 3340 Venafro.
2303 3323 2311 3328 ,

376 3375 470 3425 pro
487 3357 657 3407 Rabir.
687 3366 816 3420 post.
830 3372 941 3421 cap.
964 3363 1026 3414 14
1045 3371 1059 3406 :
1089 3378 1115 3398 ι
1131 3356 1327 3407 fallaces
1350 3369 1399 3406 et
1558 3358 1609 3404 6.
1636 3354 1907 3419 Allifiznus.
1924 3353 2088 3404 Allisoe
2104 3357 2399 3406 Samnitium
2418 3373 2499 3422 op-

371 3439 556 3488 fucooe
575 3451 757 3485 meree·
775 3456 817 3485 n.
1486 3435 1655 3500 pidum
1676 3471 1691 3498 ,
1714 3451 1861 3500 snpra
1882 3434 2055 3482 lavam
2076 3437 2321 3485 Vulturni
2336 3438 2497 3502 ripam.

445 3533 494 3568 a.
531 3518 764 3564 Somnus.
793 3515 911 3564 Sora
938 3514 1132 3564 colonia
1155 3518 1302 3565 Rom.
1334 3517 1399 3566 ad
1556 3531 1605 3576 7.
1628 3516 1691 3562 Se
1713 3513 1885 3580 liujus,
1906 3529 1977 3564 tc.
2006 3514 2213 3565 Pht-cii.

371 3601 520 3649 Lirim
537 3597 766 3655 fluvium,
793 3596 848 3643 in
864 3595 1076 3644 Vobcis.
1558 3591 1608 3643 8.
1663 3593 2021 3644 Arbitrabaeur.
2072 3595 2203 3646 eod.
2250 3595 2425 3645 Dte-d.
2460 3609 2499 3642 et
2559 3603 2562 3610 '

445 3681 495 3729 3.
547 3676 773 3728 casinas.
825 3675 1056 3724 Casinum
1103 3675 1395 3724 Volscorum
1483 3671 1628 3723 Borb.
1668 3673 2047 3722 arbitrabantur.

373 3759 614 3826 oppidum
637 3755 694 3803 in
720 3755 793 3802 via
825 3754 1021 3813 latim,
1064 3755 1259 3803 colonia
1289 3759 1394 3804 Ro·
1554 3769 1608 3816 9.
1622 3755 1674 3800 A
1691 3749 2297 3818 municspiek.vetustiores
2314 3755 2427 3804 odd.
2444 3771 2499 3802 es

371 3851 656 3894 manorum,
679 3844 730 3881 et
751 3843 921 3900 postea
949 3833 1292 3898 municipium.
1312 3837 1395 3881 In·
1486 3831 1777 3898 municipiis.

371 3917 492 3965 cole
516 3913 786 3964 Casinates.
1562 3927 1640 3961 10.
1672 3913 1789 3961 Cum
1814 3912 2070 3978 legationis
2098 3913 2389 3964 eesdmnio.
2416 3915 2499 3962 Gn·

445 3996 494 4054 4.
539 3990 779 4055 Aquinas.
811 3989 1064 4055 Aquinum
1105 3991 1226 4039 urba
1271 3991 1397 4040 Latii
1486 3993 1706 4041 κωπίω
1726 4007 1787 4042 ex
1807 3991 2069 4044 Drendensi
2103 3993 2423 4054 codicum·-
2442 3995 2497 4042 Ie·
