2594 4537
282 270 417 343 582
906 275 1003 340 M.
1056 275 1133 340 T.
1187 274 1748 343 CICERONIS

282 392 569 465 obviam
622 392 813 467 ferre
865 392 1081 465 vellet
1123 420 1139 463 :
1194 408 1458 491 praetor
1501 392 1661 479 ille,
1705 388 2086 487 ejusdem⁶
2137 392 2422 465 tribuni

280 502 513 602 plebis
541 501 1053 591 concionibus,
1092 516 1395 601 propter
1439 500 1760 573 eamdem
1791 499 2214 600 reipublicae
2257 526 2426 573 cau-

280 638 465 701 sam,
514 636 701 709 saepe
739 627 1077 699 vexatUS,
1120 612 1303 683 nihil
1347 612 1654 709 amplius
1701 609 1904 699 dico,
1958 613 2136 697 nisi,
2185 636 2308 683 me
2347 614 2422 681 in

278 724 591 799 Siciliam
628 725 879 795 venire
916 724 1173 795 noluit.
1230 720 1428 812 Quid
1471 722 1745 795 dicam?
1785 725 1865 793 C.
1911 722 2258 818 virgilie,
2301 722 2422 793 tali

280 836 418 929 civi
444 848 519 905 et
548 835 706 903 viro
724 886 745 921 ,
772 830 1336 906 benivolentiam
1359 836 1436 905 in
1465 856 1618 919 me,
1645 832 2074 905 memoriam
2097 856 2422 908 commu-

280 946 485 1013 nium
526 958 975 1039 temporum,
1029 946 1402 1041 pietatem,
1441 942 2000 1031 humanitatem,
2033 940 2264 1016 fidem
2301 941 2426 1013 de·

280 1053 545 1125 fuisse?
592 1052 831 1141 Nihil,
881 1052 1201 1148 judices,
1250 1068 1362 1125 est
1399 1076 1696 1141 eorum;
1748 1051 1913 1139 sed,
1959 1076 2180 1149 quam
2235 1068 2424 1125 tem-

280 1177 631 1260 pestatem
660 1187 797 1235 nos
838 1162 1211 1235 vobiscum
1271 1187 1424 1237 non
1485 1162 1928 1251 tulissemus,
1971 1162 2279 1248 metuit,
2345 1178 2432 1233 ut

280 1297 437 1346 eam
465 1274 629 1370 «ipse
664 1288 912 1371 posset
950 1273 1214 1371 opibus
1254 1275 1405 1345 suis
1438 1274 1808 1347 sustinere.
1841 1277 2059 1359 Tum,
2113 1274 2430 1345 consilio

278 1398 582 1483 repente
624 1396 904 1455 mutato
928 1438 946 1472 ‚
996 1386 1133 1454 iter
1164 1408 1209 1455 a
1240 1383 1530 1456 Vibone
1568 1382 2030 1457 Brundisium
2066 1397 2262 1453 terra
2297 1408 2430 1481 pe-

278 1506 475 1567 tere⁷
516 1492 860 1568 contendi
880 1483 937 1562 3.
977 1497 1159 1569 Nam
1200 1495 1600 1568 maritimos
1639 1516 1892 1565 cursus
1932 1490 2434 1590 praecludebat

282 1603 539 1676 hiemis
570 1602 1019 1700 magnitudo,

374 1719 555 1786 XLI.
603 1718 853 1807 Quum
891 1714 1137 1787 omnia
1170 1714 1292 1785 illa
1335 1715 1767 1811 municipia,
1807 1736 1970 1811 quae
2005 1726 2180 1783 sunt
2222 1736 2268 1782 a
2313 1712 2430 1783 vi-

278 1823 475 1898 bone
506 1822 1006 1911 Brundisium,
1040 1824 1116 1895 in
1166 1821 1316 1897 fide
1363 1848 1556 1913 mea,
1587 1822 1904 1921 judices,
1959 1836 2243 1909 esseut3
2295 1826 2436 1893 iter

281 1932 461 2003 mihi
518 1941 805 2004 tutum¹
830 1988 850 2020 ‚
890 1934 1135 2017 multis
1178 1934 1728 2023 minitantibus,
1767 1956 2034 2030 magno
2075 1957 2252 2005 cum
2298 1956 2434 2005 suo

284 2056 486 2117 metu
538 2046 1056 2141 praestiterunt.
1112 2042 1570 2117 Brundisium
1627 2046 1794 2117 veni
1817 2097 1837 2132 ,
1892 2044 2006 2113 vel
2053 2044 2302 2141 potius
2345 2042 2432 2113 ad

288 2153 559 2227 moenia
606 2155 937 2227 accessi2.
974 2152 1251 2227 Urbem
1287 2178 1508 2227 unam
1545 2152 1722 2227 mihi
1761 2154 2268 2227 amicissimam
2303 2150 2436 2225 de-

352 2335 405 2382 6.
432 2331 669 2397 Ejusdem
698 2331 898 2382 tribuni.
919 2331 1036 2382 Scil.
1061 2329 1239 2382 Clodii.

354 2429 403 2474 7.
438 2415 543 2462 Iter
565 2428 601 2458 a
633 2410 821 2459 Vibone
846 2409 1153 2461 Brundisium
1184 2421 1314 2458 ten-a

273 2503 457 2555 petere.
494 2492 541 2538 A
576 2489 790 2544 Va‘bone‚
836 2489 1060 2541 Lucaniae
1101 2489 1312 2556 oppido.

1400 2347 1502 2397 quo
1521 2347 1614 2397 ego
1637 2331 1806 2380 multis
1831 2331 1892 2380 de
1917 2330 2076 2379 causis
2098 2331 2326 2379 converti
2345 2333 2438 2378 iter

1399 2427 1564 2464 meum
1585 2431 1628 2458 ι.
1649 2411 1734 2462 Ad
1751 2412 1876 2460 sicae
1892 2410 2104 2462 fundam
2119 2409 2338 2468 seilicet,
2353 2412 2436 2474 qui

1401 2507 1558 2558 prope
1574 2489 1820 2541 vibonem
1839 2499 1959 2538 erat.
1987 2488 2086 2538 Sed
2099 2491 2206 2552 jam
2225 2489 2280 2538 in
2299 2505 2437 2554 quat·

284 2567 625 2624 Brundisium,
651 2567 885 2616 Calabriae
905 2579 1121 2630 portum.
1143 2567 1315 2616 Abun-

284 2649 373 2696 dat
406 2645 487 2692 bic
510 2645 737 2708 profecto
764 2661 867 2693 vox
890 2645 1016 2702 iter-5
1044 2647 1158 2696 satia
1186 2649 1318 2695 enim

286 2736 391 2774 erat
425 2723 586 2772 dicere
606 2759 623 2784 ,
667 2744 689 2766 ι
710 2741 739 2774 a
779 2723 971 2772 Vibone
1006 2725 1318 2774 Brundisiu-

286 2815 413 2852 terta
432 2814 597 2866 petere
613 2824 657 2863 n,
676 2812 731 2850 ut
752 2817 871 2850 mox
890 2819 1003 2867 cap.
1028 2812 1059 2859 4
1072 2819 1091 2850 1
1113 2819 1127 2852 ε
1152 2827 1176 2846 ιι
1190 2805 1320 2869 Dyr-

286 2881 541 2930 rhachium
575 2891 741 2946 petere
768 2881 1001 2930 contendi
1034 2903 1076 2929 n.
1125 2883 1314 2931 Emoet.

286 2962 381 3010 icor
408 2960 601 3010 delebat
624 2972 683 3010 ut
702 2961 973 3009 insolitum.
1012 2960 1109 3011 Sed
1126 2961 1318 3020 Livius,

286 3042 469 3100 XLIV,
489 3056 518 3086 2
542 3053 557 3086 ε
580 3061 606 3080 ιι
625 3039 761 3103 quod
780 3041 873 3086 iter
894 3039 1136 3104 petiturus
1158 3051 1281 3087 esset
1299 3072 1316 3098 ,

288 3120 485 3182 ignauis
504 3139 546 3168 n.
586 3117 802 3166 Velleius
821 3152 837 3175 ,
875 3139 901 3160 ιι
920 3135 984 3166 ne
1024 3118 1317 3166 destinatum

288 3199 383 3246 iter
400 3207 682 3260 peterentas.
710 3195 921 3245 Ovidius
941 3213 1002 3244 ex
1028 3199 1187 3245 Ponto
1212 3199 1317 3258 111,

295 3291 325 3324 a
342 3309 357 3333 ‚
387 3275 453 3321 80
479 3289 493 3322 ε
526 3296 553 3316 «ι
576 3277 749 3337 Quove
766 3290 941 3339 parum
969 3275 1123 3322 fiiusta
1151 3291 1320 3340 puppe

288 3352 484 3418 petistis
505 3353 601 3400 iter
614 3355 637 3401 Ρ
655 3375 681 3395 ι·

368 3433 421 3480 8.
452 3431 708 3480 contendi.
736 3433 809 3481 De
840 3447 983 3480 eausa
1006 3431 1189 3480 fallitur
1214 3433 1325 3480 Plu-

292 3512 489 3560 tarchus
504 3547 521 3573 ,
555 3511 691 3573 quod
729 3525 790 3558 ex
824 3511 979 3558 literis
1006 3510 1071 3558 ad
1104 3511 1326 3564 Atticum

294 3605 594 3655 cognoscere
635 3588 794 3638 datur.
832 3589 912 3636 Sic
948 3589 1075 3637 enim
1112 3591 1219 3648 111,
1258 3603 1322 3639 a:

290 3691 319 3714 α
338 3669 531 3720 Itineris
556 3670 715 3717 nostri
740 3683 881 3715 causa
903 3669 999 3716 fuit
1014 3702 1029 3726 ,
1058 3668 1197 3731 quod
1221 3683 1324 3717 non

294 3747 533 3796 habebam
571 3748 739 3795 locum
754 3780 769 3805 ‚
810 3745 896 3794 ubi
937 3762 1029 3810 pro
1072 3763 1182 3794 meo
1216 3748 1325 3807 jure

299 3825 481 3873 diutius
503 3841 604 3873 ease
630 3839 822 3890 poaacm
837 3858 852 3883 ‚
878 3841 1024 3890 quam
1042 3825 1099 3873 in
1118 3826 1324 3874 fundum

298 3900 420 3947 Sica
442 3923 485 3949 -.
510 3903 741 3967 Sequitur
758 3921 835 3969 ep.
862 3905 922 3952 3:
947 3925 969 3946 ι
990 3903 1087 3952 Sed
1119 3915 1169 3953 te
1202 3919 1324 3966 oto,

308 3985 365 4022 ut
405 3978 467 4026 ad
515 3989 592 4026 me
638 3981 879 4030 VIbonem
925 3983 1086 4032 statim
1136 3983 1325 4043 venias,

1404 2583 1452 2619 ta
1483 2586 1561 2635 ep.
1594 2585 1731 2618 veras
1760 2569 1910 2616 subiti
1939 2584 1966 2615 a
1984 2567 2182 2615 Vibone
2205 2565 2439 2616 disemus

1403 2663 1570 2696 causas
1583 2647 1788 2698 edocet:
1813 2670 1837 2690 α
1847 2645 2060 2696 miserie
2073 2657 2264 2694 nostrae
2279 2647 2438 2711 potius

1405 2727 1578 2786 velim,
1621 2742 1770 2792 quam
1811 2726 2158 2776 inconst-ntia
2173 2759 2190 2784 ,
2231 2727 2440 2782 tribuas,

1405 2805 1542 2870 quod
1563 2822 1590 2853 a
1613 2805 1808 2854 Vibone
1821 2841 1837 2868 ,
1869 2821 1970 2870 quo
1991 2815 2040 2852 te
2061 2805 2438 2862 arceaaeha-ns,

1405 2883 1570 2932 subito
1613 2883 1938 2932 discessimus.
1985 2883 2161 2932 Adlata
2201 2896 2279 2933 est
2316 2887 2439 2933 enim

1405 2962 1551 3012 nobis
1575 2965 1768 3027 rogatio
1785 2963 1849 3012 de
1871 2965 2090 3026 pernicie
2107 2979 2216 3012 inea
2231 2999 2248 3024 ,
2273 2966 2330 3012 in
2349 2981 2440 3028 qua

1405 3041 1544 3105 quod
1561 3053 1834 3091 correctum
1853 3059 1956 3090 esse
1988 3043 2327 3102 audieramus,
2345 3055 2440 3090 erat

1405 3119 1646 3181 ejusmodi
1661 3155 1677 3178 ,
1701 3130 1758 3168 ut
1781 3120 1903 3168 mibi
1931 3121 2058 3168 ultra
2087 3121 2440 3186 quadringenta

1405 3197 1556 3246 millia
1595 3199 1762 3247 liceret
1801 3215 1918 3247 ease.
1957 3199 2052 3248 1110
2079 3215 2236 3262 quum
2273 3217 2440 3264 pervc-

1407 3277 1514 3325 nire
1541 3293 1643 3324 non
1677 3277 1848 3325 liceret
1869 3314 1884 3340 ,
1921 3278 2084 3325 statim
2113 3279 2210 3325 iter
2236 3279 2442 3328 Brundi-

1409 3356 1535 3404 sium
1554 3371 1722 3404 νει-ωε
1745 3355 1932 3406 contuli
1949 3367 2062 3404 ante
2085 3355 2217 3404 diem
2238 3357 2444 3421 rogatio-

1411 3434 1516 3496 nis,
1543 3449 1606 3484 ne
1653 3445 1701 3482 et
1740 3436 1849 3486 Sica
1871 3469 1885 3494 ,
1923 3433 2058 3500 apud
2101 3451 2254 3503 quem
2283 3453 2410 3486 eram
2425 3472 2440 3490 ‚

1413 3513 1622 3578 periret,
1652 3525 1701 3562 et
1721 3514 1860 3578 quod
1877 3516 2062 3564 Melitae
2085 3531 2191 3564 csse
2207 3531 2312 3564 nou
2333 3515 2442 3564 lice-

1413 3589 1500 3639 bat
1517 3613 1560 3639 n.
1591 3593 1708 3640 Erat
1729 3593 1857 3641 enim
1878 3593 2048 3642 Melita
2063 3627 2081 3652 ,
2099 3603 2156 3640 ut
2177 3604 2370 3642 constat
2388 3609 2442 3641 cx

1415 3670 1655 3730 Vei-riuis,
1678 3671 1732 3718 in
1752 3673 1810 3722 C.
1833 3671 2034 3734 Virgilii
2061 3673 2322 3736 provincia
2335 3707 2352 3730 ,
2369 3688 2442 3718 ne-

1415 3763 1510 3812 que
1532 3749 1648 3797 satis
1667 3749 1728 3797 ab
1747 3748 1882 3798 Italia
1904 3749 2136 3798 distabat.

1485 3829 1618 3878 xm.
1655 3843 1700 3876 ι.
1735 3829 1840 3874 Iter
1865 3827 1988 3876 milui
2009 3839 2184 3876 meum.
2221 3829 2367 3876 Barb.
2399 3839 2442 3874 ei

1415 3905 1481 3953 al.
1507 3925 1530 3947 ιι
1553 3917 1671 3954 tune
1691 3907 1783 3952 iter
1797 3903 1918 3954 mibi
1939 3916 2100 3954 tutu-
2122 3929 2164 3952 -.

1492 4001 1542 4033 a.
1573 3983 1660 4034 Ad
1673 3981 1848 4032 moem'a
1874 3983 2076 4033 accessi.
2099 3983 2304 4034 Accessi
2315 3984 2440 4032 abest
