2594 4537
526 286 911 363 ORATIO
962 280 1165 361 PRO
1216 290 1363 361 CN.
1415 288 1924 365 PLANCIO.
2155 290 2290 395 57³7

133 414 345 502 ciuS,
385 416 514 510 qui
550 428 785 501 arma«,
822 436 985 511 quae
1034 418 1354 515 privatus
1391 418 1464 485 P.
1503 417 1742 514 Scipio
1765 412 1795 459 ⁵
1846 426 2293 515 sumpserat,

136 550 277 611 ea,
330 522 485 595 Tib.
548 522 881 595 Graccho
930 526 1412 621 interempt0‚
1461 523 1624 619 jure
1679 528 1962 622 optimo
2007 544 2296 628 sumpta

136 659 305 706 esse
359 631 735 705 defendit?
780 637 981 704 Esset
1027 634 1249 730 igitur
1299 633 1773 730 pugnandum
1817 659 1984 707 eum
2030 661 2294 711 consu·-

138 742 361 816 libus.
414 743 609 815 Nihil
663 743 971 841 amplius
1016 741 1215 829 dico,
1248 744 1390 814 nisi
1423 742 1642 832 illud,
1679 747 1994 817 'victoriae
2029 761 2294 819 nostr-se·

134 878 395 951 graves
454 853 895 925 adversarios
956 867 1280 951 paratos,
1341 854 1676 925 interitus
1735 855 1976 927 nullos
2023 858 2296 931 ultores

132 988 301 1035 esse
334 962 691 1034 videbam.
724 964 934 1034 Hisce
966 987 1101 1061 ego
1132 964 1413 1035 auxiliis
1441 964 1686 1035 salutis
1725 976 1898 1036 'meae
1933 968 1991 1037 si
2025 962 2295 1041 ideirco

134 1072 385 1160 defui,
412 1076 585 1171 quia
612 1072 817 1143 nolui
858 1072 1201 1143 dimicare
1230 1100 1247 1142 ε
1286 1071 1596 1160 fatebor,
1628 1071 1702 1142 id
1740 1073 1941 1170 quod
1969 1078 2112 1164 vis,
2140 1103 2295 1150 non

136 1184 325 1255 mihi
366 1182 757 1267 auxilium,
800 1180 927 1252 sed
978 1206 1097 1253 me
1150 1182 1424 1253 auxilio
1469 1180 1800 1252 defuisse.
1849 1184 1974 1253 Sin
2011 1200 2296 1274 autem5

132 1318 299 1391 quo
334 1296 609 1388 majora
658 1290 893 1363 studia
946 1292 1023 1361 in
1080 1313 1199 1361 me
1240 1290 1609 1362 bonorum
1653 1288 1984 1379 fuerunt,
2025 1293 2168 1364 hoc
2209 1298 2296 1366 iis

132 1404 369 1501 magis
420 1400 952 1473 consulendum
1008 1417 1081 1473 et
1134 1400 1580 1499 parcendum
1627 1403 1872 1499 putavi
1911 1426 1926 1469 ε
1976 1415 2058 1473 tu
2097 1404 2169 1475 id
2213 1408 2292 1476 in

128 1540 257 1587 me
297 1510 810 1611 reprehendi3‚
848 1510 1050 1608 quod
1087 1514 1177 1603 Q.
1216 1506 1559 1583 Metello⁶
1594 1510 1792 1581 laudi
1835 1509 2083 1581 datum
2135 1530 2289 1603 est,

132 1622 509 1721 hodieque
534 1636 697 1707 ”est‚
735 1635 808 1692 et
842 1644 1131 1720 semper
1166 1623 1306 1693 erit
1333 1622 1658 1691 maximae
1690 1618 1980 1715 gloriae?
2008 1623 2287 1710 Quem5

130 1751 218 1807 ut
248 1748 459 1832 potes
483 1731 837 1825 exmultis
862 1732 1144 1819 audire,
1186 1734 1496 1829 quitum
1524 1727 1925 1819 affuerunt,
1969 1748 2284 1822 constat,

126 1843 577 1914 invitissimis
610 1843 777 1913 viris
811 1841 1025 1913 bonis
1047 1896 1067 1928 ‚
1103 1842 1398 1914 cessisse
1419 1852 1480 1929 ⁷3
1505 1865 1644 1911 nec
1679 1839 1895 1913 fuisse
1927 1838 2238 1915 dubium
2261 1890 2282 1932 ,

126 1955 319 2051 quin
356 1954 827 2024 contentione
870 1966 943 2023 et
979 1953 1195 2023 armis
1230 1951 1562 2049 superior
1597 1967 1844 2049 posset
1875 1976 2052 2023 esse.
2091 1957 2282 2051 Ergo

124 2066 259 2135 ilie
280 2112 300 2149 ‚
342 2088 575 2161 quum
612 2087 826 2135 suum
848 2060 903 2150 ⁸,
947 2088 1099 2133 non
1142 2087 1371 2159 quum
1405 2075 1696 2133 senatus
1731 2060 2002 2133 factum
2035 2063 2282 2137 defen·-

123 2176 387 2262 deret,
428 2200 658 2274 quum
701 2174 1304 2273 perseverantiam
1343 2174 1714 2243 sententiae
1751 2195 1934 2259 suae.
1973 2196 2121 2243 non
2167 2198 2281 2247 sa·-

122 2290 360 2358 lutem
390 2285 803 2384 reipublicae
838 2283 1291 2357 retinuisset:
1331 2293 1663 2368 tamem,
1701 2282 1903 2379 quod
1939 2281 2118 2354 illud
2151 2309 2278 2356 vo:-

122 2399 530 2468 luntarium
580 2395 847 2468 vulnus
902 2398 1179 2494 accepit
1206 2443 1225 2482 ‚
1268 2395 1702 2489 justissimos
1747 2394 2080 2464 omnium
2120 2392 2272 2468 Me*

120 2506 475 2577 tellorum
540 2520 616 2576 et
684 2503 1112 2576 clarissimos
1176 2504 1594 2602 triumphos*
1659 2502 1906 2602 gloriae
1931 2511 1998 2548 ¹⁰
2061 2505 2276 2578 laude

121 2619 535 2714 superavit,
595 2615 797 2714 quod
852 2631 926 2687 et
980 2616 1142 2688 illos
1194 2617 1394 2713 ipsos
1455 2614 2030 2712 improbissimos
2083 2617 2274 2690 cives

119 2725 441 2799 interfici
484 2726 754 2820 noluit,
792 2742 900 2814 et,
936 2751 1033 2797 ne
1065 2726 1231 2823 quis
1265 2725 1508 2797 bonus
1544 2728 1872 2796 interiret
1905 2731 1982 2797 in
2020 2727 2274 2802 'eadem

121 2835 325 2907 caede
354 2889 374 2922 ‚
430 2834 746 2934 providit
792 2863 808 2905 ε
876 2859 1013 2932 ego
1043 2890 1063 2923 ‚
1138 2836 1358 2905 tantis
1429 2835 1768 2933 periculis
1833 2839 2270 2934 propositiS,

120 2970 401 3045 quum,
440 2948 499 3016 si
535 2948 767 3017 victus
805 2969 1071 3030 essem,
1102 2945 1442 3015 interitus
1476 2941 1925 3041 reipublicae‚
1970 2946 2029 3014 si
2067 2948 2280 3019 vicis-

120 3082 319 3142 sem,
370 3054 663 3126 infinita'
706 3053 1072 3125 dimicatio
1120 3067 1533 3152 pararetur,
1582 3057 2108 3123 committerem
2130 3108 2149 3140 ‚
2197 3071 2279 3127 ut

120 3169 323 3240 idem
389 3165 713 3264 perditor
776 3163 1189 3264 reipublicae
1246 3160 1693 3250 nominarer,
1761 3165 1890 3259 qui
1953 3179 2278 3237 servator

119 3277 473 3349 fuissem?

120 3455 391 3511 praetorem
432 3446 489 3494 C.
525 3444 723 3504 Mario,
771 3455 822 3492 et
871 3445 927 3492 Ι..
955 3432 1153 3492 Valerio
1243 3439 1592 3505 natusfaceum
1610 3438 1906 3502 defenderet.
1927 3441 2083 3514 Quod
2097 3441 2272 3491 Cicero

124 3526 303 3572 Flacco
320 3537 445 3570 coss.
1243 3521 1538 3572 defendisset
1549 3555 1564 3580 ,
1584 3521 1627 3568 si
1651 3536 1867 3586 pugnare
1883 3515 2137 3579 voluissem
2155 3537 2270 3568 mm

200 3605 232 3651 5
238 3639 251 3652 .
283 3605 579 3666 Sumpserat.
604 3603 705 3650 Etr.
726 3613 775 3650 et
794 3603 911 3650 Buv.
938 3614 1153 3667 ceperat.
1242 3611 1435 3650 senatus
1459 3601 1740 3660 eonius-atos
1773 3611 1994 3649 extremo
2021 3599 2270 3664 supplicio

198 3683 249 3729 6.
284 3685 347 3747 Q.
366 3683 585 3730 Metello.
604 3683 726 3732 Scil.
744 3683 1027 3732 Numidico.
1243 3678 1528 3727 afficiendos
1553 3678 1742 3726 censuit
1760 3693 1776 3738 ;
1792 3679 1874 3726 cui
1897 3678 2070 3725 consui
2087 3678 2266 3740 paruit.

202 3779 253 3822 7.
285 3762 417 3821 Alii,
443 3761 817 3810 «invictissimis
848 3763 991 3825 viris,
1034 3777 1153 3810 con·
1317 3775 1366 3822 9.
1393 3758 1519 3817 Alii,
1553 3769 1748 3819 «tamen
1773 3758 1848 3804 oh*
1876 3757 2010 3805 illam
2043 3767 2273 3807 constan-

121 3854 221 3889 stnt
248 3839 394 3890 bonis
426 3841 625 3889 cessisse
647 3861 693 3889 ιι.
715 3843 767 3890 J.
788 3842 856 3889 V.
887 3843 942 3888 L.
1246 3838 1390 3898 tiam,
1413 3853 1508 3901 qua
1533 3836 1605 3884 ill.
1623 3855 1708 3884 v.-

198 3922 248 3968 Β.
290 3922 452 3984 Quum
477 3937 633 3968 suum.
657 3919 785 3982 Quia
802 3922 966 3980 jurare
992 3919 1157 3968 noluit
1321 3933 1400 3966 ιο.
1424 3916 1610 3966 Gloria
1638 3916 1808 3965 laude..
1829 3917 1928 3968 Alii
1945 3953 1960 3976 ,
2003 3940 2027 3960 κ
2045 3917 2200 3981 gioria
2222 3929 2272 3967 et

122 4005 177 4052 in
206 4000 361 4066 legem
390 4000 657 4048 Saturnini.
674 4025 744 4034 -—
764 3999 879 4045 Νοη
909 4012 1059 4061 quum
1079 4014 1155 4046 se·
1243 3997 1390 4046 laude
1409 4017 1452 4046 n.

329 4089 446 4155 IV.
502 4102 597 4152 cic.
612 4117 733 4168 pars
756 4097 978 4148 sectanda.
1929 4081 2016 4180 37
