2594 4537
383 312 467 380 18
1013 310 1113 378 M.
1165 310 1242 378 T.
1293 309 1867 380 CICERONIS

369 458 614 532 neque
649 432 980 505 homines
1031 428 1250 504 fuisse
1295 446 1653 531 putantur
1700 430 1921 527 hujus
1978 428 2237 503 affines
2270 436 2503 529 suspi-

371 547 644 633 cionis;
682 558 756 615 et
798 543 1002 615 locus
1035 556 1168 615 est
1211 546 1371 642 ipse
1424 567 1575 614 non
1624 556 1775 615 tam
1822 540 1914 613 ad
1948 540 2507 615 inflammandos

369 655 953 728 calamitosorum
977 662 1044 699 ¹⁰
1085 656 1404 740 animos,
1454 678 1677 751 quam
1724 651 1816 724 ad
1862 651 2349 725 consolandos
2390 677 2507 726 ac-

367 765 892 839 commodatus.
1065 818 1074 827 .

465 881 585 948 VI.
651 881 952 973 Propter
999 873 1187 945 hanc
1237 874 1459 971 igitur
1510 886 1787 945 tantam
1824 871 2511 945 dissimilitudinem

369 988 752 1060 hominum
781 998 1004 1082 atque
1039 1007 1455 1071 causarum,
1488 982 1907 1055 dissimilem
1934 1007 2053 1055 me
2084 985 2163 1055 in
2192 1000 2513 1085 utroque

365 1098 664 1198 praebui.
697 1095 1056 1170 Veniebat
1091 1098 1289 1167 enim
1325 1093 1417 1165 ad
1451 1118 1603 1182 me,
1638 1108 1715 1166 et
1746 1116 1935 1193 saepe
1969 1094 2329 1184 veniebat,
2362 1102 2515 1169 Au-

366 1214 693 1298 tronius,
733 1207 984 1279 multis
1021 1230 1190 1278 cum
1233 1204 1600 1301 lacrymis,
1638 1204 1985 1302 supplex,
2024 1219 2111 1276 ut
2144 1229 2223 1277 se
2259 1204 2517 1279 defen-

357 1321 655 1408 derem3
697 1332 772 1392 et
795 1342 874 1389 se
903 1340 1150 1387 meum
1187 1311 1769 1411 condiscipulum
1802 1316 1881 1385 in
1913 1316 2263 1411 pueritia,
2296 1314 2515 1386 fami·

257 1471 262 1481 ·
363 1433 614 1503 liarem
672 1434 751 1501 in
802 1428 1285 1500 adolescentia
1304 1479 1324 1512 ‚
1383 1424 1732 1523 collegam
1780 1426 1859 1495 in
1912 1440 2276 1522 quaestura
2316 1450 2517 1499 com·

361 1538 816 1613 memorabat
857 1536 1110 1620 fuisse;
1151 1535 1381 1606 multa
1426 1557 1587 1606 mea
1619 1535 1699 1605 in
1736 1556 1849 1621 se,
1892 1536 2249 1607 nonnulla
2290 1538 2517 1609 etiam

361 1672 494 1722 sua
533 1652 610 1721 in
653 1672 772 1718 me
811 1642 1229 1744 proferebat
1263 1641 1525 1716 officia.
1575 1642 1867 1736 Quibus
1902 1667 2039 1741 ego
2080 1644 2343 1736 rebu3‚
2388 1649 2517 1745 ju-

359 1758 555 1832 dices
577 1813 598 1846 ,
631 1759 732 1829 ita
767 1754 1112 1827 flectebar
1149 1754 1394 1825 animo
1443 1768 1665 1852 atque
1714 1752 2122 1853 frangebar,
2166 1772 2253 1829 ut
2292 1760 2519 1830 etiam

361 1892 452 1943 ex
489 1868 873 1953 memoria,
911 1889 1094 1963 quas
1137 1864 1327 1935 mihi.
1364 1866 1505 1963 ipsi
1552 1862 1822 1940 fecerat
1845 1874 1865 1909 ¹
1904 1865 2205 1938 iusidias
2226 1919 2247 1954 ,
2284 1866 2521 1969 depo·

319 2046 326 2057 .
359 2004 648 2067 nerem3
698 1993 786 2050 ut
819 1977 967 2073 jam
1013 1979 1415 2047 immissum
1452 1998 1607 2046 esse
1657 1974 1749 2047 ab
1788 2000 1879 2047 eo
1924 1981 2005 2047 (1,
2048 1977 2527 2068 Cornelium,

361 2092 491 2188 qui
543 2112 664 2161 me
709 2089 835 2159 in²
880 2086 1175 2159 sedibus
1211 2086 1429 2174 meis,
1484 2088 1563 2155 in
1608 2100 2007 2184 conspectu
2042 2090 2295 2159 uxoris
2332 2114 2523 2164 meae

359 2224 444 2278 ac
489 2198 892 2275 liberorum
939 2220 1279 2270 meorum
1329 2194 1751 2282 trucidaret,
1792 2194 2277 2270 obliviscerer.
2331 2201 2525 2292 Quae

359 2315 420 2386 si
453 2312 544 2385 de
581 2335 736 2382 uno
767 2334 886 2382 me
915 2310 1345 2406 cogitasset3
1388 2331 1535 2404 qua
1576 2305 1877 2378 mollitia
1898 2303 1927 2350 ³
1966 2331 2131 2378 sum
2173 2308 2407 2381 animi
2438 2337 2525 2384 ac

357 2425 654 2496 lenitate
677 2475 698 2510 ,
739 2441 1144 2516 numquam
1187 2416 1605 2488 mehercule
1635 2416 1829 2488 illius
1864 2416 2200 2513 lacrymis
2236 2443 2323 2490 ac
2354 2445 2527 2519 pre·

361 2531 569 2606 cibus
607 2531 1054 2603 restitissem.
1091 2525 1233 2598 Sed
1251 2580 1271 2614 ,
1316 2550 1549 2624 quum
1586 2526 1768 2604 mihi
1802 2529 2085 2628 patriae,
2129 2553 2367 2627 quum
2400 2557 2530 2606 ve·

361 2699 812 2758 accommodatum,
865 2697 1038 2762 exigua
1084 2697 1355 2761 frequentia
1372 2733 1387 2756 ,
1550 2696 1637 2747 vl.
1688 2713 1734 2746 x.
1792 2700 1923 2762 Quos
1976 2697 2100 2747 mihi
2147 2699 2243 2764 ipsi
2284 2699 2527 2764 secer-at.

363 2781 610 2846 nullisque
627 2779 830 2844 opibus.
860 2777 992 2826 Sulla
1013 2791 1308 2841 quamquam
1324 2776 1390 2825 de
1476 2777 1618 2829 Prior
1643 2781 1768 2825 Ven.
1790 2779 1941 2826 Hei-v.
1968 2779 2166 2828 Manat.
2194 2789 2247 2827 et
2278 2781 2527 2834 laabin,

361 2862 551 2912 ambitu
596 2860 974 2916 condemnatus,
1023 2859 1196 2906 Romae
1237 2859 1389 2906 vitam
1478 2873 1634 2924 «quas
1652 2859 1761 2922 ipse
1786 2856 1908 2906 mihi
1930 2858 2115 2910 fecerat
2126 2879 2169 2906 ι.
2196 2858 2331 2910 cod.
2362 2863 2531 2914 Barb-

363 2945 538 3008 degere
559 2950 769 3008 poterat.
809 2939 936 3004 Lege
967 2939 1131 2988 Baebia
1162 2938 1390 2987 Cornelia
1478 2959 1503 2979 ι
1517 2952 1640 3000 quas
1660 2937 1781 2985 mihi
1800 2937 1905 3002 ipae
1923 2936 2107 2985 fecerat
2120 2959 2162 2986 n.

365 3023 428 3073 de
458 3023 645 3071 ambitu
664 3057 680 3084 ,
717 3021 813 3069 lata
837 3034 968 3067 anno
997 3018 1097 3079 572
1137 3015 1260 3083 (Tit.
1282 3018 1389 3066 Liv.
1550 3030 1603 3064 a.
1634 3015 1853 3064 Lambin.
1882 3015 2087 3066 aedibus.

365 3105 457 3153 11,
475 3138 491 3162 ,
523 3101 646 3170 19),
672 3101 718 3149 ei
737 3101 820 3162 jus
844 3098 1060 3148 adeundi
1083 3099 1391 3162 magistratus
1552 3097 1601 3144 3.
1622 3095 1733 3158 Qua
1748 3094 1975 3146 mollitia.
1996 3097 2095 3144 llic
2118 3096 2171 3144 iu
2188 3094 2377 3146 bonam
2400 3115 2533 3164 par-

363 3193 553 3232 tantum
585 3197 674 3246 per
699 3179 868 3228 decern
889 3193 1044 3228 anuos
1063 3175 1388 3226 adimebatur.
1478 3183 1577 3222 tem
1596 3173 1863 3238 accipitur3
1889 3189 2182 3240 quamquam
2198 3176 2307 3240 ipse
2328 3175 2389 3224 in
2410 3197 2537 3244 pnr-

365 3266 491 3326 Lege
511 3257 774 3326 Calpurnia
798 3257 894 3306 lata
922 3273 1052 3307 anno
1080 3257 1184 3304 686
1203 3292 1220 3317 ,
1257 3254 1391 3304 Sulla
1480 3252 1735 3300 titionibus
1775 3253 2031 3316 oratoriis,
2064 3253 2325 3302 mollitiam
2360 3261 2537 3309 animi

359 3341 572 3407 pecunia
609 3338 844 3387 multatus
882 3346 984 3396 est,
1021 3335 1192 3399 illique
1217 3349 1416 3398 perpe·.
1478 3332 1653 3380 vitium
1681 3347 1807 3390 esse,
1832 3332 1973 3395 quod
1998 3331 2249 3382 lenitatem
2266 3333 2538 3402 imitetur,

361 3433 455 3471 tuo
487 3419 703 3484 publicis
727 3417 1014 3466 muneribus
1049 3413 1386 3486 interdictum.
1478 3411 1689 3461 dixerit:
1720 3433 1745 3452 α
1768 3410 2020 3460 Cernenda
2064 3422 2179 3460 sunt
2228 3411 2540 3483 diligenter,

361 3501 526 3551 Lex'l‘
529 3499 643 3546 ullis
662 3530 679 3558 ‚
719 3514 750 3546 a
781 3496 982 3546 consule
1015 3497 1126 3560 ipso
1151 3495 1390 3544 Cicemne
1476 3507 1541 3542 ne
1568 3491 1738 3542 fallant
1759 3507 1813 3540 ea
1834 3505 1929 3538 uos
1944 3492 2063 3540 vitia
2080 3525 2097 3550 ,
2134 3507 2249 3555 (με
2272 3495 2539 3547 virtutem

361 3581 476 3639 lau,
495 3578 663 3626 decem
681 3573 1130 3624 annorum-addidit
1145 3570 1387 3622 exsilium.
1477 3569 1707 3618 videntur
1726 3570 1920 3619 imitari.
1948 3569 2077 3618 Nam
2102 3580 2153 3619 et
2189 3571 2539 3635 prudenti-m

361 3659 506 3707 Plura
532 3657 646 3706 vide
661 3657 716 3704 in
739 3671 948 3706 exeam
971 3654 1034 3703 de
1050 3655 1262 3702 Roman.
1271 3649 1385 3711 jud.
1477 3646 1685 3699 malitia.
1700 3683 1740 3696 ..
1774 3659 1825 3696 et
1847 3646 2191 3698 liberalitatem
2210 3650 2403 3701 effusio
2426 3691 2447 3716 ,
2490 3671 2541 3709 et

359 3736 393 3803 S
417 3737 626 3802 questio
653 3747 890 3801 perpetua
909 3734 974 3783 de
998 3731 1203 3782 ambitu.
1231 3729 1385 3779 Couf.
1477 3726 1813 3778 fortitudinem
1842 3725 2045 3776 audacia
2076 3729 2321 3794 imitatur,
2350 3745 2411 3783 et
2438 3755 2540 3803 pg-

362 3819 506 3868 etiam
528 3833 624 3884 pro
650 3819 847 3866 Μυκη.
873 3818 902 3865 3
935 3826 987 3864 et
1011 3815 1106 3871 323
1125 3825 1223 3875 pro
1243 3811 1385 3858 Sext.
1476 3805 1697 3855 tieutiam
1724 3805 1900 3854 duritia
1916 3805 2173 3867 imanis,
2203 3820 2255 3857 et
2264 3810 2543 3870 iustiti-m

359 3913 470 3964 cap.
489 3899 587 3958 543
621 3897 676 3946 in
696 3897 866 3945 Vatia.
892 3909 1005 3958 cap.
1040 3892 1124 3952 15,
1157 3899 1208 3937 et
1235 3887 1387 3938 Dion.
1478 3885 1744 3944 acerbitas,
1772 3895 1821 3934 et
1836 3884 2122 3948 religionem
2134 3891 2471 3959 superstitio,
2490 3911 2543 3948 et

357 3979 491 4028 Cass.
517 3977 801 4036 xxxm,
827 3990 914 4038 ²9·
1477 3965 1728 4014 leuitatem
1750 3963 1955 4012 mollitia
1976 3964 2155 4023 miani,
2188 3977 2238 4016 et
2272 3983 2541 4028 vm.

433 4074 512 4108 ιο.
552 4055 974 4107 amavorum.
1012 4053 1384 4100 namnetorum.
1480 4045 1611 4094 diam
1624 4043 1865 4092 temeritas
1879 4074 1897 4100 ,
1910 4051 2001 4092 ete.
2028 4061 2051 4086 a
