2594 4537
547 312 942 379 ORATIO
994 312 1205 378 PRO
1260 312 1414 381 CN.
1466 313 1956 381 PLANCIO.
2180 305 2318 403 587

276 432 553 518 Nolite,
591 430 911 525 judices,
948 455 1080 529 per
1107 456 1269 519 VOS,
1313 456 1444 529 per
1479 431 1808 504 fortunas
1839 445 2144 515 vestras,
2191 456 2322 527 per

2 590 11 631 ³
172 541 448 616 liberos
491 538 853 628 vestrosss,
896 542 1205 611 inimicis
1236 544 1453 629 meiS,
1499 542 1610 613 his
1646 540 2082 640 praesertim,
2135 562 2324 635 quos

181 677 320 749 ego
349 676 485 750 pro
523 666 759 723 vestra
800 650 1031 721 salute
1068 654 1390 749 suscepi,
1427 650 1596 723 dare
1632 652 1982 737 laetitiam,
2018 649 2324 747 glorian·

183 759 388 833 tibus
412 786 545 833 vos
570 762 719 857 jam
748 759 1016 833 oblitos
1048 764 1185 831 mei
1207 818 1225 851 ‚
1266 762 1659 863 salutisque
1686 760 1840 855 ejus
1862 816 1881 847 ,
1920 784 1960 829 a
1988 783 2135 855 quo
2163 783 2326 829 mea

187 870 379 943 salus
414 885 833 943 conservata
864 885 1004 957 est,
1040 870 1285 943 hostes
1325 873 1694 949 exstitisse.
1731 870 1974 943 Nolite
2002 870 2326 939 animum

184 1006 431 1053 meum
476 980 851 1053 debilitare
889 996 1045 1051 tum
1088 980 1286 1053 luctu
1316 1036 1335 1064 ,
1391 997 1550 1053 tum
1603 984 1834 1055 etiam·
1871 994 2072 1051 metu
2128 1003 2327 1049 com-

184 1106 477 1163 mutatae
519 1106 769 1163 vestrae
806 1092 1195 1165 voluntatis
1238 1119 1406 1191 erga
1453 1119 1567 1165 me
1606 1122 1621 1164 ε
1678 1096 1888 1166 sinite
1922 1117 2082 1179 me,
2129 1090 2328 1189 quod

186 1200 396 1273 vobis
439 1200 665 1273 fretus
719 1201 889 1273 h'uic
939 1225 1125 1300 soepe
1184 1206 1524 1301 promisi,
1587 1204 1661 1275 id
1693 1231 1736 1275 a
1775 1202 1982 1273 vobis
2014 1204 2131 1271 ei9
2163 1225 2331 1299 per-

188 1311 489 1383 solvere.

287 1424 570 1516 Teque,
606 1421 683 1490 C.
714 1420 935 1509 Flavi,
970 1446 1102 1493 oro
1130 1437 1203 1493 et
1236 1422 1596 1513 obtestor,
1641 1426 1768 1521 qui
1793 1446 2122 1494 meorum
2157 1446 2330 1492 con-

192 1531 518 1602 siliorum
556 1533 631 1601 in
669 1532 1053 1604 consulatu
1083 1534 1321 1605 socius
1347 1589 1366 1623 ‚
1417 1534 1905 1631 periculorum
1942 1535 2334 1631 particep5‚

191 1665 481 1729 rerum,
535 1665 715 1738 quas
752 1644 973 1738 gessi,
1026 1644 1317 1739 adjutor
1355 1642 1588 1732 fuisti,
1625 1668 1890 1741 meque
1929 1666 2080 1713 non
2114 1639 2337 1710 modo

193 1750 468 1823 salvum
536 1775 852 1850 semper,
900 1753 1024 1843 sed
1092 1755 1304 1823 etiam
1353 1770 1690 1827 ornatum
1727 1753 2337 1848 ,florentemque

197 1886 353 1935 esse
391 1860 682 1933 voluisti
718 1889 752 1931 ε.
796 1877 879 1934 ut
921 1862 1098 1933 mihi
1160 1888 1292 1961 per
1349 1863 1484 1935 hos
1539 1888 1920 1935 conserves
1959 1887 2158 1948 eum,
2209 1883 2340 1957 per
2407 1944 2419 1949 ,

198 1996 422 2069 quem
460 1995 577 2042 me
615 1970 751 2041 tibi
796 1987 869 2043 et
905 1971 1017 2043 his
1052 1989 1552 2044 conservatum
1585 1974 1802 2045 videS.
1848 1974 2062 2044 Plura
2099 1996 2192 2041 ne
2236 1969 2340 2040 di-

198 2106 397 2169 cam,
445 2096 581 2152 tuae
613 2106 731 2153 me
781 2087 997 2154 etiam
1039 2082 1368 2179 lacrymae
1413 2084 1854 2181 impediunt,
1915 2097 2344 2177 vestraeque,

194 2190 479 2290 judices
502 2246 523 2281 ,
562 2215 714 2263 non
739 2192 973 2263 solum
1004 2217 1179 2264 meae
1200 2184 1504 2291 z'quibus
1533 2220 1707 2293 eg0,
1743 2218 2009 2292 magno
2038 2196 2114 2262 in
2143 2204 2344 2261 metu

202 2311 477 2388 me010,
520 2301 762 2374 subito
799 2302 1109 2374 inducor
1152 2309 1226 2373 in
1269 2329 1472 2402 spem
1498 2359 1518 2394 ,
1574 2329 1704 2376 vos
1741 2304 2032 2377 eosdem
2086 2304 2160 2372 in
2205 2301 2344 2373 hoc

206 2411 708 2484 conservando
724 2411 1043 2501 futurOS,
1070 2416 1197 2510 qui
1222 2412 1500 2485 fueritis
1526 2419 1604 2485 in
1622 2439 1782 2502 me3
1817 2415 2162 2512 quoniam
2194 2412 2346 2482 istis

202 2523 459 2594 vestris
490 2523 898 2620 lacrymis¹¹
942 2523 1033 2594 de
1057 2523 1195 2594 illis
1223 2525 1598 2614 recordor,
1623 2550 1803 2623 quas
1833 2548 1968 2623 pro
1999 2549 2118 2595 me
2164 2546 2347 2620 saepe

206 2647 285 2704 et
312 2632 621 2703 multum
656 2631 1098 2730 profudistis

284 2801 336 2850 8.
366 2800 521 2848 Abest
550 2811 741 2848 vostros
774 2800 826 2848 iu
859 2799 1023 2849 multis
1060 2800 1232 2848 editio-

1329 2818 1438 2850 rum
1467 2802 1841 2851 fortissimorum
1865 2801 2046 2849 millia?
2063 2800 2185 2864 quid
2201 2801 2356 2848 nostri

211 2878 381 2928 nibus.
408 2881 458 2928 J.
478 2882 542 2926 V.
567 2880 621 2928 L.

1323 2883 1512 2944 equites
1556 2882 1778 2930 romani?
1817 2881 1938 2945 quid
1977 2881 2202 2928 senatus?
2232 2881 2354 2942 quid

284 2973 337 3021 9.
365 2957 431 3005 Id
446 2974 481 3004 a
502 2957 647 3006 ‘vobis
664 2957 712 3006 ei
720 2957 1007 3022 persolvere.
1032 2955 1237 3020 Elegan-

208 3049 289 3085 ter
314 3053 343 3083 s
370 3052 422 3084 re
446 3036 721 3100 pecuniaria
745 3050 759 3084 τ
798 3037 851 3083 in
877 3053 973 3099 qus
1002 3056 1025 3079 ι
1050 3035 1237 3084 solvere

210 3115 277 3163 ab
294 3114 461 3178 aliquo
489 3115 667 3163 dicitur
684 3137 728 3175 n,
752 3130 903 3178 quum
926 3131 1029 3162 non
1052 3115 1159 3182 ipse
1178 3131 1242 3163 ex

211 3210 326 3242 arcs
360 3210 474 3255 sua,
512 3194 597 3242 sed
636 3211 697 3242 ex
723 3193 919 3242 alterius
948 3194 1126 3254 solvit,
1154 3209 1243 3258 pet

213 3273 601 3333 attributionem,
620 3274 740 3333 sive,
758 3285 817 3322 ut.
837 3290 928 3322 nos
946 3273 1093 3337 vulgo
1120 3273 1241 3320 dici-

214 3368 329 3400 mus
344 3389 357 3410 ‚
374 3369 461 3416 per
487 3353 871 3417 assignationem.
898 3353 1013 3401 Vid.
1034 3351 1168 3417 Clsg.
1190 3351 1243 3398 in

213 3431 414 3479 solvere.
489 3433 760 3480 Pel-solvere
778 3466 796 3489 ,
848 3432 917 3480 sic
970 3433 1117 3482 etism
1138 3427 1151 3442 ⁸
1172 3441 1245 3478 est

216 3509 423 3570 Flacco,
454 3526 538 3560 20.

294 3603 377 3637 10.
403 3589 587 3654 Magno
613 3587 663 3636 in
692 3600 819 3637 metu
849 3605 969 3636 meo.
992 3591 1156 3652 Quum
1183 3587 1244 3637 de

214 3667 407 3716 Plancii
430 3669 580 3715 salute
600 3668 905 3715 vehementer
928 3669 1136 3716 timeam.

297 3763 319 3794 1
332 3761 355 3791 1
367 3782 389 3814 ,Ι
408 3746 523 3793 Istis
543 3745 721 3793 vestris
740 3745 985 3809 lacrymis.
1008 3747 1173 3808 Quum
1193 3749 1247 3794 in

218 3825 446 3874 exsilium
488 3825 736 3888 profectus
777 3837 875 3884 est3
918 3826 977 3874 de
1016 3842 1117 3889 quo
1155 3843 1246 3890 pro

220 3903 414 3962 Domo,
441 3917 548 3966 cap.
566 3918 662 3954 n:
700 3926 724 3946 α
746 3904 881 3967 Quid
901 3903 983 3951 ills
1014 3913 1087 3952 tot
1114 3905 1246 3952 viro-

1326 2959 1537 3024 denique
1557 2977 1723 3008 omnes
1743 2960 1861 3008 boni
1875 2961 1897 3006 Ρ
1915 2959 1966 3008 Si
1983 2959 2114 3007 nulls
2137 2968 2239 3005 eret
2257 2959 2353 3017 vis,

1327 3053 1415 3085 cur
1439 3055 1516 3086 me
1537 3037 1707 3088 flentes
1727 3023 1892 3103 potius
1910 3039 2196 3102 prosequuti
2209 3047 2324 3084 sunt
2337 3063 2352 3088 ν

1329 3133 1472 3180 qusm
1520 3127 1605 3165 sut
1656 3119 1960 3181 increpantes
2013 3118 2316 3164 retinuerunt
2339 3151 2355 3177 ,

1329 3207 1414 3243 sut
1449 3197 1560 3243 irati
1602 3197 1931 3260 reliquerunt?
1957 3217 1982 3237 n
2001 3195 2174 3258 Neque
2200 3195 2359 3242 solum

1331 3285 1435 3322 tum
1476 3273 1717 3322 fleverunt
1736 3309 1751 3334 ,
1797 3291 1948 3338 quum
1991 3275 2162 3323 Cicero
2207 3274 2356 3322 abiit,

1331 3369 1498 3401 verum
1547 3355 1690 3402 etism
1743 3369 1872 3417 soepe
1913 3364 2020 3401 toto
2066 3353 2359 3402 discriminis

1331 3432 1464 3480 illius
1515 3433 1810 3480 acerbissimi
1860 3444 2092 3496 tempore.
2129 3432 2228 3482 Sed
2273 3432 2361 3496 qui

1336 3525 1446 3557 eum
1493 3511 1722 3568 retinere,
1754 3521 1898 3574 stque
1941 3526 2224 3558 conservare
2256 3526 2361 3559 non

1338 3600 1636 3651 potuerunt,
1661 3590 1809 3638 iidem
1833 3589 2085 3638 Plancium
2115 3602 2362 3654 poterant.

1334 3667 1444 3714 Dici
1471 3683 1586 3732 ergo
1611 3671 1807 3732 nequit,
1841 3685 1930 3716 vos
1965 3669 2211 3717 Plancium
2239 3685 2364 3717 con-

1334 3757 1641 3806 servaturos,
1669 3757 1725 3794 ut
1767 3765 1846 3797 me
1886 3749 2242 3807 conservastis,
2275 3749 2362 3796 sed

1335 3835 1390 3873 ut
1417 3841 1494 3872 mc
1515 3831 1798 3875 οοηοοτύατο
1819 3827 2061 3886 voluistis,
2077 3828 2152 3875 vel
2173 3828 2361 3893 potius,

1337 3915 1392 3953 ut
1418 3920 1494 3952 me
1521 3905 1814 3953 restituistis.

767 4025 1818 4054 —-—-—-—-——-——-————-—
