2594 4537
693 276 1088 345 ORATIO
1135 277 1345 345 PRO
1393 278 1808 347 ARCHIA.
2186 306 2309 353 ποι

263 400 398 465 IV.
430 384 506 465 si
533 395 718 467 nihil
742 396 934 469 aliud
957 453 976 486 ‚
1010 399 1145 469 nisi
1173 398 1262 469 de
1289 399 1571 471 civitate
1597 424 1681 471 ac
1704 400 1860 498 lege
1886 412 1905 445 ¹
1929 456 1948 489 ,
1978 402 2315 495 dicimuS‚

174 503 364 575 nihil
409 504 575 575 dico
619 506 972 605 amplius:
1011 532 1219 580 causa
1257 508 1446 580 dicta
1478 522 1652 581 est².
1707 511 1901 603 Quid
1938 516 2133 585 enim
2180 516 2317 589 ho-

171 640 338 684 rum
379 614 766 704 infirmari,
801 616 1054 687 Grati³
1071 673 1090 706 ‚
1141 620 1430 717 potest?
1468 620 1919 693 Heracleaene
1968 647 2120 695 esse
2161 640 2313 696 tum

174 726 628 825 adscriptum
658 724 1003 824 negabis?
1035 727 1251 800 Adest
1293 730 1403 799 vir
1440 715 1723 801 summa
1757 734 2212 821 auctoritate,
2249 748 2322 805 et

172 836 570 933 religione,
617 852 691 909 et
724 835 892 925 fide,
933 840 1028 908 M.
1049 839 1474 928 Lucullus⁴‚
1518 842 1645 937 qui
1688 864 1763 911 se
1802 866 1957 911 non
2002 844 2325 941 opinari,

173 946 303 1017 sed
337 947 557 1035 scire3
597 971 748 1018 non
783 946 1171 1036 audivisse,
1207 950 1336 1021 sed
1364 949 1625 1022 vidisse
1651 976 1670 1037 ;
1696 975 1847 1020 non
1868 950 2276 1026 interfuisse
2300 1010 2319 1043 ‚

175 1055 306 1127 sed
333 1057 562 1154 egisse
581 1056 774 1128 dicit.
793 1059 1076 1129 Adsunt
1097 1059 1604 1131 Heracleenses
1627 1060 1874 1156 legati,
1892 1060 2322 1134 nobilissimi

175 1167 568 1241 homines:
607 1168 826 1263 hujus
845 1168 1097 1264 judicii
1121 1193 1368 1259 causa,
1407 1194 1574 1241 cum
1608 1170 2001 1260 mandam,
2039 1186 2113 1243 et
2150 1197 2318 1243 cum

175 1274 477 1373 publico
522 1279 940 1348 testimonio
989 1294 1395 1368 venerunt3
1457 1282 1584 1377 qui
1628 1279 1827 1351 hunc
1876 1279 2335 1403 adscriptum'

172 1385 726 1458 Heracleensem
763 1385 1031 1458 dicunt.

271 1495 414 1567 Hic
449 1510 530 1566 tu
575 1492 857 1567 tabulas
892 1495 1252 1569 desideras
1275 1495 1307 1541 ⁵
1338 1498 1923 1571 Heracleensium
1958 1501 2318 1599 publicas;

172 1630 358 1701 quas
409 1604 657 1675 Italico
701 1604 900 1678 bello
927 1662 947 1694 ‚
1004 1609 1301 1680 incenso
1349 1608 1701 1681 tabulario
1728 1664 1747 1703 ,
1804 1612 2131 1684 interisse
2182 1615 2315 1684 sci-

171 1738 338 1785 mus
379 1738 658 1785 omnes.
695 1720 820 1787 Est
884 1717 1264 1789 ridiculum
1295 1774 1315 1807 ‚
1365 1719 1456 1790 ad
1501 1746 1583 1792 ea
1608 1777 1627 1810 ‚
1687 1747 1848 1819 quae
1912 1720 2265 1794 habemus
2296 1780 2316 1814 ,

171 1825 355 1897 nihil
391 1825 668 1910 dicere,
703 1850 1068 1924 quaerere,
1106 1852 1266 1925 quae
1296 1828 1565 1902 habere
1601 1856 1750 1903 non
1788 1855 2206 1929 possumus3
2242 1849 2315 1904 et

171 1937 262 2009 de
299 1935 733 2008 hominum⁶
769 1942 1116 2010 memoria
1153 1952 1390 2011 tacere
1412 1996 1431 2025 ‚
1458 1941 1855 2013 literarum⁷
1892 1945 2313 2015 memoriam

175 2048 531 2144 flagitare3
577 2065 686 2139 et,
717 2075 948 2147 quum
976 2050 1241 2122 habeas
1255 2052 1670 2149 amplissimi
1693 2052 1829 2120 viri
1854 2051 2276 2149 religionem
2294 2107 2313 2141 ‚

175 2158 620 2257 integerrimi
642 2162 1018 2259 municipii
1046 2160 1553 2257 jusjurandum
1573 2158 1940 2256 fidemque
1958 2215 1977 2250 ,
2006 2185 2123 2247 ea,
2151 2188 2313 2258 quae

173 2267 552 2367 depravari
609 2270 812 2342 nullo
871 2270 1094 2344 modo
1145 2286 1485 2370 possunt,
1524 2268 1943 2367 repudiare3
1988 2270 2265 2344 tabulas
2295 2329 2314 2360 ‚

173 2404 356 2474 quas
401 2377 592 2451 idem
631 2379 812 2452 dicis
847 2382 1079 2453 solere
1114 2385 1523 2478 corrumpi,
1564 2378 1992 2453 desiderare.

271 2494 367 2560 At
429 2489 877 2562 domicilium
945 2486 1238 2562 Romae⁸
1309 2516 1463 2561 non
1524 2489 1831 2562 habuit
1814 2517 1874 2562 1s
1894 2501 1949 2581 9,
1994 2496 2162 2590 qui,
2204 2508 2315 2565 tot

174 2605 382 2672 annis
411 2615 580 2671 ante
614 2603 974 2672 civitatem
1009 2581 1280 2691 datam,
1315 2601 1555 2674 sedem
1596 2607 1922 2673 omnium
1950 2628 2195 2675 rerum
2231 2628 2313 2676 ac

174 2708 633 2784 fortunarum
661 2735 952 2783 suarum
985 2716 1234 2784 Romae
1261 2711 1634 2783 collocavit
1652 2713 1680 2782 P
1698 2717 1793 2784 At
1819 2738 1970 2785 non
2006 2729 2115 2786 est
2142 2738 2311 2813 pro-

246 2927 336 2973 lv.
365 2943 388 2973 ι
401 2963 411 2972 .
437 2929 581 2992 Lege.
601 2927 684 2974 An
703 2926 786 2974 lex
803 2925 886 2974 illa
905 2927 959 2974 in
976 2925 1202 2974 Archiam

175 3007 466 3066 conveniat,
495 3015 552 3053 ut
578 3007 641 3053 sit
665 3006 776 3066 jure
799 3005 919 3053 civis
945 3021 1204 3066 romanus3

175 3095 226 3131 et
245 3097 410 3133 utrum
433 3099 550 3132 vere
569 3085 740 3132 civitas
760 3083 1093 3133 Heracleensis
1112 3087 1202 3132 Ar-

177 3163 291 3212 chiae
317 3165 384 3212 sit
409 3179 663 3212 concesse.

245 3259 292 3291 2.
323 3243 484 3291 Causa
502 3241 642 3290 dicta
662 3253 750 3290 est.
779 3243 1012 3289 Oratione
1029 3251 1194 3289 nostre

177 3323 334 3369 omnia
353 3321 601 3387 complexi
623 3337 813 3384 sumus,
827 3330 1062 3368 transacta
1081 3329 1196 3368 sunt

177 3416 355 3448 omma.

251 3481 299 3527 3.
322 3479 480 3528 Grati.
495 3479 600 3529 Alii
619 3477 852 3538 Grac-che,
871 3478 1010 3544 quod
1028 3479 1198 3526 desen-

177 3555 254 3604 dit
276 3558 485 3621 ngenius
502 3593 518 3617 ,
543 3571 594 3608 et
621 3559 908 3608 Numerium
936 3558 1194 3621 Quintium

177 3636 443 3684 Gracchum
473 3637 704 3702 intelligit
721 3671 736 3696 ,
765 3637 852 3702 qui
877 3636 1101 3684 tribuum
1125 3635 1195 3701 pl.

181 3713 273 3762 suit
293 3729 350 3763 eo
370 3731 502 3764 anno
521 3731 624 3780 quo
647 3716 819 3764 Cicero
839 3717 1088 3763 restitutus
1107 3725 1194 3762 est.

251 3803 301 3850 4.
336 3795 406 3842 u.
447 3795 702 3843 Lucullus.
744 3795 842 3856 Qui
883 3794 1031 3843 frater
1063 3793 1196 3841 inim

180 3875 235 3919 1..
290 3873 476 3922 Luculli
522 3885 630 3923 erat
652 3908 668 3933 ‚
723 3874 864 3934 cuius
915 3873 1206 3922 anctoritate

181 3953 540 4006 Heracleensem
575 3955 824 4006 civitatem
861 3965 963 4002 erat
1002 3954 1210 4018 adeptus

185 4033 396 4083 ambias.

1359 2927 1407 2975 5.
1432 2925 1554 2974 cod.
1574 2925 1691 2973 Maii
1709 2926 2061 2974 Ambrosianus
2076 2960 2091 2986 ,
2116 2926 2312 2976 desido-

1282 3021 1373 3053 κε.
1399 3005 1447 3052 J.
1466 3007 1534 3054 V.
1563 3006 1617 3052 1..

1354 3085 1405 3132 6.
1446 3083 1727 3131 Hominum.
1768 3085 1870 3146 Qui
1900 3084 2177 3132 testimonio
2213 3087 2308 3134 Ar-

1283 3163 1440 3211 chiam
1466 3164 1622 3210 civem
1644 3163 1789 3210 sulcze
1810 3178 1952 3210 suum
1970 3160 2231 3212 affirmant.

1356 3259 1405 3302 7.
1451 3241 1719 3290 literarum
1761 3241 2059 3290 memoriam.
2100 3242 2311 3293 Tabulas

1282 3322 1414 3386 ipsas
1435 3337 1549 3369 cum
1573 3308 1787 3369 'clamore
1810 3333 2037 3385 poscunt.

1356 3402 1405 3448 8.
1423 3400 1507 3449 Al.
1532 3411 1645 3464 post
1658 3399 1874 3448 Lambin.
1888 3399 2059 3464 legunt
2072 3399 2122 3446 in
2136 3399 2289 3448 Italia
2302 3439 2312 3450 .

1283 3481 1430 3527 Forte
1452 3491 1710 3543 utrumque
1732 3479 2077 3534 omittendum,
2109 3490 2310 3528 auctore

1284 3557 1469 3606 Tollio.
1495 3560 1544 3606 J.
1567 3560 1627 3605 V.
1655 3561 1710 3604 L.

1358 3640 1495 3700 9.15.
1516 3637 1721 3684 Beckius
1739 3650 1941 3685 auctore
1960 3635 2147 3700 ngenio
2167 3637 2312 3685 inter-

1283 3717 1515 3781 punxit«
1490 3731 1634 3763 «non
1667 3715 1856 3762 habuit.
1894 3719 1973 3774 15,
2006 3716 2116 3778 qui,
2144 3727 2243 3764 etc.

1291 3799 1360 3844 ita
1391 3807 1447 3843 ut
1475 3795 1626 3860 prima
1656 3795 1842 3858 phrasis
1868 3793 2083 3854 objectio
2112 3794 2200 3853 sit,
2232 3795 2314 3864 cui

1293 3873 1589 3938 respondeat
1656 3873 1845 3922 Cicero.
1907 3875 2089 3921 Verum
2156 3857 2314 3922 multo

1295 3954 1475 4002 rectius
1502 3964 1603 4002 tota
1630 3951 1903 4036 periodus·
1886 3954 2073 4002 ironice
2097 3967 2319 4016 pronun-

1297 4034 1461 4082 tianda
1484 4033 1692 4083 videtur.
