2594 4537
317 248 460 321 368
963 250 1064 317 Μ.
1116 250 1194 317 Τ.
1249 244 1813 319 CICERONIS

313 398 468 447 esse
517 372 821 458 dicatur,
873 369 1098 441 audes
1149 394 1417 468 negare
1460 370 1555 443 de
1610 368 1785 443 caelo
1842 393 1997 441 esse
2046 368 2469 439 servatum?

311 482 538 554 Adest
580 502 890 580 praesens
932 482 1042 549 vir
1075 480 1421 577 singulari
1458 485 1726 552 virtute
1751 534 1773 569 ,
1820 481 2263 567 constantia,
2302 504 2467 578 gra·

309 598 532 665 vitate
575 589 955 690 praeditus,
991 594 1088 661 Μ.
1123 589 1442 663 Bibulus.
1478 596 1691 662 Hunc
1728 591 2107 663 consulem
2143 589 2267 659 illo
2306 591 2467 687 ipso

311 705 431 777 die
473 700 843 775 contendo
883 725 1198 773 servasse
1233 700 1327 773 de
1372 702 1567 773 caelo.
1620 700 1919 772 Infirma
1956 715 2125 772 sunt
2149 696 2179 741 ⁵
2210 701 2465 796 igitur,

314 831 442 887 tua
463 816 820 885 sententia
839 809 898 899 ⁶,
916 828 1076 885 acta
1093 815 1174 884 C.
1201 814 1494 913 Caesaris
1509 866 1531 902 ,
1550 813 1682 884 viri
1701 810 2115 884 fortissimi?
2136 812 2457 881 Minime.

311 930 568 1023 Neque
605 924 800 995 enim
839 948 998 996 mea
1020 924 1166 1019 jam
1200 922 1607 1022 quidquam
1642 924 1979 1011 interest,
2008 926 2329 1019 exceptis
2358 921 2461 991 his

317 1036 476 1110 telis
493 1048 546 1122 ⁷,
585 1060 746 1133 quae
785 1060 874 1107 ex
923 1034 1116 1105 illius
1158 1034 1573 1107 actionibus
1618 1037 1695 1105 in
1734 1058 1981 1106 meum
2018 1058 2285 1131 corpus
2329 1034 2461 1102 im-

315 1150 526 1220 missa
565 1161 756 1218 sunt.
796 1144 936 1217 Sed
971 1144 1126 1217 haec
1165 1143 1256 1217 de
1294 1146 1664 1243 auspiciiS,
1712 1168 1876 1242 quae
1907 1168 2039 1241 ego
2074 1166 2271 1213 nunc
2303 1166 2461 1239 per-

317 1256 640 1329 breviter
669 1259 950 1355 attingo
970 1309 990 1342 ,
1023 1272 1179 1328 acta
1209 1270 1381 1327 sunt
1414 1281 1457 1328 a
1490 1269 1585 1326 te.
1618 1258 1727 1325 Tu
1748 1308 1768 1340 ‚
1805 1269 1937 1326 tuo
1974 1254 2457 1352 praecipitante

312 1370 498 1466 jam,
549 1382 622 1439 et
675 1366 1052 1438 debilitato
1091 1365 1507 1455 tribunatu,
1544 1360 2082 1463 auspiciorum⁸
2117 1378 2459 1462 patronus

321 1477 566 1552 subito
597 1478 972 1567 exstitisti;
998 1491 1080 1549 tu
1107 1480 1203 1548 M.
1234 1475 1571 1549 Bibulum
1605 1478 1683 1545 in
1718 1476 2189 1561 concionem,
2224 1490 2303 1544 tu
2336 1498 2455 1543 au-

318 1614 534 1687 gures
573 1586 1000 1686 produxisti.
1053 1592 1156 1657 Te
1201 1588 1693 1682 interrogante
1730 1608 2041 1683 augures
2074 1583 2457 1683 responde·

320 1711 535 1783 runt,
583 1721 811 1793 quum
865 1695 956 1767 de
1011 1696 1184 1767 caelo
1235 1710 1594 1767 servatum
1640 1696 1768 1782 sit,
1822 1719 1989 1766 cum
2034 1695 2315 1794 populo
2352 1694 2455 1791 agi

321 1832 473 1879 non
505 1829 740 1903 posse.
779 1804 942 1876 Tibi
973 1810 1072 1876 M.
1105 1804 1408 1885 Bibulus
1436 1806 1825 1903 quaerenti,
1860 1828 1936 1877 se
1975 1805 2067 1877 de
2106 1805 2284 1878 caelo
2316 1830 2448 1877 ser-

321 1942 520 1990 vasse
543 1973 562 2007 ,
600 1917 1012 2015 respondit3
1059 1916 1403 2015 idemque
1436 1919 1513 1988 in
1548 1916 1900 1989 concione
1942 1916 2121 1987 (lixit
2144 1971 2163 2002 ‚
2198 1916 2291 1988 ab
2318 1921 2451 2014 Ap-

321 2031 446 2128 pio
471 2084 490 2119 ‚
537 2024 755 2099 fratre
795 2042 962 2116 tu0,
1002 2026 1407 2126 productus
1430 2084 1449 2118 ,
1481 2043 1554 2100 te
1591 2029 1896 2099 omnino
1921 2083 1939 2115 ,
1976 2026 2183 2126 quod
2218 2042 2451 2100 contra

319 2142 636 2238 auspicia
668 2138 1052 2238 adoptatus
1085 2164 1314 2227 esses,
1356 2139 1735 2210 tribunum
1775 2137 2008 2236 plebis
2042 2164 2199 2209 non
2228 2138 2446 2210 fuisse.

321 2254 474 2322 Tua
506 2248 825 2348 denique
852 2252 1088 2322 omnis
1119 2250 1307 2322 actio
1338 2246 1865 2349 posterioribus
1893 2247 2267 2322 mensibus
2296 2248 2445 2320 fuit:

324 2361 611 2465 omnia,
663 2386 826 2456 quae
886 2366 961 2433 C.
1018 2364 1252 2434 Caesar
1300 2363 1556 2460 egisset
1580 2417 1599 2448 ‚
1651 2387 1814 2459 quae
1858 2376 2111 2434 contra
2152 2362 2451 2462 auspicia

325 2485 566 2543 essent
603 2486 758 2541 acta
780 2526 799 2556 ‚
844 2494 979 2568 per
1023 2488 1352 2543 senatum
1394 2471 1701 2545 rescindi
1744 2486 2117 2570 oportet-(33
2164 2471 2366 2570 quod
2400 2471 2450 2541 si

323 2579 566 2667 fieret,
599 2579 916 2672 dicebas,
960 2596 1032 2653 te
1061 2585 1202 2654 tuis
1235 2583 1560 2656 humeris
1587 2607 1705 2656 me
1741 2582 2116 2655 custodem
2156 2582 2354 2654 urbis
2385 2582 2449 2650 in

324 2689 588 2762 urbem
641 2692 1062 2764 relaturum.
1116 2691 1375 2766 Videte
1426 2694 1743 2767 hominis
1796 2696 2227 2784 amentiam,
2288 2691 2447 2766 uhi⁹

326 2953 521 3002 comitia
547 2955 916 3019 impedirentur,
928 2955 1058 3004 Vide
1079 2957 1190 3008 Ind.
1205 2957 1353 3022 Legg'.
1444 2958 1567 3007 dnm
1581 2993 1597 3018 ,
1630 2969 1867 3008 monente
1898 2954 2145 3018 Gruteru,
2178 2975 2241 3006 ne
2282 2955 2451 3022 aliquid

328 3033 392 3084 ad
416 3035 572 3099 legem
597 3035 798 3094 Elium,
827 3045 876 3083 et
903 3034 965 3084 de
993 3036 1110 3086 niv.
1135 3041 1206 3098 11,
1231 3040 1317 3085 18.
1442 3037 1607 3086 mendi
1634 3038 1797 3086 lateat.
1819 3039 1869 3087 J.
1883 3040 1948 3086 V.
1970 3039 2026 3086 L.

401 3122 448 3169 4.
485 3115 592 3161 Lex
626 3115 837 3162 curiata.
871 3114 1032 3164 Juliu-
1071 3117 1238 3167 Caesnr
1277 3117 1353 3165 le-

1516 3133 1565 3178 7.
1588 3117 1819 3182 Exceptis
1836 3117 1914 3166 lu's
1935 3116 2057 3166 telis.
2094 3117 2157 3165 Id
2180 3127 2253 3164 est
2268 3149 2283 3176 ,
2316 3130 2449 3180 quun

327 3209 436 3258 gem
461 3195 670 3242 comitiis
697 3195 896 3243 curiatis
917 3193 1118 3256 tulerat,
1149 3207 1205 3245 ut
1229 3198 1351 3247 Clo·
1435 3197 1535 3258 idm
1554 3197 1854 3262 exceperim,
1880 3211 2033 3262 quum
2048 3197 2149 3258 jam
2169 3195 2289 3244 mihi
2304 3195 2448 3259 impo-

333 3272 469 3321 dium
494 3290 521 3321 a
557 3273 756 3338 plebeio
791 3275 1014 3340 adoptari
1051 3277 1233 3334 liceret.
1269 3279 1351 3326 Sic

329 3352 392 3400 de
403 3352 633 3404 Provine.
669 3354 912 3403 consular.
937 3376 960 3398 ι
977 3357 1198 3404 Oblitine
1215 3367 1353 3406 erant

329 3441 458 3490 tum,
489 3447 641 3496 quum
679 3431 787 3490 ine,
831 3434 998 3497 quiid
1027 3446 1215 3500 egerat,
1249 3436 1357 3501 ple-

327 3510 470 3561 beius
497 3523 569 3560 eet
592 3512 697 3576 lege
725 3513 909 3560 curiata
947 3513 1135 3578 factus,
1171 3515 1269 3563 dici
1292 3516 1355 3564 de

329 3590 451 3640 calo
469 3607 572 3641 eene
595 3601 836 3640 servatum
857 3593 880 3640 Ρ
917 3613 940 3635 ι

401 3671 452 3719 5.
499 3669 710 3738 Infirma
753 3683 868 3719 stent
909 3671 1080 3738 ι’ςιειιν.
1128 3673 1357 3734 obiectio

329 3749 494 3798 Clodii
506 3783 521 3807 ,
540 3767 636 3814 qu·
653 3750 880 3800 Ciceroni
899 3751 1102 3804 Cauris
1121 3751 1356 3800 invidiam

327 3829 582 3878 conciliat.

397 3905 447 3956 6.
469 3908 626 3957 Abest
661 3911 908 3960 sententies
942 3927 972 3958 a
1000 3910 1140 3959 libris
1165 3920 1357 3958 vetuste

323 3985 454 4034 cusis
485 3997 535 4035 et
567 3987 792 4054 pluribus
817 3989 964 4040 MSS.
981 3991 1154 4052 Itaque
1182 3989 1354 4038 viden-

1440 3277 1535 3324 εἰει
1557 3277 1654 3325 tint
1676 3276 1893 3326 vulnera.

1514 3356 1565 3405 8.
1596 3355 1944 3420 Ampio-iorum
1962 3367 2227 3421 pannus.
2264 3355 2331 3404 Ut
2358 3366 2449 3418 qna

1444 3435 1607 3486 Coesnr
1628 3447 1797 3484 contra
1816 3436 2035 3500 auspicia
2052 3435 2231 3498 egisset
2244 3469 2259 3492 ,
2288 3435 2447 3482 rescin-

1442 3515 1600 3564 deres.
1636 3517 1799 3577 Hujus
1845 3526 2009 3564 nutem
2056 3515 2127 3564 rei
2160 3530 2349 3562 eausam
2380 3527 2447 3560 ex·

1444 3593 1589 3658 ponit
1614 3594 1667 3640 in
1692 3609 1747 3641 ea
1795 3593 1857 3642 de
1898 3596 2116 3657 Harusp.
2156 3609 2285 3658 resp.
2318 3605 2447 3656 quun

1444 3683 1637 3720 senatus
1674 3689 1777 3722 aeae
1808 3674 1973 3722 nimiu
2012 3674 2219 3722 Cauris
2246 3671 2448 3738 potentie

1446 3767 1697 3816 opponere
1718 3753 1973 3817 cepisset,
2000 3762 2107 3802 tum
2128 3753 2353 3802 Clodium
2374 3765 2445 3798 sn·

1444 3833 1553 3880 bito
1578 3847 1630 3880 se
1656 3834 1701 3880 ei
1729 3831 2030 3892 venditasse,
2068 3843 2123 3880 et
2146 3831 2203 3880 in
2224 3829 2447 3880 concioni·

1442 3909 1537 3960 hus
1558 3911 1691 3974 leges
1706 3911 1867 3962 Julia-
1886 3927 2181 3978 oppugnare
2208 3912 2411 3978 eoepisse.

1514 4007 1565 4053 9.
1606 3989 1717 4042 vbi.
1752 3991 1933 4042 Multis
1968 3990 2165 4058 videtur
2202 4006 2389 4040 mancus
2406 3995 2445 4032 et
