2594 4537
439 249 1166 321 COMMENTARIUS
1218 252 1539 321 scnol..
1595 254 1988 324 AMBROS.
2041 210 2056 237 ⁸
2135 217 2298 355 ’591‘

145 392 429 431 canorum
464 372 661 448 itaque
698 372 923 430 Tullius
954 371 1219 431 ordinem
1256 375 1586 433 necessario
1625 374 1874 446 adserit,
1909 376 2011 453 qui
2055 390 2192 435 tunc
2223 398 2294 437 ex

144 470 403 547 equestri
420 468 629 525 ordine
660 466 1013 526 accedebant
1040 469 1113 527 ad
1136 470 1512 549 vectigalium
1537 470 2015 549 redemptionem.

253 604 318 677 3.
366 602 584 695 Quod
614 602 831 675 fuerit
860 602 1326 705 publicanus»,
1366 608 1476 679 vel
1504 608 1704 705 quod
1731 609 1822 681 ab
1851 612 2059 683 sociis
2086 616 2300 685 unice

152 714 611 813 diligebatur,
650 715 768 787 vel
795 716 996 813 quod
1025 716 1564 815 diligentissime
1599 719 1900 816 rogabat
1922 775 1943 809 ,
1982 723 2096 795 vel
2125 725 2298 821 quia

157 852 301 926 pro
342 825 493 897 filio
536 826 1006 925 supplicabat.

239 983 566 1044 Cumulavit
606 983 848 1061 gratiam
882 984 1251 1064 suffragantis
1306 984 1378 1044 de
1427 999 1673 1065 paterno
1720 988 1892 1046 etiam
1932 988 2131 1061 favore
2157 1032 2176 1061 ‚
2206 990 2302 1047 cui

160 1081 605 1160 publicanorum
634 1082 877 1139 societas
914 1082 1193 1154 adsuerit,
1228 1096 1295 1141 ut
1320 1084 1469 1140 filius
1498 1082 1624 1159 ejus
1651 1084 1723 1142 ad
1755 1083 2131 1145 obtinendam
2161 1086 2304 1146 aedi-

161 1180 383 1238 litatem
410 1180 605 1259 potius
633 1178 1027 1257 adjuvaretur.

262 1311 351 1381 X.
406 1334 463 1380 1.
510 1309 802 1408 Aliquid
851 1326 1193 1409 praeterea
1232 1312 1529 1409 (timide
1573 1311 1841 1401 dicam,
1883 1314 2010 1387 sed
2061 1331 2304 1389 tamen

170 1419 559 1494 dicendum
605 1420 761 1515 est)
807 1421 1079 1519 aliquid
1115 1422 1489 1493 attulimus
1530 1424 1742 1494 etiam
1780 1446 1937 1495 neS.

248 1578 589 1639 Necessario
627 1579 1003 1657 temperavit,
1043 1580 1286 1658 gratiam
1321 1598 1479 1638 suam
1513 1600 1634 1637 non
1668 1580 2040 1639 mediocriter
2079 1582 2313 1641 Plancio
2383 1650 2394 1657 ,

172 1678 491 1757 profuisse,
528 1676 767 1753 quando
796 1676 889 1735 vir
914 1676 1235 1735 consularis
1266 1677 1654 1735 testimonium
1681 1676 1764 1757 (1)
1811 1676 2226 1737 beneficiorum
2257 1681 2318 1737 in

175 1796 236 1833 se
270 1774 611 1833 collatorum
643 1772 935 1852 pei-fidens
955 1818 971 1846 ,
1002 1774 1314 1832 candidato
1349 1775 1594 1833 multum
1635 1787 1907 1853 potuerat
1949 1796 2314 1855 promovere.

176 1878 307 1932 Hoc
335 1892 477 1929 vero
506 1893 579 1929 ne
612 1884 761 1929 esset
806 1872 1059 1929 insoleus
1092 1884 1151 1928 et
1194 1871 1511 1949 superbum
1533 1915 1550 1943 ,
1596 1873 1873 1951 praemisit
1921 1872 2320 1953 allegationem

178 1966 525 2026 verecundae
553 1966 893 2027 timiditatis.

285 2132 351 2175 2.
407 2104 615 2175 Ultro
664 2101 1079 2173 mehercule
1115 2107 1199 2189 (2)
1248 2127 1325 2172 se
1388 2103 1568 2173 mibi
1634 2105 1846 2174 etiam
1897 2102 2322 2201 offerentes,

180 2216 379 2288 ultro
421 2213 843 2314 pollicentes
883 2212 1150 2310 rogavi.

260 2367 699 2430 Admirabiliter
723 2387 831 2426 nec
857 2367 1135 2426 humilem
1164 2386 1225 2424 se
1252 2366 1388 2425 fecit
1419 2366 1481 2425 in
1509 2367 1812 2446 precibus,
1843 2389 1950 2426 nec
1981 2382 2167 2426 tamen
2197 2370 2324 2448 piu·

182 2469 399 2526 rimum
430 2466 712 2544 adjuvisse
760 2477 999 2524 testatus
1042 2479 1144 2523 est.
1175 2465 1268 2523 Sic
1303 2477 1360 2522 et
1389 2485 1497 2542 pro
1531 2485 1633 2523 reo
1671 2466 1807 2523 satis
1839 2485 2022 2524 causae
2055 2466 2228 2538 facit,
2272 2479 2330 2524 et

186 2563 481 2642 dignitatis
526 2583 642 2622 suae
681 2575 1018 2622 ornamenta
1066 2555 1354 2621 cust'odit:
1388 2563 1637 2621 diceudo
1682 2583 1804 2620 non
1836 2562 2086 2622 defuisse
2127 2584 2330 2643 preces

186 2681 341 2734 suas,
366 2659 576 2738 quibus
602 2661 856 2738 populus
896 2660 1220 2719 verecunde
1241 2659 1602 2739 obsequutus
1627 2661 1734 2733 sit,
1766 2661 1922 2720 ultro
1955 2682 2016 2720 se
2043 2663 2216 2723 etiam
2248 2663 2332 2720 os-

190 2763 381 2819 ferens
409 2759 607 2835 gratiae
637 2757 957 2816 referendae
985 2759 1057 2816 ad
1107 2779 1239 2817 eum
1274 2759 1706 2838 promptissime
1739 2759 2156 2838 designandum
2175 2803 2192 2828 ,
2239 2763 2332 2844 cui

190 2859 283 2917 vir
311 2870 427 2915 tam
454 2853 605 2912 bene
632 2851 705 2911 de
728 2875 853 2932 rep.
884 2855 1125 2912 meritus
1153 2855 1587 2932 suffragaretur.

296 2997 363 3068 3.
418 2997 569 3068 Nec
617 2995 676 3064 si
709 2995 821 3064 vir
859 2992 1372 3092 amplissimus,
1431 2997 1547 3064 cui
1605 2993 1788 3064 nihil
1832 3010 1938 3066 est
1978 2995 2179 3092 quod
2212 3022 2336 3068 ro-

198 3109 400 3208 ganti
454 3103 752 3178 concedi
808 3129 959 3175 non
1005 3105 1168 3199 jure
1211 3105 1470 3202 possit,
1522 3103 1614 3175 de
1663 3103 1946 3202 aliquo,
1995 3120 2076 3177 ut
2119 3106 2336 3198 dicis,

200 3245 357 3290 non
397 3216 825 3315 impetravit.

256 3347 656 3436 'Sagacissime
685 3353 1095 3414 animadvertit
1139 3351 1281 3431 quid
1311 3373 1342 3411 a
1372 3365 1542 3432 parte
1577 3352 1810 3412 diversa
1850 3369 2046 3435 posset
2072 3358 2296 3436 opponi
2326 3379 2338 3414 :

204 3477 325 3516 non
353 3455 563 3514 mirum
590 3453 639 3511 si
665 3451 809 3510 nihil
830 3449 913 3531 (3)
945 3470 1057 3528 pro
1084 3451 1316 3510 Plancio
1335 3450 1560 3508 Tullius
1589 3450 1836 3509 valuisse
1859 3452 2140 3525 videatur,
2165 3473 2344 3531 quum

280 3669 357 3734 (1)
384 3665 627 3718 Fortasse
652 3659 1023 3735 corrigendum
1045 3664 1336 3715 testimonio.

282 3751 355 3817 (2)
385 3747 517 3802 cod.
547 3752 775 3799 mercule.
805 3749 869 3798 At
896 3745 1017 3800 edd.
1047 3748 1359 3798 mehercules.
1393 3743 1506 3816 Ego
1540 3742 1728 3816 scripsi
1757 3746 2029 3796 mehercule
2056 3761 2070 3794 ε
2105 3741 2174 3794 ita
2199 3743 2344 3796 enim

213 3833 465 3886 libentius
491 3851 546 3883 se
568 3830 765 3884 dixisse
786 3841 1007 3884 testatur
1031 3831 1139 3902 ipse
1167 3829 1354 3882 Cicero
1376 3828 1428 3880 in
1456 3835 1699 3893 Oratore,
1729 3833 1814 3898 47.

286 3917 365 3986 (3)
391 3917 471 3968 Ita
501 3919 685 3968 codex.
704 3915 931 3968 Videtur
957 3927 1131 3968 tamen
1152 3912 1434 3984 legendum
1450 3953 1468 3978 ,
1489 3916 1660 3964 mirum
1691 3915 1734 3963 si
1754 3913 1964 3980 aliquid,
1991 3922 2050 3962 ut
2072 3923 2213 3964 recte
2240 3929 2348 3964 mo-

216 4012 311 4054 net
332 3997 665 4053 Garatonius.
769 4055 779 4060 ,
