2594 4537
368 250 508 334 350
731 329 744 341 ,
1001 250 1098 329 M.
1150 253 1229 329 Τ.
1281 256 1866 331 οΙοΕΒοΝιε

373 385 528 455 me?
549 378 742 473 Quid
763 382 792 451 i>
814 402 1204 478 puerorum
1237 380 1359 453 illa
1386 386 1839 453 concursatio
1856 392 1885 424 ²
1907 396 2273 455 nocturna
2298 380 2369 469 3,
2384 396 2539 453 tum

369 522 411 567 a
450 510 521 567 te
559 496 720 591 ipso
747 492 1128 563 instituta?
1163 496 1286 565 Me
1320 490 1768 565 frumentum
1806 490 2251 591 flagitabant.
2298 495 2537 585 Quasi

370 630 542 677 vero
583 626 720 699 ego
763 616 890 672 aut
927 602 1034 673 rei
1077 598 1563 674 frumentaria
1606 600 2049 699 praefuissem
2071 656 2092 691 ,
2138 616 2281 673 aut
2324 627 2537 673 oom-

373 736 702 813 pressum
752 709 1048 809 aliquod
1101 709 1551 783 frumentum
1602 727 1927 783 tenerem
1958 764 1981 799 ‚
2050 724 2181 781 aut
2236 714 2341 781 in
2398 713 2537 781 isto

367 836 630 921 genere
652 824 954 893 omnino
978 818 1377 918 quidquam
1394 864 1419 907 2,
1434 836 1559 892 aut
1575 823 1953 893 curatione
1968 874 1991 909 ,
2008 834 2137 892 aut
2150 834 2533 917 potestate

367 935 766 1006 valuissem.
805 930 944 1003 Sed
967 932 1194 1033 homo
1224 931 1316 1003 ad
1338 932 1605 1003 caedem
1630 934 2017 1005 imminens
2036 983 2058 1017 ‚
2088 954 2363 1003 meum
2389 935 2531 1001 'no-

370 1068 542 1115 meu
571 1044 857 1139 operis⁴
893 1039 1245 1130 ediderat,
1278 1043 1628 1140 imperitis
1669 1042 2033 1137 injecerat.

467 1158 714 1245 Quum
769 1150 861 1223 de
910 1174 1070 1223 mea
1121 1151 1466 1249 dignitate
1516 1154 1593 1224 in
1638 1153 1917 1250 templo
1984 1154 2183 1223 Jovis
2244 1153 2525 1249 optimi

369 1265 658 1335 maximi
674 1278 960 1335 senatus
975 1260 1597 1360 frequentissimus
1610 1316 1631 1347 .‚
1644 1288 1798 1333 uno
1812 1260 1993 1333 isto⁵
2005 1262 2519 1341 dissentiente,

371 1374 833 1460 decrevisset;
857 1372 1134 1459 subito,
1160 1372 1284 1443 illo
1312 1374 1469 1471 ipso
1494 1371 1647 1462 die,
1673 1374 2113 1445 carissimam
2138 1394 2519 1443 annonam

291 1484 332 1527 “·
371 1506 510 1557 nee
567 1485 858 1583 opinata
912 1482 1144 1554 vilitas
1183 1497 1633 1580 consequuta
1670 1500 1799 1555 est.
1840 1486 2103 1567 Erant,
2156 1484 2293 1579 qui
2342 1482 2515 1553 deos

371 1591 810 1665 immortales
830 1646 851 1680 ,
890 1589 966 1661 id
993 1590 1198 1689 quod
1213 1617 1351 1691 ego
1388 1596 1653 1681 sentio,
1686 1594 1985 1663 numine
2016 1617 2152 1663 suo
2186 1592 2511 1663 'reditum

367 1727 614 1775 meum
650 1700 972 1773 dicerent
1007 1700 1536 1799 comprobasse.
1589 1702 1935 1775 Nonnulli
1976 1698 2275 1773 autem⁶
2316 1702 2509 1774 illam

369 1836 529 1883 rem
563 1810 656 1882 ad
697 1809 890 1881 illam
949 1813 1304 1883 rationem
1350 1812 1986 1910 conjectat-amque
2028 1812 2501 1895 revocabant,

373 1922 539 2019 qui,
576 1918 784 2017 quod
823 1921 899 1990 in
937 1944 1102 1993 meo
1136 1922 1377 1994 reditu
1427 1946 1592 2022 spes
1632 1924 1759 1994 otii
1806 1938 1879 1993 et
1926 1922 2339 1997 concordiae
2379 1924 2505 1995 sita

368 2029 789 2119 videbatur,
825 2032 900 2100 in
949 2030 1268 2104 discessu
1318 2047 1559 2104 autem
1608 2032 2073 2132 quotidianus
2127 2032 2501 2104 seditionis

371 2147 618 2233 timor,
659 2144 810 2239 jam
867 2167 1072 2241 paene
1125 2142 1301 2215 belli
1354 2143 1661 2243 depulso
1694 2161 1938 2234 metu,
1985 2156 2497 2215 commutatam

367 2279 734 2327 annonam
799 2252 1137 2326 dicebant
1185 2281 1202 2324 ε
1243 2277 1405 2352 quae
1440 2256 1613 2354 quia
1651 2279 1901 2328 rursus
1946 2255 2025 2325 in
2060 2278 2233 2324 meo
2267 2250 2497 2325 reditu

361 2363 552 2436 facta
587 2378 740 2434 erat
773 2361 1026 2435 durior
1047 2413 1066 2452 ‚
1104 2391 1146 2436 a
1179 2389 1328 2453 me,
1374 2367 1578 2463 cujus
1618 2367 1933 2438 adventu
1968 2362 2125 2436 fore
2154 2364 2493 2436 vilitatem

364 2472 546 2544 boni
580 2471 718 2542 viri
755 2471 1163 2544 dictitarant
1182 2485 1207 2530 ⁷
1227 2530 1249 2564 ‚
1304 2500 1595 2548 annona
1633 2475 2107 2574 flagitabatur.

466 2585 618 2652 VII.
659 2585 812 2677 Ego
861 2581 1178 2680 denique
1238 2611 1391 2668 non
1439 2586 1673 2659 solum
1714 2585 1807 2659 ab
1854 2590 2095 2686 operis
2138 2589 2327 2673 tuis,
2364 2587 2489 2654 im·

275 2715 280 2732 ·
368 2688 580 2786 pulsu
621 2703 788 2778 tuo,
831 2691 1300 2783 nominabar,
1350 2695 1479 2768 sed
1522 2699 1774 2786 etiam,
1816 2695 2135 2795 depulsis
2167 2720 2255 2767 ac
2298 2692 2491 2767 dissi-

365 2799 550 2896 patis
581 2801 724 2870 tuis
757 2802 1023 2896 copiis,
1061 2827 1102 2874 a
1133 2806 1411 2903 populo
1446 2831 1751 2878 romano
1784 2809 2157 2891 univer50‚
2180 2807 2313 2901 qui
2347 2815 2485 2873 tum

365 2911 442 2979 in
480 2911 913 3009 Capitolium
942 2931 1429 3005 convenerat,
1461 2931 1692 3014 quum
1724 2916 1849 2988 illo
1878 2915 1995 2986 die
2029 2916 2271 2986 minus
2310 2911 2485 2983 vale·

362 3028 553 3114 rem¹
577 3073 598 3108 ‚
633 3021 1064 3093 nominatim
1092 3025 1168 3094 in
1204 3041 1537 3100 senatum
1564 3025 1895 3098 vocabar.
1919 3025 2110 3098 Veni
2135 3037 2483 3123 exspecta-

433 3197 482 3231 π.
499 3183 768 3231 Puerorum
802 3181 892 3231 illa
925 3187 1248 3237 concursatio.
1277 3189 1387 3254 Ap·
1475 3201 1532 3240 ut
1572 3206 1765 3240 annona
1800 3189 1960 3238 multo
2000 3189 2197 3254 gravior
2236 3189 2363 3238 fecta
2412 3185 2477 3232 sit-

365 3261 524 3323 posita
566 3277 832 3325 puerorum
875 3264 1143 3315 multitudo
1200 3265 1357 3316 fuerat
1373 3304 1389 3330 ,
1549 3269 1597 3318 5.
1616 3271 1723 3318 Uno
1742 3270 1835 3318 isto
1858 3269 2189 3318 dissentiente.
2212 3269 2269 3316 P.
2293 3265 2477 3318 Clodio-

365 3339 530 3402 quide
551 3341 745 3389 caritate
768 3343 1130 3406 quii-iurentur,
1166 3356 1214 3393 et
1236 3345 1379 3396 Cice·
1544 3348 1595 3396 6.
1622 3348 1867 3398 Nonnulli
1888 3359 2067 3398 autem.
2102 3347 2257 3396 Erant
2290 3347 2374 3396 alii
2408 3343 2477 3408 qui

367 3417 478 3465 roni
500 3417 733 3465 invidiam
757 3432 989 3471 crearent.
1464 3428 1533 3476 ita
1551 3444 1651 3476 rem
1666 3425 2133 3493 interpretabantur3
2148 3444 2327 3492 nempe
2346 3437 2473 3491 quum

437 3497 489 3545 3.
512 3495 641 3556 Alii,
671 3509 948 3547 «nocturna
967 3501 990 3548 i·
1015 3517 1134 3549 num
1159 3518 1187 3551 a
1217 3514 1267 3551 te
1287 3503 1326 3554 ἰ.
1349 3527 1371 3548 ι
1470 3525 1535 3557 ex
1552 3507 1714 3555 reditu
1736 3523 1843 3556 meo
1871 3505 2106 3572 penderet
2130 3506 2269 3571 pacis
2298 3519 2347 3555 et
2372 3518 2476 3553 con·

367 3578 416 3625 J.
435 3572 500 3623 V.
525 3573 583 3624 L.
1476 3587 1656 3635 σοι-ἀίω
1683 3603 1821 3652 spes,
1863 3585 1917 3633 in
1942 3585 2157 3633 discessu
2184 3595 2343 3633 eutem
2366 3597 2470 3648 quo·

441 3657 489 3714 4.
531 3657 696 3702 Meum
723 3671 898 3703 nomen
925 3657 1098 3723 operis.
1119 3661 1389 3710 Conductis
1475 3665 1687 3715 tidianus
1713 3677 1872 3714 metus
1891 3677 2179 3724 versaretur,
2198 3665 2368 3714 viliore
2388 3677 2472 3732 pre·

364 3733 427 3779 ad
473 3732 654 3810 cedem
692 3744 932 3799 tamquam
979 3737 1229 3801 operariis.
1270 3740 1387 3789 Edi·
1475 3746 1546 3794 tio
1573 3743 1874 3794 vendendam
1900 3760 2163 3793 annonam.

366 3809 504 3860 derat
519 3823 701 3872 autem,
716 3815 972 3878 quisunt·
991 3817 1206 3883 undique
1225 3819 1389 3869 multi·
1548 3841 1596 3886 7.
1623 3824 1746 3883 Alii,
1774 3821 2075 3872 dictitabant.

367 3889 489 3938 tudo
507 3891 570 3939 ad
597 3891 791 3940 comitia
809 3906 859 3942 et
878 3894 1033 3958 legem
1059 3897 1121 3944 de
1147 3897 1382 3948 Cicerone
1542 3907 1659 3952 vn.
1696 3921 1744 3952 1.
1780 3901 1943 3951 Minus
1978 3903 2214 3950 valerem.
2256 3899 2466 3966 Quamvis

364 3969 642 4018 revocando
711 3971 978 4030 iubendam
1049 3975 1385 4038 confluxerat,
1474 3993 1771 4046 aegrotarem.
