2594 4537
314 260 455 344 234
714 258 1364 332 MARKLANDI
1415 260 1543 328 ET
1587 258 2037 328 GESNERI

314 382 487 448 enim
504 394 713 462 totus,
724 399 939 466 neque
958 377 1318 466 quidquam
1337 377 1900 467 comprehendens
1915 377 2220 467 perfectis
2231 379 2454 444 verbis

208 557 217 567 ,
311 486 776 575 amplectitur».
793 483 871 548 Id
885 505 1038 548 vero
1058 507 1253 572 quam
1268 501 1446 553 recte
1457 483 1976 550 animadversum
1995 485 2102 566 sit,
2119 505 2452 574 nusquam

308 611 373 660 et
386 590 789 682 frequentius
808 607 875 656 et
894 589 1215 659 efficacius
1235 575 1478 661 ¹sentire
1499 592 1678 674 licet,
1698 614 1896 680 quam
1923 590 2100 680 apud
2119 608 2452 656 oratooem

312 700 534 781 istum,
550 719 747 786 quem
758 698 1075 786 patienter
1088 714 1154 764 et
1170 699 1463 766 alacriter
1471 697 1556 765 ad
1572 697 1770 764 finem
1787 696 2034 780 audire,
2043 714 2162 765 aut
2175 721 2452 764 summe

305 804 647 894 vigilantiae
662 851 683 885 ‚
714 821 827 868 aut
852 825 1121 870 summae
1148 804 1396 870 inertiae
1421 827 1560 870 esse
1581 805 1880 872 arbitror.
1905 805 2280 893 specimina
2301 805 2452 892 qui-

306 909 457 974 dem
490 910 657 976 illius
668 911 1059 996 fluctuantis
1084 913 1338 998 generis
1377 933 1710 1001 apponere
1755 911 1976 976 omnia
1991 959 2010 991 ,
2057 910 2232 976 nihil
2273 909 2452 976 aliud

302 1019 473 1083 foret
498 1040 695 1106 quam
730 1017 899 1106 ipsas
934 1033 1105 1082 totas
1136 1019 1462 1084 orationes
1493 1034 1784 1107 repetere
1820 1039 1838 1082 t
1877 1039 2092 1082 unum
2129 1032 2352 1082 tamen
2385 1034 2454 1082 et

304 1123 581 1188 alterum
614 1121 883 1190 afferam
899 1169 919 1204 ,
956 1122 1165 1190 simile
1200 1123 1338 1202 ejus
1357 1171 1378 1206 ‚
1414 1122 1596 1212 quod
1631 1145 1712 1188 ex
1741 1137 1958 1186 vetere
1991 1122 2150 1186 artis
2182 1137 2452 1186 auctore

306 1227 634 1328 adscripsi.
666 1230 745 1294 In
772 1245 935 1294 orat.
972 1251 1095 1316 pro
1130 1229 1350 1294 Domo
1379 1251 1494 1294 sua
1514 1277 1532 1309 ‚
1569 1251 1628 1294 c.
1663 1233 1776 1311 14,
1811 1229 2092 1316 loquens
2123 1226 2210 1294 de
2237 1226 2452 1292 Clodii

299 1333 693 1424 adoptione,
728 1336 1073 1400 Fonteium
1095 1383 1114 1417 ,
1146 1333 1664 1417 adolescentem,
1697 1334 2027 1423 plebeium
2045 1381 2066 1415 ,
2103 1334 2454 1422 componit

302 1463 457 1506 cum
504 1440 739 1508 Clodio
784 1441 1054 1529 patricio
1072 1489 1091 1523 ,
1136 1441 1322 1506 illum
1371 1439 1750 1531 adoptivum
1795 1455 2047 1529 patrem
2085 1440 2216 1506 sibi
2251 1462 2452 1528 expe-

305 1564 525 1614 tente:
558 1578 589 1604 ι
609 1548 776 1631 Quae
807 1546 1013 1627 major
1042 1547 1370 1612 calumnia
1405 1564 1502 1612 est
1521 1595 1544 1629 ,
1585 1569 1780 1634 quam
1815 1547 2042 1612 venire
2078 1545 2451 1612 imberbem

296 1652 851 1720 adolescentulum
870 1699 891 1734 ‚
939 1652 1107 1720 bene
1155 1653 1476 1718 valentem
1493 1701 1514 1735 ‚
1555 1675 1630 1718 ac
1673 1653 2022 1732 maritum3
2074 1651 2300 1718 dicere
2317 1701 2340 1732 ,
2377 1649 2453 1714 fi·

300 1758 463 1825 lium
498 1773 863 1824 senatorem
899 1758 1127 1846 populi
1166 1780 1332 1822 rom.
1373 1757 1506 1822 sibi
1531 1757 1696 1822 velle
1725 1755 2073 1846 adoptare3
2118 1756 2192 1820 id
2229 1773 2450 1822 autem

304 1863 471 1930 scire
506 1879 573 1928 et
604 1861 823 1928 videre
856 1885 1123 1945 omnes,
1153 1885 1291 1926 uon
1327 1879 1402 1928 ut
1429 1863 1538 1928 ille
1567 1861 1736 1928 filius
1775 1862 2180 1943 instituatur,
2217 1861 2340 1928 sed
2379 1878 2454 1928 ut

305 1993 343 2036 e
379 1969 661 2059 patriciis
708 1985 924 2047 exeat,
958 1985 1031 2036 et
1071 1969 1378 2034 tribunus
1413 1969 1502 2057 pl.
1547 1966 1686 2033 fieri
1729 1969 1976 2057 possit,
2002 1966 2257 2034 ideirco
2289 1967 2452 2034 ado·

305 2075 523 2165 ptari?
568 2097 781 2163 neque
828 2075 898 2142 id
928 2075 1245 2140 obscure:
1284 2097 1435 2140 nam
1469 2072 1850 2162 adoptatum
1884 2074 2285 2162 emancipari
2327 2091 2454 2140 sta-

300 2182 419 2246 tim
440 2229 460 2265 ,
498 2204 583 2248 ne
624 2181 709 2246 sit
746 2182 885 2262 ejus
922 2179 1126 2262 filius,
1162 2182 1279 2268 qui
1307 2178 1698 2268 adoptarit».
1739 2181 2038 2246 Alterum
2068 2180 2452 2270 exemplum

299 2289 517 2377 accipe
561 2288 959 2353 sublimioris
1003 2286 1424 2375 eloquentioe,
1471 2286 1760 2374 positum
1803 2284 2050 2353 ibidem
2076 2308 2138 2351 c.
2176 2284 2298 2369 52,
2335 2288 2454 2353 ubi

302 2396 741 2483 interrogatur
768 2392 1037 2457 Clodius
1050 2442 1069 2476 ,
1102 2416 1221 2459 cur
1245 2410 1410 2474 tum,
1433 2414 1639 2480 quum
1667 2393 2000 2457 Ciceronis
2029 2390 2314 2459 domum
2339 2392 2454 2459 de-

305 2498 549 2565 diceret
568 2545 589 2579 ‚
633 2520 769 2564 non
822 2499 1222 2565 consuluerit
1272 2498 1618 2587 collegium
1662 2497 2082 2585 pontificum,
2133 2498 2242 2563 vel
2273 2516 2452 2565 certe

303 2604 587 2691 aliquem
636 2624 715 2669 ex
760 2604 917 2669 viris
975 2604 1277 2693 gravibus
1331 2620 1398 2669 et
1449 2604 1834 2670 auctoritate
1881 2588 2328 2692 pollentibus,
2377 2622 2456 2671 ut

300 2710 373 2773 P.
402 2708 745 2775 Servilium
766 2757 787 2790 ‚
824 2726 901 2773 ut
930 2710 1022 2776 M.
1050 2711 1436 2792 Lucullum,
1465 2710 1581 2798 qui
1617 2709 1986 2777 cerimoniae
2011 2708 2454 2777 dedic-tionis

302 2814 427 2879 rite
454 2831 795 2902 proeesset:
822 2845 853 2871 ι
876 2815 1058 2899 Quid
1088 2814 1368 2897 diceres,
1397 2838 1438 2880 ο
1471 2814 1748 2879 nefanda
1779 2830 1847 2879 et
1871 2814 2240 2904 perniciosa
2271 2816 2454 2883 labes

297 2920 605 2985 &vitatisl
642 2920 815 2987 Ades
833 2968 852 3003 ,
886 2920 1071 3002 ades,
1102 2920 1406 3003 Luculle,
1439 2920 1696 3002 Servili,
1725 2919 1886 2987 dum
1909 2918 2144 2985 dedico
2169 2922 2456 2991 domum

296 3026 627 3094 OEceronis
652 3074 672 3107 ,
730 3041 807 3091 ut
856 3028 1017 3091 mihi
1062 3026 1352 3115 praeeatis
1373 3074 1394 3108 ,
1439 3043 1826 3115 postemque
1879 3027 2176 3093 teneatis.
2229 3030 2326 3095 Es
2377 3046 2454 3095 tu

299 3130 567 3220 quidem
600 3154 807 3220 quum
840 3130 1109 3197 audacia
1127 3178 1147 3211 ,
1178 3148 1322 3197 tum
1353 3128 1756 3220 impudentia
1787 3132 2144 3220 singulari:
2173 3134 2298 3199 sed
2329 3136 2452 3201 tibi

296 3252 513 3301 tamen
553 3238 768 3319 oculi,
801 3236 1055 3318 vultus,
1076 3237 1293 3301 -verha
1337 3236 1756 3319 cecidissent,
1791 3260 2002 3325 quum
2033 3256 2102 3303 te
2133 3240 2298 3322 viri,
2333 3244 2454 3329 qui

298 3363 427 3406 sua·
462 3340 775 3431 dignitate
820 3364 1165 3430 personam
1197 3342 1426 3430 populi
1456 3344 1710 3407 romani
1742 3359 1944 3431 atque
1983 3346 2449 3411 auctoritatem

296 3446 552 3536 imperii
590 3448 1020 3529 sustinerent,
1062 3447 1274 3513 verbis
1317 3448 1704 3536 gravissimis
1736 3450 2248 3536 perterruissent
2267 3500 2288 3534 ,
2331 3476 2450 3519 ne·

296 3574 429 3639 que
463 3553 589 3621 sibi
620 3553 717 3617 fas
750 3574 889 3617 esse
926 3551 1269 3633 dixissent,
1317 3554 1524 3619 furori
1569 3554 1877 3619 interesse
1920 3572 2042 3620 tuo
2063 3604 2084 3639 ‚
2127 3572 2338 3645 atque
2377 3560 2448 3623 in

299 3658 521 3745 patrino
556 3657 903 3747 parricidio
940 3673 1006 3721 et
1038 3658 1275 3724 scelere
1296 3688 1346 3723 n.
1373 3661 1458 3723 In
1487 3659 1590 3723 his
1627 3660 1850 3725 omnia
1875 3676 2034 3727 sunt
2063 3684 2144 3729 ex
2175 3664 2446 3754 ingenio

304 3764 749 3833 declamatoris
764 3816 783 3849 ‚
806 3783 1043 3857 praeter
1072 3790 1273 3833 unam
1296 3769 1628 3835 Ciceronis
1661 3786 1890 3835 senten
1899 3772 2054 3837 tiam
2075 3822 2094 3855 ‚
2129 3804 2158 3829 α
2181 3776 2304 3861 qui
2329 3798 2446 3841 sua

307 3868 681 3958 dignitate...
720 3875 1119 3943 sustinerent
1140 3904 1189 3937 a.

392 3975 533 4042 vn.
568 3977 765 4043 Aliud
792 3979 925 4057 jam
956 3978 1147 4043 nobis
1178 3978 1626 4069 attingendum
1662 3999 1790 4065 est,
1833 3984 2016 4071 quod
2055 3986 2348 4072 pertinet
2377 3990 2440 4051 in
