2594 4537
266 295 407 380 534
895 293 993 362 Μ.
1045 295 1126 362 Τ.
1180 292 1763 362 CICERONIS

257 421 676 492 lescentiam
725 412 1131 486 traductam
1189 412 1585 512 eleganter!
1630 417 1749 484 cui
1784 411 2077 511 quidem
2118 439 2359 512 quum
2392 474 2417 509 ,

258 528 462 628 quod
497 528 814 612 licuerit‚
837 524 1251 620 objiciatur,
1279 539 1523 596 tamen
1544 522 1619 594 id
1645 524 1883 621 ipsum
1914 521 2175 600 falsum
2202 550 2415 624 repe·

256 643 504 712 riatur.
543 637 862 709 Emissus
897 635 1156 733 aliquis
1195 659 1236 706 e
1280 659 1568 706 carcere
1593 631 1701 724 ¹⁶3
1740 649 1814 706 et
1846 633 2141 732 quidem
2180 639 2413 709 emis·-

257 773 415 837 sus,
453 763 536 820 ut
576 749 984 845 cognostis,
1025 745 1407 816 necessarii
1437 743 1757 818 hominis
1794 744 2199 847 optimique
2230 746 2417 818 ado-

258 856 596 928 lescentis
631 868 946 953 rogatu.
987 851 1180 926 idem
1223 864 1553 952 postea¹⁷
1596 853 2103 980 praemandatis
2146 863 2414 954 requi-

263 968 459 1038 situs.
490 969 731 1062 Atque
773 964 965 1052 haec,
999 988 1138 1035 nec
1172 963 1320 1035 ulla
1362 964 1542 1053 alia,
1584 979 1754 1036 sunt
1790 966 2119 1061 conjecta
2152 963 2419 1063 [male-

261 1077 455 1149 dicta
479 1071 538 1122 ¹⁸
555 1075 670 1176 Jin
695 1077 758 1171 ej
769 1101 854 1146 us
874 1077 1127 1162 vitam,
1151 1073 1242 1146 de
1265 1075 1475 1170 cujus
1495 1100 1626 1147 vos
1652 1073 1937 1174 pudore
1957 1131 1978 1168 ‚
2004 1075 2370 1174 religione
2392 1131 2417 1166 ‚

257 1190 668 1286 integritate
711 1185 1162 1258 dubitetisw.

355 1303 554 1372 xm.
595 1303 808 1369 Pater
839 1321 1058 1385 vero,
1091 1297 1371 1393 inquit,
1408 1296 1625 1368 etiam
1667 1294 1925 1368 obesse
1962 1293 2116 1368 filio
2155 1294 2413 1371 debet.

263 1412 330 1482 Ο
410 1432 668 1482 vocem
739 1405 998 1480 duram
1065 1421 1284 1504 atque
1346 1405 1717 1504 indignam
1796 1422 1923 1478 tua
1980 1407 2359 1506 probitate
2393 1463 2417 1494 ,

261 1517 710 1592 Laterensis!
769 1522 977 1590 Pater
1033 1533 1120 1589 ut
1179 1521 1258 1588 in
1294 1516 1572 1614 judicio
1622 1518 1917 1616 capitis»,
1964 1531 2173 1615 pater
2204 1533 2293 1590 ut
2332 1520 2415 1589 in

261 1629 724 1701 dimicatione
784 1626 1280 1717 fortunarum,
1356 1640 1559 1726 pater
1612 1643 1697 1700 ut
1737 1626 1936 1728 apud
1978 1627 2155 1701 tales
2208 1631 2419 1702 viros

263 1739 522 1812 obesse
555 1737 708 1810 filio
751 1735 1071 1810 debeat?
1124 1738 1272 1829 Qui
1304 1739 1367 1810 si
1402 1752 1589 1810 esset
1618 1738 2119 1838 tux-pissinum,
2150 1741 2211 1808 si
2248 1761 2415 1810 sor-

265 1849 678 1932 didissimus
703 1857 757 1936 ¹,
805 1861 1051 1920 tamen
1097 1851 1259 1946 ipso
1291 1848 1593 1920 nomine
1627 1850 1865 1947 patrio
1898 1848 2171 1920 valeret
2210 1849 2421 1946 apud

265 1958 658 2032 clementes
695 1955 974 2053 judices
1009 1971 1084 2030 et
1122 1956 1665 2048 misericordes;
1718 1958 2025 2048 valeret,
2064 1961 2379 2057 inquam
2398 2013 2420 2046 ,

263 2071 644 2143 communi
678 2094 898 2142 sensu
943 2071 1312 2158 omnium,
1362 2083 1438 2140 et
1486 2067 1897 2142 dulcissima
1941 2068 2419 2142 commenda—

201 2232 208 2242 .
263 2181 467 2252 tione
533 2193 827 2252 naturae.
883 2177 1026 2252 Sed
1074 2203 1307 2277 quum
1350 2183 1446 2251 sit
1495 2182 1629 2251 Cn.
1681 2179 2015 2252 Plancius
2065 2183 2129 2252 is
2182 2205 2423 2279 eques

263 2316 650 2381 romanuS,
696 2315 781 2363 ea
809 2291 1126 2390 primum
1172 2304 1526 2363 vetustate
1570 2297 1929 2390 equestris
1971 2292 2291 2380 ordinis,
2330 2308 2421 2365 ut

264 2418 507 2502 pater,
537 2418 620 2475 ut
645 2426 822 2475 avus
842 2456 863 2491 ‚
893 2416 979 2473 ut
1009 2402 1321 2498 majores
1346 2402 1506 2499 ejus
1532 2427 1791 2475 omnes
1823 2404 2103 2501 equites
2121 2408 2420 2477 romani

263 2512 540 2587 fuerint
558 2566 580 2602 ‚
599 2536 834 2585 summ
843 2534 966 2582 um
981 2514 1058 2582 in
1076 2510 1543 2611 praefectura²
1578 2511 2085 2586 florentissima
2101 2512 2421 2611 gradum

263 2626 639 2695 tenuerint
675 2636 748 2695 et
780 2620 1184 2720 dignitatis„
1225 2638 1301 2697 et
1334 2625 1622 2721 gratiae3
1652 2623 1917 2697 deinde
1938 2678 1959 2713 ‚
1993 2639 2075 2697 ut
2102 2621 2305 2723 ipse³
2338 2627 2419 2695 in

263 2730 674 2829 legionibus
699 2736 774 2803 P.
808 2734 1043 2803 Crassi
1059 2735 1091 2785 4
1111 2786 1130 2821 ‚
1156 2732 1613 2830 imperatoris
1638 2788 1659 2823 ‚
1696 2735 1887 2805 iuter
1914 2736 2423 2807 ornatissimos

265 2844 639 2932 hominem,
675 2842 957 2940 equites
980 2866 1322 2915 romanos
1342 2898 1362 2934 ‚
1408 2868 1697 2916 summo
1732 2844 2123 2942 splendore
2152 2843 2419 2935 suerit;

262 2970 348 3029 ut
404 2970 658 3055 postea
713 2958 1056 3053 princeps
1110 2956 1304 3027 inter
1366 2979 1573 3046 ειιοε,
1630 2954 2101 3054 plurimarum
2156 2980 2419 3028 rerum

259 3152 444 3203 liceret.
469 3152 680 3210 Seneca,
700 3166 780 3217 ep.
804 3151 864 3199 18
889 3164 950 3201 :-
968 3152 1062 3200 Jm
1084 3148 1293 3198 luxuria
1450 3153 1595 3201 1111.
1632 3168 1680 3201 1.
1714 3152 1771 3199 δι’
1804 3152 2209 3203 :arduensis-m.
2254 3154 2419 3204 Aba

260 3231 474 3297 publicu
492 3232 658 3281 datum
677 3241 752 3280 eet
769 3251 816 3279 ¹·-
1378 3228 1426 3281 εἰ
1446 3230 1501 3279 in
1528 3230 1699 3279 multis
1722 3231 1871 3281 editt.

337 3312 421 3361 16.
449 3312 614 3361 Graev.
642 3327 673 3360 e
697 3309 813 3361 cod.
847 3309 1030 3359 ltu-furt.
1055 3330 1082 3353 α
1099 3318 1150 3357 et
1173 3307 1288 3372 qni-
1450 3326 1503 3359 2.
1576 3314 1639 3359 In
1683 3308 1985 3377 praesectum
2028 3310 2415 3379 flamminino.

261 3388 374 3439 dem
393 3390 596 3437 emissus
613 3404 703 3453 per
720 3386 1094 3453 imprudentiam
1109 3420 1125 3449 ,
1143 3386 1289 3435 emis·
1378 3388 1495 3439 Scil.
1518 3391 1728 3440 Atinati.

259 3486 342 3519 ens
355 3504 370 3531 ‚
392 3479 450 3517 nt
468 3466 718 3532 cognostis
735 3501 752 3528 ,
775 3478 870 3516 ete.
887 3488 914 3508 ι·
941 3470 986 3517 1.
1005 3468 1071 3516 V.
1096 3467 1152 3515 L.
1452 3470 1505 3517 3.
1536 3470 1603 3517 Ue
1622 3468 1740 3533 ipse.
1766 3469 1949 3519 Pinneti
1966 3480 2125 3535 puter.

335 3566 421 3611 ¹7·
447 3548 669 3597 Lambin.
688 3548 848 3597 Graev.
869 3560 933 3595 ex
949 3546 1287 3595 emendatione
1450 3556 1503 3606 4.
1522 3550 1583 3595 Ρ.
1616 3548 1791 3600 Crassi.
1820 3552 1917 3598 Hic
1942 3560 2081 3615 peter
2110 3550 2185 3599 M.
2218 3550 2415 3613 Cra-i,

255 3628 472 3679 Tun-nebi
486 3666 502 3691 ‚
514 3650 542 3672 ι
552 3628 776 3693 praetoris
787 3624 1036 3675 mandam.
1051 3626 1288 3675 Gar-ton.
1376 3627 1463 3691 qni
1482 3642 1595 3675 enm
1615 3628 1803 3677 Caesare
1819 3640 1870 3678 et
1888 3630 2127 3693 Pompeio
2140 3630 2415 3681 coitione-

257 3710 387 3770 eonj.
413 3729 437 3751 α
457 3706 670 3774 praemiin
694 3705 820 3754 datin
837 3727 879 3754 n.
905 3706 1036 3753 J.v.
1065 3706 1123 3754 L.
1371 3706 1509 3755 fecit.
1540 3708 1596 3755 P.
1627 3708 1829 3757 Crassus
1862 3710 1919 3759 L.
1950 3708 2155 3757 Cauris
2189 3709 2243 3757 in
2274 3708 2415 3759 bello

331 3788 416 3835 18.
429 3790 552 3834 Sum
565 3784 809 3849 conjecta,
827 3782 1109 3833 maledicta.
1127 3782 1282 3851 Abest
1370 3786 1539 3833 sociali
1556 3786 1651 3834 fnit
1668 3786 1852 3851 legatus
1863 3824 1879 3849 ‚
1898 3785 1959 3836 de
1980 3784 2216 3852 Hispani·
2236 3790 2415 3839 trium·

257 3862 540 3913 maledicta.
1372 3862 1544 3927 pluvit
1562 3896 1579 3923 ,
1606 3875 1657 3913 et
1675 3864 1961 3915 dominante
1982 3867 2036 3914 L.
2050 3866 2209 3916 cium
2224 3902 2243 3927 ‚
2266 3884 2337 3917 ne
2360 3871 2409 3917 in

333 3954 414 4000 ¹9·
453 3940 702 3991 Dubiteeis.
735 3939 794 3990 Id
819 3952 919 4003 cet,
947 3942 1171 3992 dubitare
1195 3940 1283 3991 de-
1372 3956 1543 3989 mnue
1574 3941 1885 3993 inimieorum
1914 3944 2183 4005 incideret,
2217 3963 2267 3995 ee
2306 3948 2413 4013 ipse

259 4016 427 4067 beatis.
1372 4020 1635 4071 interfecit.
