2594 4537
523 280 905 349 ORATIO
960 282 1162 350 PRO
1217 285 1370 353 CN.
1426 283 1896 354 PLANCIO.
2137 281 2266 379 571

127 406 313 489 tria,
369 400 700 473 fortunae.
751 402 1037 476 Salvum
1087 418 1166 475 tu
1226 429 1341 475 me
1390 430 1543 477 esse
1594 406 1901 504 cupisti:
1944 404 2065 479 hic
2106 403 2278 478 fecit

125 513 356 582 etiam
373 521 430 598 ²,
472 524 556 582 ut
590 534 744 583 esse
791 534 1098 608 possem.
1149 516 1520 586 Dis‘tineor
1560 530 1805 588 tamen
1856 529 1929 588 et
1972 514 2277 588 divellor

127 620 430 706 dolore,
481 634 554 692 et
597 622 672 691 in
721 644 932 693 causa
977 622 1244 720 dispari
1284 622 1557 697 offendi
1608 640 1681 697 te
1724 650 1767 697 a
1810 650 1964 714 me,
2009 626 2269 698 doleo:

127 731 307 817 sed,
353 730 636 803 medius
679 730 930 819 fidius,
967 734 1199 806 multo
1251 739 1463 807 citius
1502 759 1735 807 meam
1782 734 2087 809 salutem
2136 760 2271 833 pro

129 858 210 914 te
231 840 262 885 ³
319 840 698 936 abjecer0‚
757 867 976 939 quam
1044 848 1180 915 Cn.
1236 846 1505 917 Plancii
1554 846 1859 917 salutem
1908 844 2275 917 tradidero

130 955 596 1025 contentioni
629 967 783 1023 tuae.
813 954 1126 1041 Etenim,
1158 953 1473 1049 judiceS,
1514 980 1743 1053 quum
1770 954 2115 1027 omnibus
2140 955 2277 1024 vir-

131 1061 424 1133 tutibus
468 1084 584 1132 me
633 1059 970 1133 affectum
1022 1087 1175 1135 esse
1215 1067 1499 1161 cupiam
1516 1070 1575 1153 ⁴,
1632 1079 1875 1137 tamen
1910 1065 2095 1136 nihil
2137 1078 2277 1145 est,

100 1172 346 1270 ‚quod
377 1172 618 1243 malim
639 1226 658 1259 ‚
693 1196 912 1270 quam
940 1198 1058 1245 me
1085 1188 1160 1245 ct
1184 1189 1470 1272 gratum
1503 1199 1658 1248 esse
1676 1228 1696 1263 ‚
1724 1190 1799 1247 et
1824 1164 2073 1246 videri.
2112 1178 2281 1244 Haec

129 1296 250 1353 est
297 1284 493 1352 enim
521 1306 688 1371 ,una
734 1286 962 1355 virtus
1010 1308 1162 1355 non
1215 1284 1451 1357 solum
1495 1286 1834 1371 maxima,
1890 1286 2015 1356 sed
2060 1285 2277 1355 etiam

127 1406 375 1463 mater
401 1394 752 1465 virtutum
780 1395 1110 1465 omnium
1145 1395 1615 1491 reliquarum.
1660 1393 1855 1485 Quid
1880 1408 1992 1465 est
2013 1396 2243 1492 pictas
2261 1448 2283 1481 ‚

129 1502 280 1571 nisi
314 1500 650 1573 voluntas
690 1516 890 1601 grata
932 1504 1006 1574 in
1044 1506 1431 1601 parentes?
1480 1506 1607 1603 qui
1646 1520 1819 1579 sunt
1840 1503 2021 1576 boni
2050 1507 2241 1577 cives
2260 1558 2281 1590 ,

131 1612 272 1707 qui
308 1609 522 1701 belli,
560 1615 688 1709 qni
721 1611 921 1684 domi
953 1610 1043 1684 de
1081 1616 1313 1711 patria
1340 1612 1530 1687 bene
1559 1630 1961 1700 merentes,
1990 1614 2127 1685 nisi
2152 1615 2285 1710 qui

131 1725 392 1819 patriae
427 1721 780 1795 beneficia
819 1724 1355 1795 meminerunt?
1380 1728 1505 1823 qui
1534 1727 1793 1813 sancti,
1831 1728 1959 1825 qui
1994 1724 2283 1819 religio·-

133 1857 326 1903 num
383 1833 741 1919 colentes,
797 1835 936 1905 nisi
995 1836 1126 1931 qui
1174 1838 1507 1939 meritam
1566 1832 1701 1907 diis
1759 1833 2287 1907 immortalibus

129 1944 445 2039 gratiam
498 1944 710 2038 justis
763 1943 1201 2033 honoribu3‚
1250 1958 1325 2015 et
1380 1947 1683 2017 memori
1734 1960 1977 2017 mente
2026 1941 2292 2043 persol-

131 2055 372 2124 vunt?
405 2057 582 2156 Quae
616 2068 857 2151 potest
887 2078 1042 2127 esse
1072 2054 1489 2148 jucunditas
1518 2059 1718 2143 vitae,
1752 2050 2085 2126 sublatis⁵
2120 2058 2291 2124 ami-

132 2165 378 2235 citiis?
419 2188 583 2263 quae
621 2188 844 2262 porro
892 2166 1206 2236 amicitia
1234 2180 1479 2264 potest
1515 2191 1674 2237 esse
1704 2170 1893 2236 inter
1926 2162 2289 2261 ingratos?

135 2275 328 2364 Quis
365 2291 470 2347 est
515 2291 845 2348 nostrum
895 2275 1285 2349 liberaliter
1325 2277 1713 2365 eductum,
1756 2279 1876 2349 cui
1914 2299 2067 2346 non
2104 2273 2287 2346 edu·-

136 2399 428 2456 catores
452 2441 470 2474 ,
525 2391 645 2458 cui
697 2412 844 2458 non
891 2388 1212 2484 magistri
1261 2389 1421 2478 sui,
1474 2403 1693 2487 atque
1719 2481 1728 2486 -
1750 2387 2121 2472 doctores,
2172 2387 2289 2456 cui

139 2518 298 2564 non
337 2495 540 2568 locus
580 2497 698 2568 ille
735 2514 983 2570 mutus
1029 2503 1216 2597 ipse,
1253 2499 1383 2570 ubi
1420 2497 1655 2572 altus⁶
1701 2514 1826 2571 aut
1862 2497 2121 2569 doctus
2156 2501 2291 2584 est‚'

137 2630 318 2676 cum
343 2621 540 2702 grata
569 2608 1070 2681 recordatione
1096 2611 1174 2680 in
1201 2625 1445 2682 mente
1473 2611 1842 2690 versetur?
1873 2609 2097 2706 Cujus
2114 2632 2295 2707 opes

138 2729 364 2786 tantae
401 2741 558 2789 esse
595 2733 940 2816 possunt,
990 2735 1115 2792 aut
1161 2745 1513 2820 umquam
1554 2719 1890 2810 fuerunt,
1939 2745 2101 2818 quae
2139 2723 2294 2791 sine

145 2824 546 2897 multorum
575 2830 972 2901 amicorum
1006 2829 1266 2902 officiis
1293 2847 1479 2902 stare
1512 2833 1832 2928 possint?
1870 2855 2032 2928 quae
2060 2846 2256 2903 certe
2279 2885 2299 2917 ,

140 2935 429 3010 sublata
483 2940 833 3010 memoria
883 2953 958 3010 et
1011 2943 1236 3037 gratia
1263 2995 1283 3027 ,
1336 2941 1534 3012 nulla
1584 2956 1861 3012 exstare
1884 2953 1909 2997 ⁷
1964 2954 2293 3039 possunt.

143 3047 506 3144 Equidem
541 3049 648 3120 nil
675 3065 820 3120 tam
853 3054 1232 3148 proprium
1254 3046 1286 3096 ⁸
1322 3051 1637 3122 hominis
1669 3053 1999 3123 existimo
2020 3105 2040 3140 ‚
2078 3075 2296 3149 quam

142 3238 261 3284 laus
299 3235 561 3284 oede’litatr's.
605 3236 840 3301 Sperabat
881 3239 1182 3296 Laterensis,
1344 3237 1394 3286 6.
1427 3237 1519 3285 Ubi
1546 3237 1692 3286 altus.
1727 3237 1846 3296 Tres
1892 3234 2111 3284 Lambin.
2142 3237 2295 3294 MSS,

144 3316 349 3364 Plancio
370 3316 598 3365 damnato
615 3351 630 3377 ‚
656 3315 844 3366 aedilem
867 3333 918 3364 ne
937 3318 1181 3376 futurumg
1269 3317 1391 3364 Pau.
1428 3317 1625 3364 Gruter.
1660 3314 1803 3364 Bai-b,
1841 3315 2026 3363 Veneta
2070 3315 2209 3379 prior
2250 3327 2301 3365 et

144 3399 255 3458 ejus
272 3411 389 3460 ergo
415 3396 782 3462 quodammodo
805 3395 1040 3462 agebatur
1058 3397 1180 3446 edi·
1269 3395 1389 3444 libri
1403 3403 1589 3443 veteres
1606 3395 1788 3443 habent
1809 3417 1835 3436 κ
1847 3395 1991 3444 locu·
2008 3393 2091 3444 ille
2114 3406 2298 3452 mutus,

149 3477 284 3524 litas.
669 3521 691 3530 ,
1271 3475 1359 3523 ubi
1387 3476 1492 3539 ipse
1517 3475 1663 3524 alitus
1682 3498 1723 3522 a.

55 3545 68 3558 “
224 3569 272 3603 a.
300 3553 536 3620 Hiefecit
557 3555 706 3604 etiam
724 3591 740 3618 ,
763 3565 820 3602 ese
841 3571 948 3604 esu
966 3569 1176 3620 possm.
1350 3569 1398 3614 7.
1432 3552 1589 3602 Nulla
1625 3564 1820 3602 exstare
1848 3563 2069 3618 possum:
2096 3553 2174 3600 Ex
2196 3552 2303 3602 Ers.

146 3634 354 3684 suntin·
379 3650 392 3683 :
418 3656 444 3677 ιι
467 3637 564 3683 Hic
605 3635 720 3684 fecit
739 3671 754 3694 ‚
789 3646 850 3684 nt
887 3636 1032 3684 etiam
1075 3651 1180 3683 ene
1273 3633 1500 3682 Graevius
1536 3632 1788 3698 rescripsit
1824 3634 1978 3682 nulla
1994 3667 2011 3690 ,
2044 3631 2183 3695 quod
2227 3645 2303 3678 so·-

147 3727 346 3778 ponoem
367 3735 408 3762 ιο.
1273 3721 1458 3774 quum
1494 3721 1567 3760 eat
1604 3715 1795 3761 Ernest.
1836 3713 1893 3760 Ei
1919 3711 2095 3760 merito
2132 3725 2297 3758 recen-

227 3793 278 3838 3.
304 3793 388 3840 Al.
419 3791 656 3857 abjecero.
681 3793 730 3841 J.
748 3793 815 3840 V.
839 3795 894 3840 1..
1275 3792 1425 3839 tiores
1444 3791 1649 3856 obsequi
1669 3791 1935 3840 noluerunt
1948 3824 1963 3848 ‚
1982 3790 2095 3853 quia
2116 3801 2219 3838 non
2233 3787 2298 3837 ad

226 3881 274 3926 4.
305 3870 522 3934 cupiam.
553 3870 640 3920 Al.
665 3871 826 3936 cupio.
1275 3886 1415 3936 open,
1432 3871 1519 3920 sed
1537 3871 1601 3919 ad
1618 3869 1779 3920 officia
1798 3871 2016 3920 rofei-mr.

224 3951 275 4001 5.
312 3952 524 4000 Sublatis
557 3949 802 4000 amicitiis.
840 3948 970 3998 vide
1006 3949 1186 4000 librum
1347 3953 1399 4000 8.
1420 3950 1511 3998 Nil
1526 3962 1629 3998 eam
1637 3950 1909 4015 proprium.
1938 3950 2101 3998 θην.
2119 3947 2300 3996 Olivet.

153 4033 216 4080 d·
235 4031 494 4092 Amicitia
518 4031 579 4080 de
598 4029 698 4078 hoc
717 4028 942 4095 pluribus
955 4031 1076 4092 agit.
1275 4027 1475 4079 laum.
1489 4027 1629 4078 m'hc‘l.
