2594 4537
780 316 1547 387 PRAEFATIONEs.
2094 312 2225 387 251

125 438 458 527 relinquere
493 436 724 502 debuit
757 438 1106 505 hominum
1128 438 1387 520 judiciis
1405 488 1424 522 ‚
1452 459 1573 527 pro
1603 438 1873 525 antiquo
1906 437 2091 505 illum
2113 433 2233 504 ha-

125 534 398 613 bentium
419 562 609 618 ,nnn
651 544 872 633 potius
905 534 1262 629 reservato,
1285 561 1639 632 antequam
1674 544 2038 608 clanculum
2082 568 2235 611 eum

127 648 431 713 desederet
453 695 474 730 ,
519 640 790 713 bruchio
811 697 834 733 ,
883 649 1244 717 certissimo
1289 648 1718 714 vindiciarum
1754 647 2193 717 instrumento
2215 700 2235 728 ‚

127 754 318 843 gloriae
348 776 484 820 suoe
519 777 762 820 cavere.

197 859 568 951 Cogitemus
607 861 800 929 etiam
831 860 996 927 illud
1014 909 1035 945 ,
1067 862 1307 937 obiisse
1338 860 1630 928 Tullium
1662 861 1889 927 relicto
1924 860 2055 926 filio
2074 910 2095 945 ,
2130 884 2235 926 re-

125 963 258 1029 licto
283 967 526 1032 Tirone
543 1014 564 1049 ,
595 966 772 1031 salvo
803 968 1023 1032 Attico
1051 990 1176 1033 suo
1207 984 1275 1032 et
1304 968 1599 1033 Varrone
1622 982 1691 1040 ‚et
1718 966 1941 1031 multis
1974 966 2110 1033 aliis
2134 969 2237 1033 vel

124 1071 320 1137 amicis
349 1072 454 1137 vel
485 1072 818 1163 discipulis
847 1096 866 1139 t
901 1074 1261 1165 cogitemus
1275 1122 1296 1157 ,
1332 1074 1598 1164 coepisse
1628 1089 1773 1138 tum
1804 1074 1969 1141 strui
1999 1072 2240 1139 biblio-

123 1176 316 1243 them
334 1226 355 1262 ,
387 1180 460 1243 in
495 1179 740 1268 quibus
777 1198 1256 1270 reponerentur
1279 1181 1385 1247 vel
1416 1178 1695 1245 maxime
1724 1180 2020 1248 Tulliana
2048 1180 2238 1243 volu-

126 1283 279 1348 mina
294 1333 314 1366 ,
335 1285 538 1363 fuisse
563 1286 864 1351 tabernas
886 1288 1180 1360 librariae
1195 1337 1213 1372 ,
1235 1287 1633 1377 superfuisse
1656 1303 1801 1352 tum
1817 1286 2238 1377 judiciorum,

126 1387 183 1460 in
215 1392 446 1479 quibus
487 1409 710 1483 egerat
745 1395 982 1462 Cicero
997 1444 1018 1479 ,
1055 1394 1557 1477 commentarios
1570 1443 1590 1477 ,
1636 1393 1723 1458 ab
1770 1394 1915 1485 ipso
1958 1394 2240 1457 Asconio

125 1494 424 1571 adhibitos
444 1546 464 1581 ,
498 1514 640 1563 acta
669 1501 828 1565 item
860 1518 1124 1567 senatus
1159 1518 1228 1565 et
1258 1500 1544 1585 urbana,
1578 1501 1748 1589 ipsas
1780 1520 2013 1565 manus
2048 1499 2241 1563 nobi-

125 1600 266 1665 lium
295 1605 690 1694 scriptorum
729 1604 866 1693 (1),
914 1629 1062 1694 quoe
1110 1628 1266 1678 sane
1308 1622 1519 1671 tantas
1564 1606 1887 1687 objiciunt
1926 1602 2139 1669 fraudi
2177 1619 2243 1668 et

127 1705 474 1795 impostum
492 1758 512 1793 ,
561 1709 646 1774 de
689 1732 820 1799 qua
865 1712 1120 1802 agimus
1146 1760 1165 1793 ,
1221 1710 1634 1777 difficultates
1654 1760 1673 1793 ,
1728 1732 1889 1799 quas
1938 1732 2243 1801 superare

128 1832 361 1897 omnes,
405 1817 516 1881 vix
569 1838 828 1881 summa
877 1832 1102 1905 posset
1149 1816 1487 1882 industria.
1534 1816 1837 1899 Accedit,
1890 1816 2073 1906 quod
2102 1838 2243 1880 non

129 1918 436 1986 minimam
478 1922 722 1987 hahere
752 1922 884 1993 vim
919 1924 1245 2005 existimo,
1277 1924 1553 1987 mutatio
1586 1923 1958 2011 reipublicae
1978 1972 1997 2006 ,
2030 1944 2175 2010 quae
2204 1945 2244 1985 a

129 2022 296 2089 Tullii
325 2042 542 2091 morte
570 2025 816 2117 ingruit
833 2076 852 2109 ,
885 2042 953 2092 et
983 2050 1134 2092 cum
1167 2050 1242 2091 ea
1269 2025 1682 2115 eloquentiae.
1719 2028 1853 2109 Qui
1882 2028 2243 2093 Caesaribus

131 2145 184 2199 et
211 2132 438 2198 saeeulo
469 2155 594 2197 suo
626 2130 1080 2215 adulabantur,
1111 2130 1313 2196 iidem
1344 2130 1425 2196 de
1455 2132 1767 2197 Cicerone
1791 2130 2241 2197 detrahebant.

131 2234 214 2303 Ne
256 2238 702 2324 Quintilianus
733 2239 1000 2332 quidem
1031 2255 1290 2330 poterat
1340 2261 1495 2305 suos
1529 2237 1913 2327 discipulos,
1944 2238 2243 2304 Tacitum

131 2359 188 2407 et
210 2344 484 2414 Plinium
501 2394 520 2423 ,
567 2367 873 2410 revocare
917 2343 1002 2410 ad
1049 2343 1457 2434 splendidam
1508 2345 1707 2410 Tullii
1741 2345 2241 2434 simplicitatem.

133 2449 620 2518 Declamationes
679 2469 746 2518 et
805 2453 1296 2520 exercitationes
1351 2453 1490 2535 ejus
1540 2452 1659 2518 aevi
1704 2475 1847 2542 quae
1897 2451 2141 2518 fuerint
2176 2469 2243 2517 et

132 2557 324 2642 quales
345 2607 364 2642 ,
399 2561 661 2625 Senecoe
699 2573 1031 2650 excerpta,
1069 2576 1138 2625 et
1167 2559 1671 2626 declamationes
1689 2608 1709 2644 ,
1750 2582 1893 2649 quae
1934 2557 2243 2648 subjungi

135 2659 520 2742 Quintiliano
540 2667 754 2733 solent
767 2715 788 2749 ,
828 2666 1210 2732 ostendunt.
1248 2667 1433 2733 Nihil
1454 2684 1631 2733 certe
1652 2666 1860 2731 simile
1881 2666 1985 2731 his
2006 2665 2243 2731 nostris

133 2769 512 2838 orationibus
561 2789 768 2838 exstat
786 2822 805 2856 ,
853 2797 938 2838 ne
981 2796 1114 2838 una
1162 2772 1430 2864 quidem
1463 2775 1601 2856 ejus
1632 2774 1751 2838 mvi
1784 2773 1992 2838 oratio
2013 2821 2031 2856 ,
2066 2771 2246 2836 unde

133 2875 362 2941 ostendi
395 2877 638 2966 possit,
687 2879 886 2944 fuisse
919 2880 1078 2946 alios
1096 2928 1117 2962 ,
1161 2881 1278 2969 qui
1322 2879 1655 2946 Ciceronis
1698 2879 2057 2942 imitatione
2073 2926 2092 2961 ,
2129 2877 2243 2966 qui

133 2977 300 3060 simili
345 3005 588 3072 genere
636 2984 1024 3074 eloquentiae
1041 3033 1060 3062 ,
1118 3009 1254 3074 quo
1293 2986 1401 3051 ille
1446 2984 1669 3048 floruit
1686 3031 1703 3060 ‚
1752 2983 2001 3048 censeri
2045 3003 2244 3070 cupe-

135 3105 274 3152 rent.
315 3089 560 3178 Ecquis
595 3106 816 3159 autem
862 3091 1003 3156 solo
1039 3090 1359 3156 illudendi
1404 3091 1541 3155 aliis
1586 3087 1805 3154 studio
1848 3089 1976 3152 hoc
2009 3087 2246 3152 laboris

135 3195 442 3284 suscipiet,
475 3213 554 3262 ut
589 3220 726 3262 non
761 3219 1006 3286 paucos
1043 3199 1296 3286 aliquot
1324 3218 1579 3278 versus,
1612 3216 1749 3259 non
1780 3193 2247 3260 declamatiun-

133 3300 318 3369 culam
351 3303 666 3391 aliquam,
705 3328 840 3370 non
875 3305 1056 3370 velut
1093 3318 1389 3393 excerpta
1420 3303 1778 3392 fragmenta
1797 3349 1818 3382 ,
1854 3299 1969 3366 sed
1998 3301 2241 3366 librum

133 3419 290 3484 ptem
329 3403 522 3484 justae
567 3405 796 3487 molis,
841 3407 1005 3494 quin
1050 3405 1252 3470 libros
1300 3405 1551 3493 aliquot
1594 3407 1804 3492 justos
1842 3402 1938 3492 (2)
1970 3403 2243 3485 scribat,

187 3568 257 3634 (ι)
275 3571 401 3622 Vide
419 3589 469 3622 v.
484 3590 530 3623 c.
549 3573 676 3623 Pliu.
696 3575 848 3634 xm,
873 3591 956 3635 ια,
972 3585 1096 3625 sect.
1112 3575 1178 3624 26
1201 3591 1258 3624 ια
1273 3576 1309 3624 J
1311 3589 1526 3624 unvero
1550 3571 1801 3622 Ciceronis
1818 3589 1877 3622 ac
1896 3570 2002 3621 divi
2026 3570 2239 3634 Augusti
2314 3595 2319 3600 ·

135 3657 396 3726 virgiliique
418 3657 632 3729 (manus)
649 3677 980 3727 saepenumero
1001 3663 1221 3713 videmus
1234 3685 1278 3714 n.
1304 3661 1449 3710 Adde
1468 3661 1591 3712 Gell.
1604 3662 1705 3721 11,
1736 3664 1821 3723 τά.

191 3743 260 3810 (²)
283 3751 440 3812 Quam
463 3765 652 3815 magua:
669 3750 746 3798 vel
771 3751 1091 3818 impudentia
1119 3752 1340 3802 fueritin
1366 3750 1715 3812 declamatore,
1734 3747 1919 3814 fingere
1936 3746 2053 3796 istae
2072 3761 2247 3811 genea-
2348 3769 2353 3774 ·

135 3831 290 3899 logias,
311 3853 422 3903 qua
435 3838 680 3890 habentur
695 3855 790 3905 pro
813 3843 1010 3901 Domo,
1032 3859 1077 3892 e.
1097 3849 1184 3905 47,
1207 3841 1285 3890 vel
1304 3840 1569 3906 diligentia
1592 3851 1643 3890 et
1667 3855 1853 3906 opere,
1868 3837 1979 3887 inas
2000 3838 2245 3902 requirere

137 3932 174 3970 ⁸¹
189 3922 425 3982 invenire?
451 3927 752 3980 consideret
773 3929 898 3982 mihi
921 3931 1100 3996 aliquis
1129 3931 1292 3980 locum
1316 3929 1455 3980 illum
1488 3941 1543 3980 et
1566 3943 1715 3996 quam
1736 3927 1942 3993 plurima·
1968 3926 2021 3978 iu
2040 3926 2121 3977 his
2138 3943 2244 3976 orn·

137 4009 326 4062 fiinibus
377 4015 556 4066 similia
571 4051 587 4077 ,
627 4033 838 4081 quorum
883 4019 1126 4072 nihildum
1157 4019 1441 4070 convictum
1478 4029 1550 4068 est
1578 4035 1593 4069 ι
1632 4033 1743 4086 quo
1770 4033 1884 4067 cum
1916 4015 2245 4066 monumentis

137 4097 229 4146 aliis
249 4101 380 4166 plane
398 4107 714 4172 Qun-entiam
734 4107 976 4157 videlicet.
2208 4095 2213 4100 ⁸
