2594 4537
338 300 430 373 56
967 300 1065 369 M.
1119 300 1195 367 T.
1249 294 1861 369 CICERONIS

333 448 496 523 quae
545 420 910 494 familiaris
943 418 1296 518 dignitas?
1332 444 1493 517 quae
1534 416 1769 489 studia
1808 415 2261 487 amicorum?
2302 440 2477 515 quae

331 561 423 607 ex
445 556 744 632 quoque
776 530 1030 602 ordine
1057 528 1501 603 multitudo?
1527 534 1691 600 Haec
1717 526 1842 599 diu
1868 525 2329 624 multumque
2346 582 2369 615 ‚
2396 544 2478 601 et
2572 546 2574 551 ·

332 644 568 715 multo
619 640 869 713 labore
903 642 1238 739 quaesita,
1300 663 1449 710 una
1510 639 1775 737 eripuit
1828 636 2009 708 hora
2032 647 2117 707 ¹².
2171 640 2475 737 Accepit

329 758 404 825 P.
451 753 679 840 Sulla,
713 749 1025 846 judices,
1063 750 1453 821 vehemens
1502 748 1765 819 vulnus
1820 760 1893 819 et
1958 746 2415 819 mortiferum
2450 777 2469 819 ε

329 877 824 935 verumtamen
869 861 1257 957 ejusmodi,
1308 858 1511 957 quod
1564 857 1932 930 videretur
1985 858 2145 953 ejus
2195 859 2345 928 vita
2395 873 2473 930 et

331 990 588 1046 natura
614 975 936 1072 accipere
964 973 1282 1072 potuisse
1302 968 1825 1045 1³.‚H0nestatis
1854 984 1929 1041 et
1950 968 2313 1069 dignitatis
2340 968 2469 1040 ha-

333 1084 576 1157 buisse
636 1086 850 1155 nimis
897 1106 1232 1180 magnam
1278 1080 1639 1179 judicatus
1690 1094 1797 1151 est
1824 1078 1887 1135 ¹⁴
1937 1078 2409 1177 cupiditatem
2450 1108 2467 1150 ε

331 1219 552 1293 quam
601 1196 662 1265 si
710 1217 928 1265 nemo
981 1194 1164 1265 alius
1211 1190 1469 1265 habuit
1526 1193 1602 1261 in
1658 1190 2039 1262 consulatu
2092 1189 2415 1287 petendo
2448 1246 2469 1277 ,

329 1304 665 1403 cupidior
699 1302 1060 1399 judicatus
1087 1298 1282 1375 est¹⁵
1316 1302 1437 1373 hic
1467 1299 1721 1389 fuisse,
1768 1324 1988 1397 quam
2028 1300 2293 1387 ceteri3
2354 1302 2467 1372 sin

329 1419 544 1486 etiam
583 1416 659 1485 in
691 1414 846 1485 aliis
877 1412 1252 1485 nonnullis
1275 1410 1413 1484 fuit
1448 1414 1582 1483 iste
1620 1412 2035 1484 consulatus
2066 1434 2295 1499 amor,
2324 1409 2469 1482 for-

330 1539 510 1596 tuna
546 1528 624 1595 in
660 1523 802 1596 hoc
835 1522 984 1595 fuit·
1013 1522 1313 1595 fortasse
1348 1523 1633 1621 gravior
1654 1518 1756 1609 ¹⁶,
1798 1544 2017 1618 quam
2058 1520 2137 1590 in
2182 1521 2463 1591 ceteris.

329 1641 582 1707 Postea
623 1659 798 1706 vero
832 1636 996 1731 quis
1032 1641 1106 1707 P.
1151 1634 1421 1707 Sullam
1446 1686 1465 1722 ‚
1508 1633 1646 1703 nisi
1680 1646 2111 1702 moerentem
2132 1684 2153 1719 ‚
2202 1628 2467 1702 demis-

327 1771 492 1818 sum
509 1800 529 1833 ,
561 1743 1056 1843 afflictumque
1079 1744 1484 1842 vidit?quis
1512 1766 1861 1839 umquam
1892 1753 2002 1813 est
2030 1742 2469 1839 suspicatuS,

327 1855 528 1927 hunc
559 1858 784 1953 magis
813 1854 982 1927 odio
1001 1911 1021 1946 ‚
1051 1881 1268 1955 quam
1306 1855 1589 1955 pudore
1621 1852 2005 1925 hominum
2040 1850 2467 1951 adspectum

330 1964 716 2063 lucemque
757 1968 1034 2039 vitare?
1095 1970 1242 2060 Qui
1286 1990 1519 2064 quum
1564 1964 1791 2036 multa
1852 1960 2153 2034 haberet
2204 1963 2463 2034 invita-

331 2090 577 2146 menta
624 2074 824 2146 urbis
851 2092 926 2147 et
950 2075 1122 2165 fori,
1151 2092 1454 2175 propter
1476 2100 1755 2147 summa
1778 2071 2015 2145 studia
2036 2076 2467 2162 amicorum,

329 2208 492 2282 quae
524 2198 766 2257 tamen
795 2186 859 2257 ei
891 2187 1041 2258 sola
1089 2188 1167 2257 in
1193 2186 1397 2258 malis
1427 2188 1883 2273 restite-funt,
1914 2180 2148 2255 abfuit
2180 2184 2273 2255 ab
2304 2210 2472 2257 ocu·

327 2294 414 2366 lis
437 2298 726 2382 vestris;
763 2310 838 2368 et
856 2351 876 2383 ‚
907 2320 1138 2396 quum
1167 2297 1324 2394 lege
1350 2298 1859 2368 retineretur¹⁷
1880 2349 1899 2384 ‚
1935 2297 2187 2394 ipsese
2216 2295 2469 2368 exsilio

329 2427 530 2500 paene
571 2404 922 2477 multavit.
1871 2434 1907 2460 *κ

427 2518 722 2586 XXVII.
770 2518 856 2584 In
920 2515 1062 2586 hoc
1117 2539 1248 2587 vos
1300 2515 1581 2614 pudore
1602 2527 1624 2560 ¹
1652 2570 1672 2605 ,
1718 2515 2035 2612 judice5‚
2082 2530 2155 2589 et
2202 2517 2279 2585 in
2332 2516 2469 2588 hac

331 2625 512 2712 vita,
553 2639 758 2697 tanto
806 2626 1096 2698 scolex-1²
1137 2625 1383 2698 locum
1433 2623 1652 2698 fuisse
1711 2617 2050 2699 creditis?
2102 2625 2468 2724 Adspicite

407 2935 490 2969 ω.
518 2922 628 2968 Una
654 2920 832 2985 eripuit
853 2920 994 2970 bora.
1021 2923 1132 2984 Qua
1154 2920 1353 2970 damna-

329 3008 408 3046 ta!
433 3010 528 3048 ent.

405 3077 488 3128 13.
527 3077 782 3126 Πάνθειαν
815 3079 917 3144 esus
951 3080 1059 3129 ve'ea
1090 3091 1140 3128 et
1167 3087 1351 3128 natura

330 3156 553 3221 accipere
575 3156 805 3220 potuisse.
841 3157 968 3220 Quia
991 3159 1090 3207 vita
1125 3159 1228 3220 ejus
1256 3159 1351 3206 be-

329 3233 516 3283 nefieiis
560 3236 705 3300 plena
748 3236 872 3284 nihil
923 3237 1165 3302 prodebat
1209 3239 1351 3299 eujus

326 3329 436 3363 eum
463 3312 668 3380 puderet
685 3347 701 3374 ,
729 3327 778 3364 et
796 3325 969 3364 natura
992 3328 1096 3365 erat
1115 3327 1216 3365 tam
1226 3327 1352 3365 ton-

327 3395 498 3452 stnnti‚
535 3405 592 3444 nt
625 3394 944 3446 calamitatem
981 3413 1118 3447 suam
1159 3398 1351 3447 fortiter

325 3474 530 3524 tolerare
555 3486 739 3539 poscet.

401 3562 480 3610 14.
505 3554 786 3603 Honeseaeis
897 3554 1153 3622 judicatus
1175 3566 1248 3602 ese
1264 3571 1348 3602 ew-

312 3629 588 3694 pt‘dieaeem.
619 3618 694 3681 ld‘
717 3643 817 3694 est,
851 3635 994 3684 nimia
1029 3632 1207 3699 cupide
1243 3649 1347 3683 am·

320 3707 465 3758 hiim
491 3711 812 3764 consulatum.

397 3789 482 3837 15.
518 3789 774 3840 ludimus
811 3804 885 3840 ese
927 3791 1006 3840 ln'c
1015 3791 1193 3857 fuisse.
1229 3789 1347 3844 Sine

320 3882 464 3916 canu
494 3869 684 3920 Ernest.
713 3888 952 3938 reponere
974 3873 1195 3922 voluerat
1221 3895 1247 3915 ι
1265 3875 1346 3935 ju-

319 3945 510 3996 dicetur
519 3967 560 3995 ιο.
580 3951 613 3997 J
617 3949 706 3998 JV.
730 3953 784 4000 L.

1440 2920 1493 2968 in
1522 2921 1708 2971 ceteris.
1734 2922 1885 2985 Quin,
1923 2937 2078 2986 quum
2111 2920 2166 2970 in
2190 2921 2300 2986 pari
2320 2923 2467 2988 culpa

1438 3000 1523 3048 alii
1570 2997 1750 3049 fuerint
1763 3034 1779 3061 ,
1818 3001 1951 3050 eolus
1988 3011 2153 3050 umen
2194 2999 2329 3050 snua
2380 3002 2466 3052 dn-

1438 3089 1633 3128 mnatns
1656 3091 1744 3130 eet.

1515 3173 1596 3222 17.
1642 3161 1798 3222 Quum
1844 3159 1953 3225 Iege
1993 3158 2297 3210 retineretur.
2338 3162 2466 3226 Lege

1438 3238 1698 3302 Calpurnia
1713 3273 1727 3298 ,
1764 3253 1874 3302 (με
1908 3237 1971 3285 de
2009 3237 2197 3286 ambitu
2223 3238 2465 3289 damnatis

1436 3317 1661 3366 exsilium
1685 3333 1789 3366 non
1814 3316 2076 3382 irrogabat.
2097 3319 2269 3367 Postea
2293 3319 2463 3369 decem

1436 3413 1671 3445 annorum
1697 3397 1923 3446 exsilium
1946 3396 2139 3445 addidit
2162 3399 2321 3446 Tullia
2350 3401 2462 3460 lex,

1436 3491 1463 3524 a
1494 3477 1695 3526 consule
1720 3475 1955 3526 Cicerone
1975 3475 2102 3540 lata,
2118 3479 2465 3542 qui-timebat

1434 3571 1497 3603 ne
1542 3555 1651 3619 quis
1690 3555 1909 3604 Catilina
1953 3554 2139 3604 amicus
2184 3557 2357 3606 furtim
2406 3559 2461 3606 in

1434 3633 1739 3682 consulatum
1759 3637 2009 3698 irreperet.

1502 3714 1718 3762 xxvu.
1749 3730 1793 3762 1.
1828 3712 2049 3775 Pudore,
2074 3712 2303 3778 judiees,
2334 3727 2387 3763 ee
2408 3716 2461 3763 in

1434 3792 1532 3840 Ιιασ
1549 3793 1656 3844 via.
1677 3793 1779 3842 Alii
1792 3827 1807 3853 ,
1834 3813 1861 3836 σε
1878 3793 2074 3857 pudore
2098 3793 2277 3854 judicii
2292 3829 2309 3856 ,
2334 3808 2387 3844 et
2406 3797 2461 3844 in

1434 3871 1485 3920 h.
1504 3889 1551 3920 V.
1566 3893 1594 3914 ι·
1612 3875 1665 3921 J.
1684 3877 1746 3921 V.
1767 3875 1822 3922 L.

1506 3967 1553 4000 2.
1586 3953 1743 4002 Tanto
1778 3951 1961 4002 sceleri.
1995 3951 2057 4000 ld
2092 3962 2190 4012 est,
2224 3955 2457 4016 conjura·

393 4023 696 4076 &fortuna
713 4028 762 4077 in
784 4029 898 4079 hoe.
915 4065 928 4080 .
945 4029 1176 4096 ,σαρίσῃ
1191 4045 1341 4096 quam
1430 4031 1569 4080 tioni.
