2594 4537
328 303 2006 332 mmmm-mmmmm
2011 312 2478 334 mmm

559 513 1360 605 MARKLANDI
1433 517 1598 605 ET
1661 519 2228 610 GESNERI

410 747 2420 913 PRAEFATIONES

786 1068 795 1076 ·
866 1043 1948 1153 ANIMADVERSIONUM.

326 1429 382 1492 I.
420 1373 816 1494 Ausonum
860 1425 1300 1512 disputatione
1349 1427 1432 1492 de
1484 1425 1614 1494 fide
1671 1433 2089 1520 epistolarum
2132 1439 2466 1507 Ciceronis

327 1532 410 1598 ad
443 1535 721 1598 Brutum
750 1549 817 1596 et
852 1531 1037 1596 Bruti
1068 1531 1159 1622 adq
1197 1532 1610 1617 Ciceronem,
1655 1537 1830 1602 aliud
1865 1541 2230 1628 periculum
2273 1548 2466 1614 nobis

328 1635 749 1702 subeundum
794 1653 891 1700 est
910 1683 930 1718 ,
980 1635 1157 1702 ultro
1208 1639 1575 1726 quaesituris
1623 1641 1708 1707 de
1751 1649 2134 1714 auctoritate
2181 1669 2468 1738 quatuor

329 1742 703 1808 orationum
726 1789 747 1823 ‚
799 1763 943 1828 quae
990 1744 1330 1808 communi
1389 1743 1730 1812 doctorum
1783 1773 2110 1818 consensu
2167 1757 2464 1824 Ciceroni

328 1848 575 1926 tribui,
608 1869 758 1911 cum
792 1847 1061 1934 ejusque
1096 1848 1404 1935 operibus
1440 1851 1524 1916 ab
1569 1855 1875 1920 omnibus
1913 1857 2276 1926 editoribus
2305 1886 2466 1930 con·

318 1954 509 2044 jungi
543 1952 772 2018 solent.
810 1953 1172 2040 Loquimur
1215 1952 1297 2018 de
1341 1958 1744 2024 orationibus
1780 1960 2034 2030 duabus
2080 1985 2234 2055 post
2282 1970 2467 2036 Redi-

332 2077 475 2126 tum
492 2106 512 2142 ,
544 2081 665 2147 pro
686 2060 905 2124 Domo
930 2080 1079 2140 sua,
1104 2057 1185 2122 ad
1214 2059 1562 2127 Pontifices
1582 2112 1601 2146 ,
1633 2065 1716 2129 de
1747 2067 2180 2160 Haruspicum
2197 2097 2468 2164 respon-

327 2166 433 2232 sis.
460 2164 639 2247 Quas
672 2186 877 2253 quum
911 2161 1058 2228 dico
1084 2165 1246 2230 mihi
1276 2168 1524 2255 spurias
1553 2185 1619 2234 et
1647 2175 2088 2262 supposititias
2127 2179 2328 2246 videri
2347 2231 2370 2264 ,
2399 2183 2464 2248 id

322 2294 571 2337 novum
606 2288 670 2335 et
700 2270 1075 2353 admirabile
1114 2271 1364 2339 accidet
1397 2271 1766 2365 plerisqu03
1802 2281 2336 2373 quandoquidem
2369 2306 2464 2355 tot

326 2378 598 2458 eruditi,
645 2375 986 2463 multiplici
1030 2375 1327 2443 doctrina
1377 2404 1482 2445 me
1531 2382 1724 2474 longe
1768 2390 2132 2476 superiores
2151 2440 2170 2475 ,
2207 2416 2328 2481 per
2368 2412 2463 2461 tot

324 2485 555 2551 saecula
601 2506 739 2548 non
774 2486 975 2549 modo
1020 2486 1185 2551 nihil
1219 2488 1540 2567 ejusmodi
1573 2510 1963 2563 notaverunt
1983 2544 2002 2576 ,
2046 2500 2162 2565 sed
2193 2503 2392 2569 etiam
2427 2528 2460 2569 a

326 2590 623 2679 pluribus
658 2612 733 2653 ac
765 2591 957 2678 primi
988 2591 1233 2659 ordinis
1265 2595 1420 2661 viris
1451 2595 1641 2663 docte
1663 2620 2088 2693 accurateque
2120 2608 2360 2697 scripta
2383 2610 2462 2675 ad

326 2696 500 2777 illas,
538 2712 867 2783 tamquam
902 2698 1139 2787 probas
1187 2717 1253 2765 et
1299 2702 1787 2790 Ciceronianus,
1834 2716 2304 2781 commentaria
2347 2717 2460 2783 ha·

325 2799 556 2865 bemus
577 2848 596 2881 ,
640 2801 711 2865 in
760 2802 998 2890 quibus
1044 2805 1221 2869 nulla
1270 2828 1546 2895 usquam
1585 2812 1780 2893 hujus
1819 2818 2146 2905 opinionis
2179 2824 2459 2912 suspicio

328 2906 669 2994 reperitur.
721 2906 952 2995 Neque
1005 2932 1160 2973 vero
1210 2928 1466 2977 tantum
1510 2920 1878 2984 recentioris
1919 2924 2034 2989 aevi
2081 2928 2458 3015 scriptores,

328 3010 443 3077 sed
476 3012 597 3101 ipsi
632 3034 896 3100 quoque
926 3028 1169 3079 veteres
1193 3017 1506 3102 Romani,
1539 3025 1875 3089 sententiae
1907 3044 2142 3094 nostrae
2173 3035 2458 3120 speciose

326 3116 518 3197 objici
543 3134 837 3206 possunt.
868 3118 1037 3183 Nam
1066 3121 1352 3208 primum
1379 3126 1700 3193 Asconius
1729 3130 2079 3218 Pedianus,
2107 3160 2306 3226 quem
2337 3142 2456 3206 sub

329 3222 603 3311 Augusti
634 3224 999 3311 principatu
1032 3227 1134 3290 vel
1170 3250 1304 3292 non
1343 3230 1434 3293 ita
1466 3234 1674 3298 multo
1709 3256 1860 3323 post
1887 3240 2120 3307 vixisse
2155 3263 2452 3331 ponunt,

324 3323 573 3413 aliquot
624 3350 847 3391 versus
888 3330 1103 3395 attulit
1146 3336 1231 3396 ex*
1272 3358 1404 3398 una
1451 3336 1684 3403 harum
1722 3344 2091 3410 orationum
2112 3396 2131 3430 ,
2171 3372 2280 3433 ea,
2317 3375 2452 3441 quae

322 3446 421 3494 est
453 3429 534 3495 de
572 3432 1003 3520 Haruspicum
1036 3440 1402 3523 responsis3
1433 3464 1664 3529 quam,
1699 3448 1752 3509 si
1785 3470 1918 3513 non
1955 3454 2302 3539 pessimam
2329 3481 2452 3522 om·

320 3536 537 3618 nium,
576 3553 747 3601 certe
782 3538 1045 3625 reliquis
1078 3543 1253 3607 nulla
1279 3562 1460 3632 parte
1501 3550 1830 3616 meliorem
1854 3554 2079 3635 judico
2112 3576 2304 3626 :tum
2335 3563 2450 3627 hu-

310 3642 417 3721 jus
462 3642 664 3729 ipsius
710 3643 1020 3709 orationis
1062 3648 1258 3712 alium
1307 3651 1525 3717 locum
1577 3655 1849 3723 fortasse
1883 3666 2164 3751 respexit
2197 3668 2449 3751 Quinti·

313 3743 524 3809 lianus
554 3770 568 3809 ε
607 3746 840 3812 deinde
884 3750 1146 3815 tertium
1185 3756 1533 3840 quemdam
1567 3762 1858 3841 ejusdem
1891 3770 2201 3837 orationis
2239 3774 2442 3839 locum

316 3849 590 3915 totidem
635 3876 842 3940 prope
882 3857 1096 3921 verbis
1144 3860 1418 3948 legimus
1465 3868 1640 3955 apud
1682 3870 2011 3940 Valerium
2055 3878 2442 3947 Maximum:

314 3954 599 4043 denique
638 3973 945 4043 quartum
980 3960 1061 4022 ab
1096 3965 1388 4030 Arnobio
1423 3989 1795 4060 excerptum
1825 4000 1840 4040 ε
1883 3997 2214 4065 postremo
2245 3986 2439 4066 illius,
