2594 4537
412 276 689 347 ORAT.
742 276 879 345 DE
927 276 1368 346 HARUSP.
1421 276 2002 346 RESPONSIS.
2123 278 2278 373 477

70 406 177 473 in
264 400 419 490 hoc
476 390 733 470 ordine
764 452 783 486 ,
828 398 958 495 qui
1032 396 1376 468 sacrificia
1438 397 1837 494 gentilitia²
1859 452 1878 485 ,
1945 396 2072 469 illo
2123 399 2284 495 ipso

72 516 183 583 in
250 511 565 597 sacello,
619 522 890 581 statuto
926 509 1091 579 loco
1118 563 1137 596 ,
1206 510 1673 580 anniversarii
1752 507 2157 580 factitarint.
2191 514 2284 579 Et

78 622 679 717 conquirimus,
733 618 833 689 dii
884 618 1326 690 immortales
1392 644 1552 715 quae
1609 620 1768 690 loca
1831 619 2282 705 desiderent,

82 731 323 829 quid
352 728 797 828 significent,
830 728 921 800 de
958 754 1108 826 quo
1131 727 1582 825 loquantur?
1611 732 1670 798 A
1694 732 1883 799 Sext.
1919 734 2227 800 Serrano
2250 727 2280 773 3

87 842 585 913 sanctissima
654 838 907 910 sacella
973 836 1319 925 suffossa,
1373 840 1760 925 incensa‘»,
1815 836 2280 925 iuaedificata‚
2354 834 2362 843 ⁶

88 976 487 1049 oppressa
505 948 558 1038 ⁵,
606 974 887 1021 summa
944 948 1263 1047 denique
1301 946 1756 1045 turpitudine
1809 972 1963 1019 esse
2018 947 2282 1020 foedata

94 1062 551 1133 nescimus?

230 1174 349 1240 Tu
378 1194 615 1241 meam
633 1169 939 1242 domum
966 1168 1371 1267 religiosam
1401 1166 1635 1239 facere
1665 1169 2008 1264 potuisti?
2033 1174 2280 1267 Ecqua

98 1280 431 1350 mente?
462 1303 682 1376 quam
720 1281 1055 1350 amiseras
1087 1305 1103 1349 ε
1140 1302 1284 1376 qua
1319 1302 1540 1381 manu
1565 1277 1594 1347 Ξ)
1623 1302 1769 1374 qua
1791 1276 2228 1351 disturbaras
2261 1307 2278 1350 ε

100 1414 303 1486 qua·
323 1390 543 1459 voce?
594 1414 741 1486 qua
784 1387 1077 1459 incendi
1114 1388 1472 1483 jusseras:
1516 1412 1660 1485 qua
1696 1378 1904 1484 lege?
1932 1414 2149 1486 quam
2186 1416 2281 1462 ne

104 1502 209 1569 in
250 1498 371 1569 illa
412 1498 711 1596 quidem
750 1501 1183 1596 impunitate
1208 1512 1334 1570 tua
1364 1494 1829 1596 scripseras⁶z
1868 1502 2020 1595 quo
2051 1499 2284 1596 pulvi·

110 1610 347 1681 nari?
374 1610 575 1707 quod
619 1625 986 1707 stupraras
1016 1620 1041 1665 ⁷
1092 1637 1108 1679 :
1165 1634 1319 1707 quo
1379 1606 1820 1679 simulacro?
1875 1606 2078 1704 quod
2121 1632 2282 1680 ere-

114 1736 354 1819 ptum
382 1744 471 1791 ex
505 1714 943 1792 meretricis⁸
1000 1720 1332 1818 sepulcro
1373 1722 1448 1789 in
1484 1720 1990 1817 imperatorisv
2021 1742 2286 1790 monu-

112 1846 395 1902 mento
435 1831 849 1903 collocaras.
896 1830 1092 1921 Quid
1142 1829 1366 1901 habet
1419 1853 1579 1899 mea
1633 1828 1894 1900 domus
1939 1829 2284 1927 religiosi,

118 1942 283 2013 nisi
309 1940 513 2036 quod
540 1942 804 2039 impuri
844 1954 917 2012 et
952 1940 1270 2037 sacrilegi
1302 1940 1650 2037 parietem
1683 1938 1966 2034 tangit?
1993 1944 2285 2035 Itaque,

120 2077 233 2123 ne
276 2053 443 2149 quis
472 2076 799 2124 meorum
840 2050 1265 2150 imprudens
1300 2051 1776 2148 introspicere
1817 2053 2048 2146 possit
2085 2065 2284 2120 tuam

123 2161 481 2247 domum,
516 2185 602 2232 ac
638 2177 709 2233 te
742 2186 941 2234 sacra
977 2160 1094 2232 illa
1131 2176 1255 2232 tua
1289 2158 1672 2232 facientem
1701 2156 1988 2246 videre3
2037 2158 2284 2229 tollam

122 2273 355 2353 altius
390 2287 665 2345 tectum
688 2283 751 2318 ¹⁰
782 2299 799 2342 :
845 2298 997 2344 non
1034 2286 1117 2344 ut
1154 2296 1293 2370 ego
1332 2286 1404 2343 te
1441 2268 1831 2368 despiciam
1858 2323 1878 2358 ,
1914 2267 2040 2340 sed
2075 2294 2168 2340 ne
2199 2284 2282 2340 tu

127 2383 489 2480 adspicias
528 2381 790 2454 urbem
832 2407 985 2454 eam
1008 2437 1027 2469 ,
1073 2407 1292 2481 quam
1334 2381 1576 2452 delere
1605 2381 1913 2451 voluisti.

238 2495 427 2562 XVI.
476 2487 617 2562 Sed
644 2491 795 2586 jam
832 2490 1300 2590 haruspicum
1347 2490 1628 2588 reliqua
1659 2514 2006 2588 responsa
2044 2487 2284 2561 videa·

130 2625 333 2673 mus»
372 2607 757 2679 ,Osseronns
789 2626 1073 2674 conns
1100 2627 1221 2675 sus
1252 2627 1522 2686 rasonis
1559 2627 2054 2674 surznrnc'ros.
2091 2599 2286 2692 Quid

132 2837 224 2876 lut
244 2822 461 2886 Coelt'olo,
477 2827 697 2890 quamvis
716 2827 767 2875 in
782 2825 923 2876 libris
938 2817 1165 2875 omnibus

140 2904 379 2954 Caeliculo
421 2905 629 2970 legatur.
668 2907 889 2956 Coeliolus
934 2906 1165 2955 scribitur

139 2987 279 3052 apud
298 2989 569 3036 Varronem
579 3022 597 3045 ,
640 2997 690 3035 et
726 2989 857 3036 Sext.
880 2988 1065 3037 Rufum
1082 3023 1099 3048 ,
1116 2997 1165 3034 et

136 3067 411 3114 ‘Victorem-
434 3067 545 3114 Fuit
566 3065 707 3114 collis
721 3101 735 3124 ,
755 3078 813 3115 nt
835 3066 1045 3124 videtur,
1070 3065 1162 3114 hu-

1255 2841 1522 2891 oppressa,
1558 2838 1616 2876 ut
1641 2827 1692 2874 in
1722 2827 1982 2890 profanum
2003 2841 2146 2872 usum
2183 2825 2287 2872 fue-

1253 2906 1353 2952 rint
1383 2903 1521 2962 loca,
1560 2905 1613 2951 in
1635 2905 1815 2968 quibus
1840 2914 1979 2952 erant
2005 2904 2095 2950 sita
2115 2937 2132 2962 ,
2162 2918 2287 2951 con-

1254 3001 1408 3036 versa.

1326 3063 1376 3113 6.
1405 3063 1692 3128 Scapt-ems.
1735 3061 1943 3128 Scripsit
1978 3061 2108 3109 enim
2143 3061 2281 3112 Sext.

138 3145 308 3194 milior
329 3145 485 3196 Coelio
511 3143 695 3192 adsitus
718 3160 731 3192 :
762 3145 877 3193 inde
902 3157 1109 3193 vocatur
1132 3161 1164 3191 a

140 3223 401 3284 Martiale,
436 3225 562 3285 ΧΠ,
593 3224 655 3282 6,
679 3223 902 3292 «Coelins
932 3225 1165 3275 minora:

140 3305 257 3351 vide
300 3314 475 3367 praeter
512 3303 838 3362 Martisnnm,
884 3304 1131 3352 Donatum
1149 3339 1165 3362 ,

140 3384 293 3442 alios,
328 3383 381 3432 in
404 3382 578 3447 primis
602 3383 819 3432 Famisni
843 3381 1051 3432 Nat-dini
1078 3398 1165 3430 ve·

143 3473 293 3511 terem
314 3463 554 3520 Romam,
588 3463 667 3520 11,
698 3475 745 3510 a.
824 3490 829 3496 ·

217 3557 267 3590 a.
294 3539 395 3588 Alii
409 3574 427 3600 ‚
446 3539 671 3605 gentilia.

214 3621 266 3668 3.
310 3621 444 3668 Sext.
490 3621 719 3668 Serv-ano.
764 3613 930 3668 Atiliae
986 3621 1168 3685 gentis,

144 3699 257 3763 qui,
284 3716 436 3764 quum
464 3699 526 3747 de
564 3699 817 3748 Ciceronis
855 3700 1019 3748 reditu
1052 3715 1168 3765 pro·

143 3779 353 3845 mulgata
376 3781 461 3828 lex
481 3791 580 3841 est,
619 3780 845 3829 tribunus
863 3781 1023 3845 plebis
1056 3795 1169 3828 enm

144 3859 328 3908 Ninnio
346 3861 636 3909 intercessit.
904 3909 915 3918 ,

216 3947 263 3994 4.
292 3939 483 3988 Ernest.
508 3937 688 3988 delevit
716 3937 931 3988 incensa.

212 4019 267 4070 5.
308 4022 566 4084 Oppressa.
606 4019 832 4082 Quorum
872 4015 1042 4083 religio
1078 4013 1171 4068 suit

1254 3142 1480 3192 Clodius.

1330 3241 1378 3284 7.
1411 3219 1560 3288 Quod
1577 3231 1847 3286 stuprat-as.
1873 3223 2038 3284 Quum
2060 3231 2284 3286 stuprum

1254 3300 1408 3353 Bonae
1437 3303 1554 3349 Deae
1578 3299 1914 3364 pulvinaribus
1941 3297 2172 3350 intulisti.

1330 3384 1379 3431 8.
1411 3377 1699 3430 Men-tricis.
1729 3381 2006 3443 Tanagreae.
2029 3377 2156 3429 Vide
2193 3396 2286 3444 pro

1256 3462 1424 3509 Domo
1453 3456 1652 3522 passim.

1331 3555 1379 3602 9.
1408 3533 1742 3602 Imperatoris.
1765 3531 1945 3585 Catuli.

1334 3633 1414 3665 10.
1439 3617 1632 3666 ToIIam
1666 3614 1816 3662 aleius
1863 3627 2058 3662 tectum.
2101 3614 2282 3664 Clodio

1256 3695 1328 3746 ait
1344 3695 1519 3747 Cicero
1542 3708 1556 3744 τ
1585 3711 1650 3742 ne
1673 3695 1783 3758 quis
1805 3709 2026 3742 meorum
2051 3693 2289 3758 introspi-

1257 3793 1366 3826 cere
1382 3775 1540 3840 possit
1558 3811 1576 3839 ,
1602 3775 1746 3824 etiam
1767 3771 2062 3838 imprudens,
2087 3785 2136 3820 et
2157 3789 2288 3836 casu,

1257 3867 1392 3904 tunm
1417 3855 1617 3903 domum
1633 3889 1648 3912 ,
1670 3865 1718 3901 et
1742 3853 1909 3900 videre
1935 3868 1992 3900 ea
2007 3887 2021 3910 ,
2050 3869 2160 3916 quae
2181 3871 2282 3902 sce-

1255 3935 1404 3984 lerate
1443 3935 1587 3994 facis,
1630 3955 1654 3974 α
1676 3931 1847 3982 tollam
1882 3929 2028 3980 altius
2067 3943 2284 3982 tectum-

1258 4031 1381 4066 meae
1401 4013 1593 4064 domus.
1615 4015 1698 4064 An
1725 4027 1843 4078 ergo
1865 4003 1946 4061 'sic
1971 4012 2286 4079 inpediebat,
