2594 4537
361 299 493 372 190
986 249 1081 340 Μ.
1134 273 1211 340 Τ.
1265 273 1847 344 CICERONIS

352 407 581 471 tuam.
626 393 815 467 Illud
842 417 1126 491 quaero,
1164 394 1403 465 sintne
1439 397 1574 466 ista
1599 393 1867 492 praedia
1897 397 2148 466 censui
2181 417 2506 469 censen-

350 511 447 582 do
468 502 570 598 1⁸3
602 504 914 578 habeant
932 504 1051 599 jus
1080 503 1326 590 civile3
1373 505 1550 590 sint,
1575 529 1810 576 necne
1829 507 2010 592 sint,
2043 508 2378 605 mancipi
2403 517 2508 594 ¹⁹3

350 616 755 713 subsignari
774 623 839 658 ²⁰
882 610 1075 712 apud
1110 615 1438 684 aerarium
1458 670 1479 704 ,
1531 614 1728 714 apud
1755 637 2128 686 censorem
2165 620 2503 714 possint:

350 731 429 800 in
456 751 603 826 qua
641 724 840 796 tribu
856 733 917 768 ²¹
953 722 1273 820 denique
1296 726 1430 796 ista
1456 723 1722 822 praedia
1759 727 2144 798 censuisti?
2164 731 2505 799 Commi-

352 840 542 927 sisti,
576 837 637 908 si
672 851 960 934 tempus
992 833 1284 932 aliquod
1333 836 1620 932 gravius
1659 835 2068 924 accidisset,
2099 851 2188 909 ut
2236 863 2334 909 ex
2371 839 2504 909 iis-

352 951 519 1023 dem
554 945 837 1046 praediis
890 959 962 1016 et
1020 943 1446 1042 Apollonide
1463 955 1528 988 ²²
1551 999 1570 1034 ,
1641 959 1714 1018 et
1753 949 2001 1018 Romae
2047 947 2500 1044 imperatum

352 1075 541 1134 esset
564 1055 940 1130 tributum.
977 1060 1241 1126 Verum
1280 1071 1458 1127 esto.
1493 1055 1872 1128 Gloriosus
1915 1055 2134 1128 fuisti.
2173 1057 2502 1129 Voluisti

350 1193 695 1266 magnum
728 1169 879 1264 agri
914 1164 1209 1236 modum
1244 1167 1520 1238 censeri
1539 1221 1558 1256 ,
1599 1181 1674 1238 et
1707 1167 1862 1263 ejus
1888 1170 2071 1266 agri,
2105 1168 2236 1265 qui
2257 1166 2499 1239 dividi

348 1280 547 1382 plebi
583 1303 897 1351 romanae
937 1301 1086 1348 non
1132 1291 1372 1375 potest
1389 1273 1478 1346 ²³.
1521 1282 1796 1350 Census
1835 1302 1914 1350 es
1950 1291 2300 1376 praeterea
2352 1303 2498 1349 nu-

351 1405 637 1464 meratae
690 1389 1015 1488 pecuniae
1052 1401 1344 1459 centum
1397 1389 1686 1486 triginta
1727 1391 1886 1459 H-S
1927 1388 2156 1459 millia
2169 1391 2260 1459 ²⁴.
2307 1391 2492 1460 Eam

352 1505 615 1601 opinor
674 1499 808 1572 tibi
860 1511 1308 1570 numeratam
1365 1523 1516 1568 non
1577 1521 1729 1570 esse
1796 1496 1926 1569 abs
1985 1512 2082 1569 te.
2141 1497 2284 1570 Sed
2339 1497 2497 1567 haec

350 1614 629 1687 omitto.
654 1615 927 1682 Census
944 1633 1019 1679 es
1036 1610 1390 1706 mancipia
1423 1613 1763 1706 Arnyntae.
1789 1611 2046 1708 Neque
2068 1609 2242 1680 huic
2261 1607 2488 1679 ullam

350 1728 431 1796 in
484 1747 575 1797 eo
625 1719 853 1792 fecisti
899 1719 1234 1814 iujuriam
1274 1747 1291 1789 ε
1353 1719 1674 1817 possidet
1733 1722 1926 1790 enim
1991 1743 2076 1790 ea
2129 1719 2492 1816 mancipia

350 1839 717 1930 Amyntas.
756 1834 857 1903 Ac
897 1833 1136 1928 primo
1176 1829 1472 1927 quidem
1517 1831 1933 1928 pertimuit,
1973 1853 2209 1927 quum
2243 1845 2320 1900 te
2357 1853 2489 1899 au·-

352 1945 574 2017 disset
619 1965 863 2022 servos
906 1965 1077 2012 suos
1120 1962 1274 2012 esse
1319 1962 1640 2010 censum.
1681 1939 1954 2011 Retulit
1991 1937 2082 2010 ad
2122 1939 2487 2035 juriscon-

352 2055 596 2128 sultos.
636 2049 1029 2126 Constabat
1060 2052 1251 2122 inter
1307 2073 1558 2121 omnes
1575 2104 1596 2136 ‚
1642 2052 1700 2122 si
1747 2047 2059 2121 aliena²⁵
2110 2047 2482 2122 censendo

426 2290 507 2335 ²⁴7·
534 2274 597 2321 In
608 2267 911 2337 possessione
926 2280 1032 2317 cua.
1059 2267 1175 2317 Nou
1205 2282 1375 2332 posse·

278 2410 285 2417 ,
354 2353 471 2403 disti
489 2385 505 2411 ,
539 2366 699 2415 neque
725 2349 862 2398 hono
886 2349 1053 2413 aliquo
1079 2347 1227 2396 titulo
1248 2347 1373 2410 juris

348 2430 564 2483 tenuisti.

428 2513 511 2560 18.
544 2506 722 2559 censui
746 2504 1004 2555 censendo.
1030 2506 1111 2555 Sic
1130 2506 1233 2570 agri
1250 2520 1370 2570 pro·

350 2590 455 2655 prie
474 2585 797 2651 appellantur,
820 2584 907 2647 qui
931 2596 983 2633 st
1004 2585 1098 2633 emi
1126 2596 1176 2633 et
1198 2585 1367 2633 venire

345 2669 455 2731 jure
482 2666 615 2714 civili
636 2674 868 2729 possuut;
900 2680 957 2711 ea
975 2674 1161 2712 tantum
1182 2662 1366 2730 praedia

350 2743 694 2801 censebantur,
728 2758 838 2807 que
870 2754 1009 2791 eraut
1042 2744 1281 2808 mancipi,
1313 2742 1366 2791 id

350 2836 423 2875 est
438 2860 455 2885 ‚
472 2821 599 2886 'juris
626 2822 778 2870 solive
803 2821 975 2872 Italici.

426 2920 509 2971 ¹9·
533 2900 771 2967 Μωισίρί.
798 2906 872 2951 Ita
898 2904 971 2951 tui
988 2902 1143 2963 juris,
1170 2912 1229 2949 ut
1250 2902 1367 2950 ahs·

348 2983 521 3033 lienosi
543 2982 749 3047 possint.

422 3076 507 3110 ao.
556 3058 851 3123 Subsignari.
902 3060 1072 3121 Quum
1115 3056 1374 3122 probatum

350 3150 453 3188 erat
468 3136 533 3187 ab
554 3152 639 3199 eo,
672 3136 761 3201 qui
785 3134 1109 3201 profitebatur
1127 3171 1145 3196 ‚
1180 3136 1370 3185 bouum

348 3217 552 3283 aliquod
568 3217 651 3277 ius
676 3216 822 3265 civile
850 3215 1030 3265 habers
1048 3250 1065 3275 ,
1094 3226 1199 3264 tum
1220 3216 1275 3265 iu
1299 3226 1370 3265 ta-

346 3294 487 3344 bulas
512 3294 731 3360 publicas
750 3290 1071 3345 referebatur·

422 3389 507 3423 οι.
530 3375 597 3421 In
616 3390 717 3437 qua
742 3372 883 3423 tribu.
902 3373 954 3421 Si
977 3374 1149 3420 Roma
1164 3371 1296 3420 bom
1314 3388 1370 3419 ea

346 3456 400 3505 in
434 3470 633 3504 censum
664 3453 875 3503 retulisu’
888 3488 907 3514 ‚
938 3453 993 3501 in
1016 3468 1113 3517 qus
1148 3452 1285 3500 tribu
1313 3468 1370 3501 ea

343 3533 610 3583 addixisti?

416 3629 503 3661 aa.
544 3610 856 3677 Apollonide.
893 3612 1215 3661 Commissum
1256 3628 1285 3659 a
1317 3622 1369 3660 te

346 3702 451 3752 est,
478 3704 538 3742 ut
558 3708 710 3756 quum
743 3692 849 3739 haic
877 3690 1008 3739 bom
1038 3701 1088 3739 et
1125 3690 1179 3739 in
1216 3705 1369 3739 censu

345 3776 518 3821 Romae
548 3770 727 3835 scripta
752 3788 781 3818 a
808 3781 856 3819 te
884 3770 984 3819 siut
998 3804 1016 3829 ‚
1030 3781 1080 3819 et
1102 3769 1273 3819 eadem
1294 3782 1366 3819 ta-

349 3863 459 3895 men
478 3848 757 3913 Apollonia
774 3864 976 3913 quoque
992 3883 1006 3909 ,
1040 3859 1093 3898 ut
1124 3850 1255 3899 bona
1286 3868 1366 3899 so·

353 3940 465 3973 crus
494 3928 725 3991 Amyntas
766 3926 817 3975 iu
844 3942 993 3975 censu
1022 3927 1151 3984 sint,
1180 3926 1364 3993 duplex

352 4002 587 4052 tributum
616 4006 841 4071 imperari
860 4018 1047 4071 posset,
1085 4022 1235 4059 unum
1269 4024 1364 4072 pro

1459 2283 1610 2317 censu
1635 2284 1868 2333 romano,
1911 2270 2120 2317 alterum
2159 2284 2254 2333 pro
2279 2267 2482 2333 Apollo·

1458 2348 1670 2407 midensi,
1721 2349 1858 2413 qussi
1898 2348 2000 2397 duo
2049 2349 2256 2397 omniuo
2298 2348 2481 2397 divam

1459 2424 1589 2475 bom
1625 2438 1796 2476 essent.
1839 2428 1920 2477 Sic
1961 2428 2146 2493 optime
2189 2428 2480 2478 Manutius:

1459 2518 1586 2555 srrst
1628 2518 1788 2557 sutem
1831 2508 1889 2556 h.
1929 2508 1967 2557 1.
2011 2506 2280 2566 Fen-atius,
2334 2522 2481 2573 quum

1459 2584 1590 2634 dicat
1625 2588 1894 2653 Amyntam
1933 2588 1988 2635 in
2021 2588 2141 2635 Asia
2176 2588 2478 2647 salmurum

1453 2665 1695 2713 Decianus
1717 2666 1844 2714 euim
1866 2668 1971 2730 ipse
1992 2665 2219 2714 solvisset
2235 2700 2252 2727 ,
2277 2666 2368 2733 qui
2382 2681 2478 2714 om-

1453 2743 1536 2791 nia
1559 2744 1824 2795 detinebat.

1527 2825 1609 2872 23.
1637 2824 1751 2872 Non
1783 2834 1959 2887 potest.
1987 2825 2153 2887 Quum
2179 2825 2236 2871 iu
2278 2824 2474 2888 regione

1453 2902 1516 2950 sit
1541 2902 2006 2967 Apollonidensium
2021 2936 2038 2961 ‚
2063 2902 2152 2967 qui
2181 2904 2310 2951 socii
2342 2898 2476 2951 liberi

1453 2993 1568 3031 sunt
1593 2998 1650 3031 ac
1679 2983 1778 3031 suis
1797 2982 1984 3046 legibus
2010 2982 2199 3030 vivunt.

1523 3064 1610 3122 24.
1646 3060 1875 3127 Triginta
1903 3063 2010 3111 H-S
2033 3060 2240 3127 millia„
2269 3059 2468 3109 circiter

1453 3140 1611 3200 6‚135
1626 3141 1662 3189 f.
1676 3150 1808 3190 nost.
1827 3158 1966 3191 mon.
1983 3141 2150 3203 Quum
2166 3140 2276 3189 heo
2295 3151 2473 3189 suumn

1451 3219 1594 3267 nimis
1641 3235 1788 3284 parva
1833 3220 2054 3268 videatur
2068 3254 2083 3278 ,
2121 3219 2376 3269 Manutiu-
2409 3217 2470 3263 le·

1459 3298 1670 3361 gendum
1708 3300 1914 3362 conjicit
1935 3320 1961 3341 α
1981 3314 2118 3347 cxxx
2135 3314 2222 3347 u-s
2241 3318 2272 3341 n
2287 3332 2304 3357 ‚
2346 3296 2398 3345 h.
2430 3310 2471 3342 e.

1458 3379 1638 3425 centies
1657 3378 1818 3426 tricies
1840 3390 1855 3426 τ
1882 3394 1994 3441 quae
2014 3388 2176 3426 tumen
2195 3376 2469 3425 ficulnum

1456 3457 1660 3505 Deciani
1687 3456 1890 3505 modum
1916 3456 2064 3523 longe
2089 3472 2320 3522 superare
2345 3452 2470 3503 vide·

1457 3544 1554 3583 tur.
1573 3538 1790 3585 Fortasse
1803 3552 1999 3595 verum,
2021 3535 2186 3599 inquit
2203 3532 2465 3587 Schiitzius

1457 3635 1482 3657 ιι
1497 3613 1660 3663 tricies
1679 3615 1786 3663 H-S
1801 3636 1845 3663 ⁸·-

1526 3692 1614 3741 25.
1659 3692 1846 3743 Aliena
1887 3692 2148 3745 censendo.
2192 3694 2354 3741 Docet
2395 3690 2468 3739 hic

1454 3770 1630 3820 Cicero
1647 3808 1664 3835 ,
1691 3774 1828 3837 quod
1857 3774 1924 3823 ad
1952 3773 2034 3834 jus
2076 3784 2298 3822 nostrum
2331 3768 2464 3837 perti·

1453 3861 1570 3910 net,
1615 3868 1725 3916 quae
1765 3851 2364 3916 quis-neminemnam
2399 3848 2464 3897 de·

1454 3930 1583 3977 dicat
1617 3931 1754 3993 quasi
1785 3946 1896 3989 sua,
1943 3946 2046 3980 nou
2068 3930 2182 3979 ideo
2211 3931 2318 3993 ejus
2341 3927 2458 3981 fieri.

1453 4024 1624 4059 census
1635 4012 1922 4063 auctoritate
1939 4012 2282 4061 nonimminui
2303 4010 2461 4063 verita·
