2594 4537
620 279 1007 348 ORATIO
1057 281 1262 348 PRO
1314 281 1625 350 DOMO
1678 285 1890 353 SUA.

2176 289 2317 384 4¹7

159 428 392 477 nemo
420 427 576 474 rem
612 401 834 473 ullam
865 401 1098 499 attigit
1117 453 1136 486 ‚
1179 401 1310 498 qui
1338 426 1489 472 non
1518 406 1843 475 omnium
1872 404 2149 500 judicio
2179 433 2324 480 sce·

165 515 642 587 leratissimus
675 513 1094 597 haberetur,
1131 510 1234 582 dii
1272 511 1714 584 immortales
1750 513 2051 587 domum
2094 543 2331 591 meam

169 623 804 722 concupiverunt?
853 626 996 694 Ista
1053 636 1172 692 tua
1232 622 1538 719 pulchra
1594 623 1921 698 Libertas
1970 626 2145 700 deos
2199 657 2324 728 pe-

171 752 382 808 nates
416 753 489 807 et
531 734 916 806 familiares
951 757 1154 804 meos
1193 729 1425 804 lares⁵
1458 736 1773 832 expulit,
1806 751 1890 807 ut
1926 763 1966 808 a
2000 736 2115 824 te⁶
2147 741 2325 838 ipsa,

173 863 545 943 tamquam
595 848 666 917 in
721 845 1022 942 captivis
1061 842 1394 932 sedibus,
1431 845 1957 919 collocaretur?
1990 849 2183 939 Quid
2218 868 2329 926 est

173 960 495 1029 sanctius
519 1011 538 1042 ‚
573 955 750 1053 quid
781 957 982 1025 omni
1009 954 1361 1051 religione
1390 958 1741 1026 munitius
1766 983 2041 1055 ,nquam
2071 961 2335 1034 domus

173 1068 753 1163 uniuscujusque
792 1066 1110 1136 civium?
1141 1069 1273 1135 Hic
1309 1089 1445 1135 arae
1478 1079 1647 1136 sunt
1669 1119 1688 1154 ‚
1721 1065 1840 1138 hic
1872 1066 2013 1138 foci
2039 1123 2059 1156 ‚
2089 1070 2207 1142 hic
2234 1072 2334 1142 dii

179 1193 484 1276 penates
507 1231 525 1262 ‚
569 1175 689 1246 hic
726 1199 924 1246 sacra
947 1186 1000 1262 ⁷,
1038 1174 1465 1271 religioneS‚
1500 1178 1924 1248 caerimoniae
1962 1185 2337 1254 continen-

175 1305 339 1376 tur3
375 1286 516 1357 hoc
549 1283 960 1383 perfugium
1000 1299 1108 1356 est
1141 1286 1240 1356 ita
1271 1301 1601 1357 sanctum
1634 1286 2007 1376 omnibus,
2046 1305 2129 1392 ut
2162 1294 2337 1366 inde

177 1397 416 1495 abripi
451 1399 819 1468 neminem
855 1394 961 1467 fas
997 1399 1109 1466 sit.

253 1635 304 1684 5.
341 1637 470 1682 Deos
482 1645 692 1699 penates
717 1631 1062 1697 etfizmiliares
1088 1648 1218 1680 moos

180 1716 311 1764 lares
353 1715 552 1775 expulit.
600 1699 827 1762 Cornelia
880 1713 1217 1760 Gracchorum

177 1806 336 1843 mater
380 1795 430 1840 in
480 1793 686 1858 epistola
733 1793 798 1840 ad
838 1791 995 1839 filium
1012 1828 1028 1850 ‚
1070 1809 1218 1856 quam

179 1876 414 1939 prinecps
459 1873 734 1938 publicavit
775 1871 936 1920 Andr.
980 1871 1215 1919 Schottus

181 1955 312 2002 inter
340 1955 602 2018 fragmenta
627 1953 781 2002 Corn.
807 1953 1050 2016 Nepotis:
1082 1951 1218 1998 «Ubi

181 2045 379 2080 mortua
407 2049 520 2094 ero,
557 2031 838 2097 parentabis
874 2030 1026 2090 mihi,
1062 2041 1109 2077 et
1138 2031 1217 2077 in-

187 2113 396 2178 vocabis·
415 2113 534 2160 deos
572 2128 735 2160 manes
781 2113 1014 2175 parentis.
1057 2113 1115 2158 Iu
1158 2127 1219 2158 eo

185 2207 474 2257 temporene
513 2192 722 2256 pudebit
765 2203 812 2239 te
859 2207 1028 2238 eorum
1071 2191 1217 2239 deum

184 2290 332 2340 paces
379 2283 634 2337 expetere,
688 2286 816 2335 quos
867 2272 1036 2328 vivos,
1073 2282 1218 2333 atque

181 2363 449 2419 praesentes
475 2351 695 2408 relictos,
721 2360 866 2413 atque
887 2350 1102 2398 desertos
1126 2349 1216 2396 ha-

185 2432 416 2481 bueris?·
446 2432 526 2479 Sic
551 2432 684 2478 hune
710 2429 874 2477 locum
902 2439 1028 2476 recte
1053 2445 1216 2475 emen-

188 2514 326 2561 davit
349 2512 588 2560 maximus
614 2510 872 2559 Salmasius
899 2510 952 2557 in
980 2510 1214 2559 Exercitt.

188 2594 434 2640 Plinianis.
446 2594 590 2639 Lares
595 2590 885 2654 familiares
895 2600 1032 2636 erant
1052 2606 1216 2636 manes

187 2683 463 2737 parentum.
485 2672 612 2717 Hinc
633 2669 733 2716 duo
756 2679 890 2716 erant
907 2668 1048 2715 lares.
1066 2667 1213 2716 Ovid.

188 2758 321 2801 Fast.
335 2753 410 2799 V:
431 2772 456 2791 ει
471 2750 589 2797 Bina
609 2749 920 2813 gemellorum
943 2747 1214 2810 quaerebam

187 2834 328 2896 signa
369 2830 598 2887 deorum,
626 2829 828 2877 Viribus
859 2844 1054 2875 annosae
1091 2828 1217 2874 sacta

189 2912 376 2961 caduca
406 2926 571 2957 morae.
606 2910 746 2956 Mille
780 2909 903 2955 lares
927 2908 1219 2977 geniumque

192 2991 332 3040 ducis
348 3026 362 3047 ‚
393 2991 478 3055 qui
507 2988 712 3036 tradidit
745 2988 858 3035 illos
885 2987 1016 3035 Urbs
1043 2985 1186 3033 habet
1205 3020 1220 3041 ,

191 3085 240 3121 et
269 3072 363 3119 vici
386 3070 585 3117 numina
613 3081 747 3117 terna
779 3067 950 3115 colunt
971 3087 1010 3114 ι.
1031 3064 1221 3128 Loqui·

191 3166 275 3203 tur
316 3150 514 3215 quidem
552 3148 613 3196 de
653 3148 834 3195 laribus
877 3145 1114 3209 publicis.
1139 3158 1226 3190 seu

191 3230 550 3297 compitalitiis‚
567 3246 693 3293 quos
714 3228 839 3275 duos
859 3236 1044 3273 tantum
1063 3224 1227 3283 fuisse,

191 3311 378 3377 quibus
415 3310 670 3359 accesserit
709 3318 876 3372 postea
922 3306 1092 3368 genius
1117 3305 1225 3351 Au-

189 3395 323 3459 gusti
345 3409 358 3451 ;
385 3391 468 3439 sed
498 3402 658 3439 tamen
683 3399 730 3435 et
750 3386 926 3451 privati
945 3386 1068 3432 lares
1091 3392 1228 3431 erant

189 3489 394 3538 quoqne
431 3482 621 3519 tantum
652 3469 752 3517 duo
769 3503 782 3525 ,
805 3478 856 3514 et
876 3481 1026 3530 quum
1058 3462 1228 3527 genius

189 3552 403 3615 Augusti
439 3551 568 3598 inter
599 3550 722 3595 lares
746 3562 944 3611 quoque
970 3544 1226 3598 coleretur,

187 3633 288 3683 tria
313 3641 452 3680 erant
470 3628 694 3683 numina,
726 3642 836 3690 quae
871 3636 922 3672 et
949 3623 1146 3687 publice
1174 3622 1228 3669 in

188 3711 449 3776 compitis,
482 3720 532 3756 et
560 3708 691 3756 domi
716 3706 1002 3753 colebantur
1027 3704 1078 3749 in
1104 3702 1226 3749 lara-

185 3797 284 3844 rio.
315 3794 376 3840 Et
393 3790 624 3838 Vitellius
643 3788 888 3844 Narcissi,
923 3795 972 3832 et
1001 3783 1230 3831 Pallantis

185 3872 432 3936 imagines
474 3885 642 3917 aureas
689 3868 819 3915 inter
871 3866 994 3912 lares
1037 3862 1192 3910 coluit
1213 3896 1226 3918 ,

183 3966 316 4004 teste
364 3950 543 3999 eodem
587 3946 845 3996 Suetonio,
898 3942 994 3993 Sed
1023 3952 1230 4005 penates

1308 1631 1529 1691 familiae,
1549 1643 1633 1681 sut
1656 1649 1783 1697 quos
1812 1635 1955 1684 etism
1986 1651 2049 1683 ex
2068 1639 2338 1699 majoribus

1310 1712 1404 1758 diis
1432 1702 1682 1776 praecipue
1713 1713 1965 1770 colebant,
1999 1716 2179 1780 singuli
2210 1728 2339 1766 tam·

1308 1805 1453 1854 quam
1516 1791 1749 1840 custodes
1811 1793 1981 1842 salutis
2040 1795 2337 1849 domestice.

1305 1872 1445 1917 Patet
1464 1870 1563 1918 hoc
1582 1887 1647 1918 ex
1666 1871 1923 1924 Ciceronis
1941 1875 2025 1922 lib.
2042 1879 2113 1922 IV
2127 1879 2178 1924 in
2192 1881 2337 1929 Verr.

1307 1949 1677 2011 «Qum-endum
1706 1962 1808 2012 est,
1845 1954 2021 2012 credo,
2062 1957 2215 2008 Heius
2251 1959 2343 2007 iste
2436 1997 2444 2005 .

1308 2045 1428 2077 num
1456 2045 1521 2077 oes
1548 2031 1757 2080 alienum
1804 2033 2029 2083 habuerit
2049 2069 2065 2094 ‚
2108 2053 2225 2085 num
2256 2056 2346 2086 au-

1310 2109 1523 2156 ctionem
1563 2111 1763 2161 fecerit:
1808 2115 1849 2160 si
1872 2115 2011 2172 fecit,
2049 2132 2165 2163 num
2204 2127 2337 2165 tanta

1310 2187 1575 2238 difficultas
1603 2207 1715 2238 enm
1740 2209 1817 2240 res
1844 2195 2129 2242 nummaria
2166 2206 2342 2245 tenue-

1308 2270 1401 2327 rit,
1452 2281 1588 2319 tanta
1634 2284 1854 2335 egestas,
1898 2285 1955 2321 ut
1990 2274 2112 2323 deos
2150 2278 2339 2341 patrios

1308 2348 1540 2397 venderet
1558 2372 1600 2399 ι’.
1638 2351 1940 2401 Dicebantur
1971 2356 2101 2403 enim
2136 2370 2341 2420 penates

1307 2428 1371 2475 ab
1389 2430 1497 2475 aliis
1519 2446 1717 2493 quoque
1736 2432 2061 2497 scriptoribus
2083 2434 2151 2481 dii
2172 2438 2336 2499 patrii.

1305 2510 1517 2572 Quinam
1544 2512 1729 2572 fuerint,
1750 2512 1822 2559 illi
1849 2526 2049 2577 penates
2082 2516 2132 2562 in
2170 2517 2339 2565 eadem

1306 2593 1531 2638 oratione
1568 2592 1715 2641 docet
1756 2593 1978 2643 Tullius:
2007 2598 2159 2643 -Erat
2204 2596 2339 2661 apud

1307 2670 1486 2717 Heium
1502 2673 1764 2718 sacrarium
1780 2688 1949 2736 magna
1970 2690 2083 2723 cum
2103 2675 2339 2740 dignitate

1309 2764 1423 2797 cum
1445 2749 1636 2797 aedibus
1656 2766 1681 2797 a
1704 2752 1972 2811 majoribus
1988 2756 2086 2801 suis
2104 2756 2339 2805 traditum

1307 2829 1683 2892 perantiquum,
1720 2830 1775 2876 in
1811 2847 1911 2893 quo
1942 2833 2076 2895 signa
2112 2834 2343 2897 pulcher·

1310 2907 1430 2954 rima
1459 2920 1684 2970 quatuor,
1712 2910 1908 2973 Cupido
1934 2911 2216 2973 Praxitelis,
2242 2919 2341 2964 He-

1302 2986 1462 3035 =racles
1480 2988 1735 3052 Myronis,
1772 2988 1883 3035 duae
1918 2988 2219 3053 canephorae
2246 2996 2339 3041 Po-

1312 3066 1481 3131 lycleti
1507 3088 1551 3116 ι.
1575 3067 1707 3114 Talis
1740 3067 1831 3114 suit
1870 3071 2083 3116 Fortuna
2118 3070 2345 3121 cubitalis

1314 3145 1511 3205 Galbae,
1536 3147 1595 3194 de
1614 3162 1711 3210 qua
1734 3148 1939 3194 Sueton.
1963 3147 2110 3194 Galb.
2137 3158 2183 3205 4.
2204 3152 2347 3199 Co'le-

1316 3224 1497 3273 bantur
1538 3225 1661 3272 lares
1701 3225 1755 3272 in
1790 3224 1999 3285 larario,
2030 3229 2166 3290 quod
2200 3243 2347 3279 vocat

1316 3306 1575 3352 Suetonius
1594 3340 1609 3366 ,
1663 3327 1688 3346 α
1708 3316 1896 3367 partem
1941 3306 2119 3355 aedium
2174 3326 2347 3359 eonse-

1318 3392 1557 3429 cratarum
1584 3402 1624 3429 n.
1664 3384 1779 3429 Erat
1806 3382 1861 3430 id
1886 3382 2115 3433 lat-arium
2143 3403 2272 3454 saepe
2300 3390 2351 3437 in

1318 3460 1584 3521 cubiculo;
1612 3461 1727 3508 vide
1755 3462 1957 3512 Sueton.
1981 3467 2171 3515 Domit.
2204 3484 2245 3515 c.
2272 3484 2351 3530 ¹7·

1316 3540 1571 3590 Penatium
1600 3558 1718 3589 vero
1745 3543 1883 3591 sedes
1925 3556 2029 3592 erat
2066 3547 2354 3611 plerumque

1321 3621 1475 3667 focus.
1494 3621 1626 3667 Hinc
1654 3622 1838 3669 Graecis
1860 3622 2117 3671 dicebatur
2146 3626 2353 3694 ἱφίςιον,

1390 3700 1440 3747 6.
1466 3699 1567 3747 Alii
1588 3732 1603 3758 ,
1632 3710 1727 3747 aut
1756 3712 1803 3747 te
1830 3704 1958 3765 ipsa.
1975 3702 2293 3755 ..collocaret
2308 3730 2354 3757 n.

1320 3780 1369 3826 J.
1388 3782 1452 3825 V.
1480 3780 1537 3825 L.

1393 3876 1440 3919 7.
1479 3859 1558 3905 Sic
1604 3859 1827 3907 Lambin.
1874 3877 1900 3908 e
1945 3861 2099 3911 codd.
2152 3866 2355 3917 Memm.

1320 3938 1451 3985 Male
1479 3938 1597 3985 olim
1616 3936 1885 4002 legebatur,
1904 3962 1925 3983 ι
1940 3956 2087 3990 saetae
2110 3944 2361 4009 religionis

181 4044 272 4082 aut
317 4039 458 4080 erant
495 4043 660 4075 manes
699 4026 938 4085 maiorum
972 4020 1234 4083 cuiuslibet
1324 4019 1620 4067 caerimoniae
1640 4041 1682 4067 υ.
1709 4020 1758 4066 J.
1780 4022 1847 4069 V.
1878 4021 1933 4069 L.

398 4118 522 4185 IV,
573 4129 662 4175 Cic.
683 4142 796 4190 pars
817 4123 1032 4172 secunda.

2034 4138 2121 4207 27
