2594 4537
632 354 2286 381 mmmmmmmmwsmzm

514 556 520 565 ¹
619 572 948 679 ARG
982 573 1815 681 UMENTUM.

162 808 296 871 Haec
319 830 552 891 quoque
584 810 901 887 gratiarum
939 809 1093 868 actio
1122 808 1331 887 cuique
1357 807 1690 867 humaniori
1721 828 1757 867 a
1786 808 1993 887 primis
2017 811 2182 871 annis
2206 811 2290 872 ita

239 909 528 967 familiaris
572 920 687 980 est,
726 907 999 985 omnique
1026 919 1401 985 argumentO,
1443 905 1771 971 sententiis,
1815 906 2036 977 verbis,
2079 920 2294 967 tantam
2373 926 2398 945 ·

236 1005 412 1065 habet
437 1026 569 1064 cum
600 1005 799 1083 priore
838 1004 1273 1063 similitudinem
1295 1048 1312 1073 ,
1343 1016 1408 1061 ut
1436 1003 1677 1060 sortasse
1714 1016 1835 1061 toto
1865 1004 1978 1062 hoc
2010 1006 2294 1082 praesandi

238 1102 433 1163 labore
471 1101 849 1183 supersedere
876 1102 1062 1161 liceat.
1086 1108 1307 1161 Verum
1337 1099 1668 1159 summatim
1693 1112 1882 1159 tamen
1905 1104 2182 1163 orationis
2205 1124 2298 1161 ar-

234 1214 567 1278 gumentum
592 1212 941 1277 repetamus..

309 1299 449 1359 Sine
499 1296 783 1375 prooemio
824 1296 998 1355 etiam
1044 1295 1141 1353 hic
1192 1295 1520 1375 ingreditur
1561 1308 1760 1353 orator
1804 1292 2000 1353 dicere
2038 1296 2112 1355 ‹le
2151 1319 2299 1377 prae-

233 1394 439 1455 stantia
467 1392 735 1452 beneficii
758 1392 869 1452 sibi
903 1392 1142 1464 tributi,
1172 1412 1348 1470 quam
1380 1412 1454 1451 ex
1480 1392 1706 1471 vulgari
1735 1392 1865 1450 loco
1893 1396 2184 1453 communi
2214 1396 2298 1454 sic

232 1492 485 1561 extollit,
513 1504 580 1549 ut
608 1489 972 1549 recensendis
991 1488 1161 1548 bonis
1178 1532 1194 1559 ‚
1221 1488 1436 1568 quibus
1457 1510 1564 1569 per
1592 1494 1760 1549 XVII
1783 1510 2006 1549 menses
2033 1491 2294 1569 privatus

236 1590 439 1659 fuerit,
482 1608 637 1647 nunc
665 1602 859 1647 autem
886 1588 1185 1647 restitutus
1220 1607 1453 1647 rursum
1495 1588 1610 1645 frui
1638 1587 1907 1667 coeperit,
1951 1602 2298 1668 praesentem

236 1685 523 1747 fortunam
556 1688 737 1745 multo
770 1684 1172 1745 laetabiliorem
1200 1682 1312 1743 sibi
1340 1704 1515 1763 quam
1544 1686 1911 1763 superiorem
1931 1687 2298 1745 incolumita-

236 1798 345 1842 tem
375 1803 499 1843 esse
540 1782 823 1842 ostendat.
858 1786 1007 1841 Nam
1038 1801 1420 1859 quaecumque
1452 1795 1585 1839 ante
1619 1783 1711 1840 vel
1741 1801 1775 1840 a
1804 1782 2172 1861 parentibus,
2203 1784 2298 1843 vel

234 1900 265 1939 a
294 1881 437 1952 diis,
468 1880 561 1939 vel
583 1878 657 1938 ab
690 1880 819 1958 ipso
848 1880 1071 1958 populo
1100 1898 1344 1937 romano
1371 1878 1698 1955 singulatim
1726 1878 2164 1939 diversisannis
2193 1901 2298 1938 ac-

230 1979 451 2057 ceperit
479 1977 790 2049 beneficia,
822 1998 889 2035 ea
910 1976 1033 2055 jam
1065 1975 1176 2034 sibi
1205 1995 1324 2033 uno
1353 1988 1614 2053 tempore
1642 1974 1815 2033 simul
1847 1978 2042 2035 omnia
2069 1976 2298 2037 reddita

232 2094 351 2134 esse
382 2089 559 2153 atque
597 2075 745 2133 adeo
779 2088 949 2135 aucta
991 2074 1195 2132 videri.
1240 2072 1467 2131 Deinde
1517 2092 1686 2130 suum
1718 2071 1970 2132 reditum
2021 2086 2087 2131 ut
2127 2074 2299 2133 unius

231 2173 434 2252 populi
460 2184 519 2231 et
545 2186 775 2231 senatus
803 2172 1011 2231 studiis
1038 2184 1342 2250 acceptum
1375 2168 1742 2228 referendum
1765 2210 1782 2239 ,
1812 2181 1872 2227 et
1896 2169 2296 2229 honorificen-

232 2270 511 2330 tissimum
542 2271 717 2330 fuisse
742 2271 1133 2343 demonstret,
1182 2268 1340 2328 varie
1367 2281 1667 2346 comparat
1693 2280 1908 2326 sortem
1937 2266 2113 2326 trium
2141 2268 2294 2328 alio·-

231 2384 359 2426 rum
390 2367 813 2434 consularium,
858 2367 959 2444 qui
993 2365 1291 2444 quondam
1331 2362 1592 2423 eamdem
1632 2364 1925 2422 fortunam
1955 2361 2292 2424 subierante

230 2465 329 2543 qui
362 2484 542 2542 quum
572 2477 673 2522 aut
706 2464 1175 2543 propinquorum
1206 2463 1522 2521 multorum
1557 2460 1978 2541 precibus,·aut
2008 2481 2289 2541 oppresso

232 2573 431 2621 senatu
450 2603 467 2632 ,
497 2581 564 2619 ac
586 2561 759 2620 nullis
787 2560 1119 2620 consulibus
1143 2557 1625 2639 deprecantibus,
1656 2558 1881 2618 reducti
1913 2574 2132 2635 essent,
2162 2561 2290 2641 ipse

232 2671 474 2735 excepto
507 2657 683 2732 fratre
709 2668 770 2714 et
795 2677 1009 2736 genero
1041 2656 1331 2714 neminem
1362 2655 1632 2714 habuerit
1659 2654 2094 2734 deprecatorem
2113 2706 2130 2730 ,
2183 2656 2288 2718 sed

232 2754 593 2832 magistratus
623 2773 811 2832 prope
839 2773 1039 2816 omnes
1068 2772 1199 2811 cum
1227 2765 1428 2810 senatu
1455 2764 1516 2810 et
1536 2752 1803 2810 universa
1825 2753 1990 2812 Italia
2018 2767 2286 2816 auctores

232 2851 677 2926 defensoresque
712 2849 912 2908 salutis
953 2869 1089 2908 suae.
1118 2854 1251 2922 Quo
1285 2848 1414 2906 loco
1441 2847 1674 2926 parcior
1698 2860 1787 2906 est
1811 2847 1871 2906 in
1900 2849 2284 2928 praedicandis

233 2947 467 3024 singulis
493 2944 565 3003 de
592 2965 653 3004 se
666 2944 816 3004 bene
832 2943 1067 3016 meritis,
1085 2956 1145 3002 et
1172 2944 1231 3002 in
1259 2941 1636 3022 objurgandis
1654 2943 1998 3004 adversariis
2018 2959 2078 3004 et
2093 2947 2284 3007 inimi·

230 3044 331 3102 cis.
362 3048 432 3103 In
467 3055 796 3102 transcursu
832 3055 1021 3101 tamen
1054 3041 1150 3098 hic
1182 3059 1418 3118 quoque
1446 3039 1817 3118 ignominiam
1844 3040 2126 3102 discessus
2155 3065 2190 3104 a
2219 3065 2282 3105 se

230 3153 492 3200 removet
518 3138 861 3218 exponenda
891 3138 1222 3198 conditione
1257 3138 1492 3196 illorum
1523 3151 1879 3216 temporum,
1915 3140 2010 3199 ubi
2038 3157 2140 3200 aut
2173 3141 2285 3202 de-

230 3240 445 3298 clinare
470 3237 791 3316 paullulum
822 3235 935 3295 sibi
962 3253 1191 3295 necesse
1214 3236 1414 3294 fuisset
1433 3277 1450 3305 ‚
1476 3247 1576 3293 aut
1601 3235 1914 3296 Clodianos
1935 3239 2100 3314 gravi
2129 3241 2284 3300 exci-

233 3347 352 3392 tato
394 3332 549 3391 civili
596 3345 757 3391 motu
793 3349 1150 3410 oppugnare.
1204 3334 1273 3389 In
1309 3329 1677 3387 conclusione
1719 3328 1972 3407 deniqne
2002 3351 2286 3394 summam

214 3415 365 3509 'erga
392 3431 675 3509 populum
709 3447 1013 3487 romanum
1051 3427 1354 3506 pietatem,
1389 3438 1448 3483 et
1472 3423 1722 3504 reipubl.
1755 3425 2006 3485 fideliter
2031 3429 2287 3489 fortiter-

230 3547 344 3605 que
372 3525 639 3606 gerendae
669 3525 955 3598 studium,
974 3537 1149 3601 atque
1175 3523 1237 3580 in
1264 3519 1572 3580 reserenda
1596 3521 1780 3600 gratia
1808 3523 2088 3601 majorem
2109 3545 2282 3603 quam

232 3625 293 3682 in
320 3623 667 3686 ulciscendis
686 3622 911 3700 injuriis
932 3640 1170 3700 operam
1200 3639 1261 3679 se
1292 3618 1619 3698 positurum
1644 3637 1766 3678 esse
1794 3620 2122 3699 pollicetur.

712 3868 1723 3908 --—-.—-—-000-——-—-

1945 4138 2058 4186 20.
