2594 4537
267 256 408 332 328
903 260 1002 328 Μ.
1051 260 1129 327 Τ.
1183 258 1758 329 CICERONIS

265 378 530 482 corpus
565 405 648 453 ac
687 381 908 452 vitam
951 404 1156 453 suam
1194 396 1719 470 conservasset3
1764 404 1995 479 quum
2032 404 2259 481 parva
2304 407 2463 453 na-

264 492 502 565 vicula
539 490 881 586 trajectus
917 492 992 561 in
1027 490 1335 563 Africam
1354 545 1375 580 ,
1420 490 1687 588 quibus
1728 514 1953 587 regna
1984 492 2143 589 ipse
2174 488 2459 563 dede-

265 616 378 674 rat
403 654 424 689 ‚
469 599 563 673 ad
611 624 746 673 eos
797 604 1010 699 inops
1053 601 1509 700 supplexque
1559 600 1873 672 venisset
1907 626 1926 670 ε
1973 615 2453 699 recuperata

266 734 442 785 vero
481 734 613 783 sua
647 708 1029 808 dignitate,
1073 734 1148 783 se
1189 736 1345 783 non
1383 712 1937 782 commissurum
1958 764 1977 799 ‚
2014 726 2135 799 ut,
2168 734 2449 808 quum

269 844 352 893 ea
368 872 390 907 ‚
412 844 576 918 quae
601 820 970 909 amiserat,
997 818 1136 891 sibi
1157 820 1489 893 restituta
1512 835 1785 909 essent,
1812 822 2152 892 virtutem
2183 821 2449 891 animi

268 954 420 1003 non
465 928 767 1003 haberet
787 984 808 1019 ‚
859 955 1078 1029 quam
1133 955 1535 1029 numquam
1578 928 2029 1029 perdidisset.
2074 929 2217 1002 Sed
2260 930 2447 1015 hoc

269 1042 464 1113 inter
515 1065 632 1113 me
685 1055 905 1139 atque
957 1041 1162 1113 illum
1211 1042 1515 1115 interest
1534 1036 1624 1129 ¹⁶,
1668 1038 1875 1139 quod
1922 1038 2044 1111 ille
2063 1093 2085 1128 ‚
2130 1064 2280 1137 qua
2332 1064 2443 1110 re

271 1149 670 1251 plurimum
695 1152 983 1249 potuit,
1023 1175 1107 1223 ea
1150 1152 1308 1251 ipsa
1348 1176 1429 1223 re
1466 1151 1801 1253 inimicos
1833 1174 2003 1223 suos
2034 1149 2239 1221 ultus
2268 1164 2439 1236 est,

271 1262 526 1349 armis-3
569 1284 743 1359 ego,
779 1286 926 1359 qua
961 1262 1307 1333 consuevi
1325 1316 1346 1351 ‚
1394 1275 1557 1333 utar
1584 1270 1645 1317 ¹⁴7
1684 1288 1701 1331 ε
1746 1262 2093 1359 quoniam
2127 1260 2234 1331 illi
2270 1262 2435 1331 arti

271 1370 349 1442 in
387 1369 586 1443 bello
629 1396 714 1443 ac
763 1370 1116 1445 seditione
1159 1372 1365 1443 locus
1412 1386 1558 1461 est3
1600 1370 1807 1459 huic,
1848 1374 1925 1441 in
1969 1394 2151 1469 pace
2190 1385 2429 1468 atque

271 1483 448 1553 otio.
475 1484 934 1579 Quamquam
961 1480 1084 1553 ille
1113 1482 1357 1553 animo
1384 1484 1567 1553 irato
1598 1478 1785 1551 nihil
1814 1479 1953 1551 nisi
1978 1478 2073 1552 de
2100 1480 2429 1550 inimicis

271 1590 702 1665 ulciscendis
755 1590 1056 1689 agebat3
1119 1615 1256 1689 ego
1322 1590 1415 1664 de
1484 1592 1661 1689 ipsis
1718 1592 2027 1682 inimicis
2088 1604 2375 1663 tantum
2396 1644 2421 1674 ,

276 1716 632 1797 quantum
671 1699 847 1771 mihi
885 1696 1380 1799 respublica¹⁸
1422 1702 1792 1801 permittet
1812 1755 1833 1790 ,
1870 1699 2234 1797 cogitabo.

371 1816 492 1883 IX.
530 1812 905 1910 Denique,
952 1813 1272 1903 Quirites
1292 1868 1314 1903 ‚
1351 1815 1697 1911 quoniam
1744 1836 1863 1883 me
1900 1826 2223 1909 quatuor
2255 1835 2423 1883 om-

277 1922 460 1992 nino
493 1945 760 2019 genera
795 1921 1178 1995 hominum
1207 1922 1606 2010 violarunt3
1646 1944 1881 1993 unum
1918 1945 2179 1993 eorum
2203 1932 2255 2010 ¹,
2288 1922 2421 2019 qui

281 2028 454 2103 odio
485 2031 903 2130 reipublicae
925 2088 944 2123 ,
971 2032 1177 2133 quod
1203 2058 1360 2106 eam
1387 2035 1559 2133 ipsis
1588 2033 1829 2103 invitis
1856 2041 2419 2115 conservaram²‚

281 2142 458 2214 mihi
495 2144 970 2217 inimicissimi
1004 2143 1336 2234 fuerunt3
1382 2144 1689 2216 alterum
1715 2198 1736 2231 ‚
1780 2145 1911 2241 qui
1950 2166 2085 2240 per
2121 2142 2417 2214 simula-

279 2254 552 2326 tionem
608 2255 934 2327 amicitiae
955 2309 976 2341 ‚
1025 2281 1142 2326 me
1195 2253 1469 2329 nefarie
1519 2252 2038 2354 prodiderunt;
2082 2255 2419 2336 tertium,

283 2364 414 2460 qui
435 2417 458 2452 ,
517 2388 748 2460 quum
805 2379 1107 2464 propter
1165 2367 1499 2440 inertiam
1558 2389 1765 2439 suam
1824 2363 2071 2436 eadem
2132 2363 2419 2461 assequi

283 2497 438 2545 non
507 2487 808 2569 possent
834 2526 855 2559 ‚
923 2474 1343 2546 inviderunt
1403 2474 1601 2546 laudi
1662 2488 1740 2546 et
1803 2473 2141 2570 dignitati
2200 2498 2421 2552 moen

283 2593 627 2677 quartum
646 2635 667 2670 ‚
711 2584 877 2680 qui,
916 2606 1147 2678 quum
1192 2585 1531 2656 custodes
1578 2582 1995 2682 reipublicae
2014 2579 2043 2626 ³
2088 2606 2251 2654 esse
2296 2582 2422 2654 de-

281 2687 645 2778 buerunt,
681 2691 986 2764 salutem
1020 2717 1292 2785 meam,
1321 2709 1591 2767 statum
1620 2697 1959 2782 civitatis,
1994 2693 2421 2791 dignitatem

286 2800 444 2896 ejus
479 2801 764 2900 imperii
788 2802 845 2891 ⁴,
893 2802 1098 2905 quod
1145 2819 1300 2876 erat
1350 2829 1577 2902 penes
1613 2807 1853 2903 ipsm,
1890 2803 2423 2875 vendiderunt:

285 2911 386 2982 sic
417 2908 719 2986 ulciscar
740 2909 1146 2990 facinorum
1179 2915 1459 3012 singula
1476 2910 1532 3005 ⁵,
1559 2913 2177 3012 quemadmodum
2208 2940 2255 2986 a
2278 2915 2429 3011 qui·

357 3051 438 3100 16.
463 3051 562 3100 Sed
581 3049 701 3099 1000.
721 3086 734 3099 .
757 3085 770 3100 .
799 3051 1016 3102 interest.
1043 3054 1306 3118 Oomparst
1466 3069 1515 3101 α.
1558 3054 1928 3103 conservat-am.
1974 3052 2219 3101 Pataram
2252 3063 2303 3100 ct
2338 3067 2427 3118 op·

283 3147 336 3182 oe
353 3147 466 3182 cun
478 3131 656 3181 >eodem
673 3133 838 3188 Mario
849 3165 866 3192 ,
883 3132 972 3182 sed
987 3133 1303 3183 dissimiliter.
1392 3147 1557 3198 pm·
1576 3133 1935 3193 coniuratione.
1956 3157 2029 3170 ——
2044 3133 2143 3178 Pcr-
2159 3131 2430 3179 sonuli-tio·

359 3227 440 3273 ¹7·
481 3213 620 3260 Utar.
656 3211 906 3277 Intellige,
939 3229 1028 3274 m,
1063 3227 1174 3276 que
1201 3227 1375 3292 vo&
1394 3209 1840 3272 nemmidtue.Q.
1855 3209 2173 3258 Hortensium
2189 3209 2429 3274 designat,

283 3291 548 3358 proconde.
579 3289 832 3354 Significat
857 3303 1018 3342 autem
1045 3303 1200 3342 artem
1225 3293 1305 3341 di·-
1394 3291 1481 3355 qui
1504 3290 1716 3340 amicum
1738 3289 1990 3338 Ciceronis
2017 3305 2071 3336 se
2098 3285 2357 3336 simulavit
2380 3297 2427 3335 et

282 3371 428 3420 cendi
441 3403 458 3430 ,
472 3385 558 3418 seu
575 3367 918 3442 eloquentiam.
1395 3385 1505 3418 eum
1522 3367 1757 3418 insidiose
1774 3367 2019 3417 tractavit.
2040 3367 2107 3430 Q.
2128 3369 2210 3416 Fr.
2233 3381 2285 3428 1,
2305 3371 2359 3418 3.

361 3465 383 3498 ι
394 3451 447 3499 8.
474 3445 780 3512 Respubhba.
800 3450 898 3500 Hic
913 3460 986 3500 est
1000 3451 1132 3502 ulus
1145 3461 1196 3500 ot
1209 3451 1309 3500 uti-
1470 3452 1519 3500 3.
1546 3449 1777 3500 Custodes
1797 3447 2091 3515 reipublicae.
2118 3449 2235 3496 Piso
2256 3459 2315 3496 et
2332 3449 2425 3497 Ga·

283 3531 395 3580 lim
407 3526 622 3594 reipubl.
1395 3528 1592 3587 binius,
1630 3528 1814 3594 quibus
1847 3527 2133 3577 consulibus
2168 3528 2349 3577 (liceto
2376 3527 2425 3574 in

355 3611 448 3658 11.
480 3624 528 3656 x.
569 3607 726 3655 Unum
749 3623 933 3657 eorm.
959 3609 1059 3673 Qui
1087 3608 1309 3659 Catilina
1396 3608 1621 3658 exsilium
1638 3609 1823 3669 ejectus
1840 3616 1964 3657 ent.

281 3687 410 3736 clm
441 3686 692 3745 faverant,
729 3687 932 3752 ejusque
969 3699 1176 3737 conatus
1211 3703 1309 3753 op-
1472 3697 1522 3746 4.
1563 3689 1685 3754 Ejus
1716 3686 1922 3754 imperii.
1968 3685 2257 3736 (hauhi-is
2273 3719 2290 3745 ,
2329 3701 2423 3748 quo

283 3781 477 3832 pressos
499 3763 742 3814 dolebant.
769 3766 1036 3816 Distribuit
1057 3767 1305 3828 homines,
1395 3767 1537 3817 abusi
1554 3778 1695 3826 sunt,
1709 3766 1920 3832 pecunia
1941 3765 2166 3830 corrupti
2188 3780 2220 3813 ι
2238 3763 2423 3813 clodia-

183 3883 198 3890 -
280 3861 312 3894 ι
335 3839 514 3910 quilius
539 3854 611 3892 est
635 3832 879 3905 riclam,
905 3845 960 3893 in
985 3856 1195 3909 quatuor
1219 3861 1307 3910 ge-
1394 3863 1457 3895 nu
1478 3846 1711 3896 factione.

285 3939 401 3973 nera
416 3937 432 3972 τ
448 3933 506 3972 ut
521 3933 636 3972 mut
651 3923 766 3975 mali
779 3925 909 3972 cives
918 3956 935 3983 ,
947 3923 1124 3988 perfidi
1134 3925 1275 3974 amici
1285 3959 1303 3986 ‚
1466 3926 1514 3975 5.
1539 3925 1829 3974 Facimmrn
1844 3924 2055 3992 singula.
2078 3922 2168 3972 Al.
2196 3943 2222 3965 ιι
2242 3921 2415 3986 singul·

285 4003 473 4064 invidi,
490 4015 782 4054 mercatores
798 4003 1175 4069 provinciarum.
1390 4021 1563 4069 genera
1584 4027 1626 4052 n.
1649 4004 1697 4054 J.
1713 4006 1780 4054 V.
1810 4005 1865 4050 1..
