2594 4537
1008 245 1590 316 EXCURSUS.
2217 246 2356 318 213

222 363 349 450 qui
380 361 651 428 fortasse
678 357 933 451 poenam
965 363 1302 445 subirent3
1332 365 1435 429 vel
1467 380 1640 431 certe
1669 367 2142 432 accusationem
2173 361 2355 434 suain

224 468 471 532 Coelius
524 468 791 552 abjecit,
840 468 957 534 ubi
1007 469 1169 534 vidit
1203 469 1544 535 inimicum
1579 468 1662 536 de
1705 471 2076 560 repetundis
2113 473 2356 538 conde-

228 590 554 639 mnatum.

320 681 401 744 In
435 680 713 746 Coeliana
742 681 873 746 hoc
905 697 1211 770 praeterea
1242 683 1521 748 habetur
1553 681 1636 748 de
1665 684 1735 747 C.
1769 685 2059 750 Antonio
2079 733 2096 767 ,
2137 709 2193 750 c.
2230 684 2306 756 31
2340 708 2356 749 :

224 817 257 842 «ι
282 785 409 852 Cui
438 787 675 851 misero
704 787 989 877 praeclari
1020 789 1091 852 in
1122 811 1327 878 remp.
1362 787 1654 854 beneficii
1687 793 1994 856 memoria
2023 792 2188 856 nihil
2206 815 2360 880 pro-

228 893 393 975 fuit3
434 895 661 958 nocuit
701 894 927 982 opinio
964 893 1259 960 maleficii
1296 895 1558 986 cogitati
1575 927 1620 960 ι.
1659 897 1820 962 Inde
1851 899 2092 988 colligit
2124 897 2360 963 Manu·

230 997 400 1078 tius,
438 996 817 1064 damnatum
852 1023 889 1064 a
922 1000 1121 1065 Coelio
1149 1001 1351 1065 fuisse
1383 1001 1453 1064 C.
1491 1002 1848 1066 Antonium
1871 1051 1890 1086 ,
1925 1005 2168 1092 quippe
2199 1027 2359 1069 con-

224 1102 576 1182 jurationis
606 1105 985 1192 participem
1003 1153 1022 1186 ,
1060 1121 1143 1170 et
1158 1121 1386 1170 contra
1415 1105 1666 1194 opinari
1701 1107 1982 1173 Dionem
2009 1107 2205 1174 tradit
2232 1107 2358 1195 (1):

238 1231 527 1296 quaeram
560 1209 775 1275 statim
822 1209 905 1274 de
953 1210 1257 1290 crimine,
1309 1227 1376 1275 et
1419 1233 1608 1276 causa
1651 1211 2114 1294 damnationis,
2149 1235 2362 1302 neque

232 1313 534 1378 omittam
567 1314 961 1403 respondere
994 1314 1077 1378 de
1120 1316 1354 1381 Dione.
1393 1315 1620 1399 Quum
1658 1316 1794 1381 duo
1830 1317 2075 1382 fuerint
2102 1341 2362 1384 accusa·

233 1434 413 1494 tores
441 1421 747 1503 Antonii,
779 1421 861 1503 Q.
904 1420 1141 1486 Fabius
1180 1421 1501 1494 Maximus
1517 1471 1535 1505 ‚
1577 1424 1691 1510 qui
1735 1422 1816 1487 de
1855 1424 2228 1512 repetundis
2248 1471 2266 1507 ,
2299 1441 2364 1489 et

230 1525 323 1589 Μ.
364 1524 635 1607 Caelius,
671 1526 785 1614 qui
818 1526 900 1590 de
920 1528 1245 1608 majestate
1265 1549 1507 1592 nomen
1525 1528 1696 1593 illius
1722 1527 1992 1611 detulit3
2023 1551 2362 1617 quumque

234 1652 385 1695 reus
422 1631 623 1696 semel
673 1633 742 1696 in
780 1631 1030 1712 judicio
1075 1634 1302 1723 capitis
1347 1632 1546 1722 (voco
1573 1633 1890 1715 judicium
1920 1635 2180 1722 capitis,
2227 1658 2360 1700 non

230 1734 419 1814 cujus
448 1758 637 1823 poena
668 1751 834 1800 esset
866 1737 1161 1802 exsilium
1183 1786 1201 1821 ,
1244 1754 1320 1804 ut
1355 1761 1548 1827 supra
1565 1785 1586 1820 ,
1629 1736 1744 1803 sed
1783 1739 1852 1802 iu
1887 1762 2021 1827 quo
2063 1755 2364 1830 ageretur

235 1840 315 1905 de
352 1841 527 1906 fama
546 1889 565 1924 ,
610 1841 1025 1930 fortunisque
1066 1843 1377 1929 alicujus)
1407 1865 1694 1931 spraesens
1739 1843 2078 1910 damnatus
2095 1893 2114 1927 ‚
2160 1845 2364 1910 salute

194 1954 205 1971 “
229 1949 359 2028 jam
392 1947 727 2038 desperata
744 1995 765 2032 ,
794 1947 1017 2014 adesse
1045 1948 1283 2014 iterum
1315 1949 1692 2038 negligeret,
1731 1951 1785 2014 si
1813 1941 1988 2039 apud
2017 1952 2174 2016 alios
2203 1975 2364 2040 prae-

297 2225 379 2293 (1)
420 2227 675 2277 Manutius
708 2243 772 2277 eo
806 2227 923 2278 loco
960 2241 1137 2292 negare
1169 2225 1383 2284 videtur,
1416 2225 1552 2291 quod
1583 2225 1717 2276 Dion
1752 2223 1980 2289 affirmat,
2007 2227 2065 2278 C.
2091 2228 2362 2279 Antonium

232 2311 590 2373 coniurationia
613 2313 897 2377 participem
926 2312 1164 2361 creditum
1197 2325 1302 2359 non
1335 2309 1498 2359 fuisse.
1533 2310 1684 2375 Quod
1713 2310 1756 2359 si
1783 2328 1838 2360 ea
1861 2312 1922 2361 de
1947 2327 2089 2360 causa
2113 2310 2365 2361 dammtua

232 2394 348 2455 snit,
376 2410 477 2460 qua
502 2395 599 2443 fnit
622 2411 651 2443 a
678 2395 874 2445 coelio·
858 2412 913 2443 in
930 2394 1169 2457 judicium
1198 2404 1436 2455 vocatus,
1472 2404 1527 2442 ut
1561 2410 1624 2443 ex
1645 2394 1808 2443 Tullio
1847 2396 2098 2444 Manutius
2133 2394 2363 2455 deducit,

230 2480 391 2527 ninus
426 2494 607 2527 mrum
642 2479 745 2541 ejus
782 2479 875 2527 erit
914 2478 1163 2541 exsilium,
1199 2476 1261 2527 de
1301 2493 1403 2543 quo
1442 2493 1588 2542 supra
1621 2478 1949 2542 quaesivimus.
1999 2480 2226 2529 Ceterum
2259 2482 2364 2545 ipae

230 2562 507 2619 Manutius,
530 2562 597 2611 ad
620 2578 666 2611 c.
699 2579 721 2609 1
735 2578 757 2609 ι
787 2563 843 2611 in
864 2562 1031 2610 Vatin.
1059 2560 1239 2626 duplex
1262 2561 1472 2610 Antonii
1491 2560 1730 2623 judicium
1756 2562 1903 2611 fuisse
1927 2563 2127 2624 atauiit,
2162 2562 2362 2611 alterum

230 2645 585 2707 conjurationis
599 2682 617 2708 ,
640 2644 703 2693 de
722 2660 825 2709 quo
852 2646 996 2694 etiam
1022 2645 1233 2693 Diouem
1256 2644 1460 2708 allegam
1481 2644 1684 2693 alterum
1707 2646 2082 2710 repetundarum
2108 2661 2168 2694 ex
2196 2646 2363 2695 eadem

233 2730 437 2795 epistola
465 2744 528 2777 η
559 2728 648 2779 lib.
670 2730 695 2776 1
726 2729 790 2777 ad
812 2730 1029 2777 Atticum
1043 2762 1059 2787 ,
1084 2744 1228 2792 quam
1256 2744 1402 2793 supra
1433 2728 1599 2777 citavit
1619 2730 1878 2779 Fet-ratius.
1916 2730 2009 2779 Sed
2032 2730 2130 2779 hoc
2148 2739 2365 2778 tautum·

232 2814 385 2863 modo
402 2830 469 2863 ex
486 2830 549 2862 eo
564 2814 704 2876 loco,
720 2824 771 2863 et
786 2814 937 2863 altero
954 2814 1205 2865 ,Iuvenalis
1224 2811 1504 2870 conficitur,
1519 2812 1726 2861 maxime
1741 2814 1977 2878 insignem
1995 2814 2204 2863 Antonii
2219 2814 2364 2863 fuisse

234 2895 285 2945 iu
306 2897 545 2963 cogendis
566 2897 787 2963 pecuniis
806 2896 1053 2946 avaritiam
1066 2930 1083 2955 ,
1104 2895 1486 2960 flagitiosamque
1510 2895 1840 2960 cupiditatem.
1869 2899 2040 2961 Itaque
2064 2897 2179 2945 licet
2201 2897 2365 2946 existi-

235 2998 391 3044 mare,
414 2983 599 3031 cfimen
627 2982 944 3047 pecuniarum
967 2990 1215 3046 captarum
1239 2980 1293 3029 in
1319 2996 1432 3027 eum
1460 2978 1606 3027 fuisse
1629 2979 1958 3044 subscriptum
1973 3015 1989 3039 ,
2011 2996 2114 3045 quo
2141 2981 2204 3029 de
2229 2996 2366 3030 more

231 3068 496 3125 Fet-ratius,
520 3081 709 3130 nosque
732 3064 853 3113 alibi
878 3064 1187 3113 monuimus:
1214 3063 1478 3128 prasertim
1503 3078 1652 3127 quum
1674 3062 1864 3124 iudices
1889 3063 1985 3112 hoc
2012 3064 2156 3111 etiam
2183 3064 2364 3113 ctimen

236 3151 289 3199 in
303 3166 365 3199 eo
384 3148 666 3198 damnando
688 3158 948 3213 aequatos,
972 3164 1032 3197 ex
1053 3148 1218 3197 Dione
1244 3146 1387 3195 facile
1413 3144 1681 3209 colligatur.
1709 3147 1777 3194 At
1801 3145 1934 3194 aliud
1959 3155 2057 3205 est,
2081 3147 2364 3195 nominatim

237 3234 449 3298 aliquem
462 3230 841 3297 repetundarum
858 3246 1113 3291 arcessere,
1123 3240 1269 3295 atque
1283 3229 1517 3293 integram
1535 3227 1640 3289 eius
1655 3228 1726 3276 rei
1741 3230 2096 3279 accusationem
2108 3224 2363 3289 instruere,

238 3316 373 3381 quod
399 3314 741 3382 probabilibus
762 3331 879 3363 sane
911 3315 973 3363 de
998 3314 1156 3363 causis
1191 3314 1246 3362 in
1271 3313 1493 3362 Antonio
1521 3312 1698 3360 factum
1722 3327 1918 3377 negasse
1953 3312 2074 3361 mihi
2103 3313 2276 3362 videor
2302 3315 2367 3362 ad

240 3414 281 3445 c.
302 3400 365 3447 38
394 3414 490 3464 pro
516 3399 714 3448 Flacco.
740 3398 989 3447 Creditum
1013 3400 1157 3447 etiam
1186 3414 1215 3446 a
1239 3394 1492 3446 nonnullis
1503 3394 1614 3452 fuit,
1637 3394 1792 3458 legem
1814 3396 2058 3445 Vatiniana
2085 3396 2148 3445 de
2171 3397 2367 3445 alternis

240 3480 457 3531 consiliis
494 3482 774 3543 rejiciendis
810 3482 875 3530 ad
918 3496 1070 3529 unum
1108 3490 1350 3545 spectasse
1394 3476 1767 3542 repetundarum
1804 3478 2045 3539 judicium
2077 3493 2092 3527 ε
2131 3494 2275 3544 quam
2316 3478 2368 3526 in

243 3566 533 3615 sententiam
551 3566 705 3614 celeb.
722 3566 972 3615 Ernestius
984 3566 1077 3614 ivit
1092 3566 1144 3613 in
1158 3566 1340 3629 Legum
1357 3562 1546 3611 Indice.
1565 3564 1676 3610 Hoc
1694 3563 1736 3609 ai
1753 3578 1924 3611 verum
1937 3574 2077 3621 esset,
2099 3562 2368 3611 Antonium

242 3661 367 3701 certe
391 3650 771 3715 repetundarum
796 3662 1075 3699 accusatum
1100 3660 1350 3715 oporteret
1379 3662 1442 3696 ex
1466 3645 1504 3693 1.
1531 3662 1575 3693 c.
1601 3644 1656 3693 iu
1681 3647 1844 3695 Vatin.
1870 3647 2156 3695 existimare.
2195 3645 2290 3695 Sed
2313 3663 2374 3696 eo

243 3736 355 3783 loco
372 3734 499 3783 nihil
522 3733 717 3793 dicitur,
743 3735 1006 3798 quominus
1023 3733 1179 3797 legem
1194 3731 1444 3781 'Vatiniam
1464 3728 1528 3778 ad
1552 3728 1715 3783 omnia
1735 3730 1931 3795 publica
1954 3728 2135 3792 iudicia
2155 3730 2374 3780 universe

241 3818 482 3882 pertinere
502 3816 752 3865 credamus
778 3829 967 3881 :neque
984 3816 1113 3864 ullus
1128 3825 1201 3864 est
1225 3814 1346 3864 mihi
1367 3822 1514 3862 notus
1536 3811 1668 3859 illius
1689 3814 1938 3862 sententia
1960 3823 2132 3862 auctor
2149 3812 2371 3861 idoneus.

242 3902 327 3949 Me
350 3902 518 3964 itaque
535 3901 745 3949 Dionem
768 3901 904 3964 sequi
928 3916 1031 3948 nou
1052 3899 1283 3965 poenitet,
1307 3900 1394 3964 qui
1415 3896 1684 3946 Antonium
1713 3908 1856 3963 negat
1879 3897 1969 3947 alia
1989 3896 2094 3962 lege
2109 3932 2123 3957 ,
2149 3914 2292 3962 quam
2312 3896 2373 3943 de

244 3984 293 4030 vi
314 3982 539 4048 publica,
559 3984 855 4049 postulatum
879 3985 1043 4034 suinae.
1070 3986 1426 4033 Ginai-onus.
