2594 4537
347 286 492 359 636
932 290 1212 359 GASP.
1270 292 1876 361 GARATONII

342 434 422 475 ex
454 433 589 499 quo
622 411 941 476 Gruterus
978 409 1213 494 edidit,
1248 434 1396 500 pag.
1418 412 1579 495 436,
1615 436 1650 476 2
1671 462 1688 494 ‚
1725 410 1806 475 ad
1835 410 2143 473 Fulvium
2169 411 2476 476 Ursinnm

340 533 567 605 postea
612 514 989 604 demigravit
1009 564 1028 598 ,
1072 516 1213 605 ipso
1258 532 1422 582 teste
1465 517 1548 582 ad
1589 520 1937 598 Caesarem,
1973 516 2130 587 Bell.
2179 516 2352 581 Gall.
2389 518 2478 600 11,

337 625 411 705 4,
448 620 601 686 edit.
626 623 661 686 J
666 624 1091 710 ungermanni
1108 670 1128 703 ,
1151 620 1273 687 eol.
1299 624 1449 711 467.
1475 625 1771 688 Alterum
1791 645 1948 687 vero
1976 622 2176 711 longe
2197 622 2482 711 plenius,

337 726 453 792 sed
484 728 846 792 minoribus
886 728 1085 793 literis
1104 776 1123 811 ,
1174 729 1358 817 quod
1397 730 1595 795 habet
1629 752 1709 794 ex
1740 719 2081 794 Mazochio
2121 728 2478 809 Gruterus,

336 832 494 898 ibid.
534 856 597 897 n.
632 833 673 899 3
695 879 714 916 ,
755 857 890 899 non
928 856 1009 919 ex
1045 834 1344 923 pluribus
1367 882 1386 917 ,
1437 852 1516 901 ut
1561 834 1943 912 adnotatur,
1992 834 2337 924 particulis
2379 834 2484 898 ille

331 942 699 1024 contexuit,
736 939 851 1005 sed
890 942 1013 1005 illa'
1030 942 1167 1030 ipsa
1208 957 1307 1005 est
1342 964 1527 1029 paene
1567 942 1817 1031 integra
1855 941 2202 1029 inscriptio
2221 990 2244 1022 ,
2283 964 2482 1029 quam

330 1046 399 1109 in
436 1044 537 1108 via
560 1046 905 1128 Flaminia,
940 1045 1111 1110 inter
1134 1047 1408 1136 Augusti
1439 1048 1848 1111 mausoleum
1877 1062 1944 1111 et
1974 1046 2210 1111 collem
2245 1046 2480 1111 hortu·

330 1151 547 1215 lorum
597 1152 961 1235 inventam,
1007 1175 1087 1217 ex
1111 1152 1350 1217 Fulvio
1391 1170 1458 1217 et
1501 1153 1819 1218 Marliano
1869 1152 2068 1217 refert
2107 1152 2478 1235 Nardinus,

331 1258 519 1321 Rom.
554 1259 755 1346 antiq.
783 1259 897 1340 IV,
942 1281 1041 1323 10.
1071 1260 1295 1348 Longe
1317 1259 1500 1324 abest
1519 1258 1674 1324 inde
1693 1258 1915 1323 forum
1938 1259 2219 1347 Augusti
2237 1308 2258 1341 ,
2295 1258 2478 1347 quod

328 1378 464 1426 erat
497 1363 669 1427 inter
695 1365 1065 1428 Romanum
1087 1380 1275 1429 vetus
1296 1380 1366 1428 et
1395 1365 1624 1429 Nervae
1649 1364 2009 1446 recentius,
2055 1364 2188 1429 hoc
2223 1381 2330 1429 est
2348 1414 2369 1447 ,
2397 1365 2472 1428 ab

334 1492 407 1533 ea
443 1485 625 1558 parte
659 1471 960 1535 Romano
997 1472 1362 1535 eontinenS.
1388 1470 1572 1554 Quid
1589 1492 1746 1559 ergo
1766 1472 2078 1535 est?na1n
2113 1469 2198 1534 de
2235 1492 2472 1535 monu-

333 1576 539 1639 menti
574 1576 849 1639 Mariani
885 1576 1034 1640 loco
1080 1598 1217 1641 non
1265 1593 1364 1641 est
1394 1574 1860 1659 laborandum,
1903 1598 2112 1663 quum
2155 1576 2300 1655 ejus
2331 1598 2470 1639 esse
2570 1590 2571 1599 ³

324 1681 449 1745 loci
484 1678 688 1745 videri
710 1681 903 1769 plane
923 1682 1260 1771 inscriptio
1282 1704 1424 1747 non
1453 1683 1680 1771 possit.
1711 1682 1842 1747 Sed
1873 1705 1910 1746 a
1945 1683 2272 1747 Suetonio
2309 1681 2468 1745 mihi

322 1787 602 1851 tenebris
653 1788 1048 1853 circumfuso
1096 1789 1207 1853 lux
1254 1787 1519 1854 tandem
1567 1788 1858 1879 affulget.
1907 1788 1974 1853 Is
2017 1789 2086 1853 in
2135 1786 2433 1878 Caligula
2449 1836 2468 1867 ,

328 1913 466 1979 cap.
504 1890 627 1974 34,
652 1906 933 1957 «statuas
949 1941 968 1975 ,
1002 1893 1218 1981 inquit
1233 1940 1253 1976 ,
1305 1892 1596 1957 virorum
1645 1892 1991 1959 illustrium
2039 1892 2123 1956 ab
2165 1896 2466 1982 Augusto

326 2016 403 2059 ex
436 1996 793 2086 Capitolina
824 2019 971 2061 area
1017 2014 1285 2087 propter
1329 1998 1658 2087 angustias
1701 1998 1772 2061 in
1811 1996 2124 2061 Martium
2159 2019 2466 2085 campum

324 2103 582 2167 collatas
625 2104 715 2169 ita
759 2105 1109 2188 subvertit,
1142 2122 1221 2169 ut
1262 2105 1516 2169 restitui
1555 2104 1744 2169 salvis
1792 2105 1996 2169 titulis
2049 2126 2190 2168 non
2235 2120 2466 2193 potue-

320 2208 450 2276 rint
470 2240 515 2275 ».
550 2211 933 2277 Torrentius
978 2227 1044 2276 et
1078 2210 1334 2300 Lipsius
1361 2210 1822 2278 intellexerunt
1835 2258 1854 2293 ,
1889 2210 2120 2276 statuis
2149 2209 2464 2276 diffractis

320 2332 387 2378 et
410 2318 829 2383 comminutis
848 2365 867 2400 ,
908 2319 1133 2382 inanes
1166 2341 1320 2384 cum
1353 2319 1556 2382 titulis
1591 2317 1778 2382 bases
1823 2317 2036 2382 furori
2077 2317 2460 2382 stultissimo

317 2422 729 2509 superfuisse.
764 2425 973 2488 Locus
1010 2440 1109 2488 est
1139 2423 1223 2488 de
1258 2439 1620 2489 statuarum
1645 2423 1900 2488 honore
1915 2471 1935 2506 ,
1979 2445 2114 2486 non
2163 2421 2248 2488 de
2283 2423 2456 2488 omni

315 2527 639 2594 clarorum
670 2528 965 2594 virorum
992 2531 1349 2596 memoria:
1382 2553 1600 2621 neque
1631 2528 1928 2594 Livianos
1959 2528 2164 2594 libros
2201 2528 2456 2594 abolere

316 2653 523 2719 quum
546 2634 859 2721 cogitaret
872 2681 891 2716 ,
924 2635 1185 2700 illorum
1221 2633 1526 2701 laudibus
1563 2635 2000 2716 obtrectabat,
2041 2657 2191 2722 quae
2223 2633 2454 2722 praedi·

314 2752 547 2799 cantur
574 2759 613 2800 a
636 2737 848 2820 Livio,
874 2737 989 2802 sed
1018 2739 1404 2806 historicum
1447 2757 1584 2805 tam
1615 2741 1998 2830 praeclarum
2041 2739 2450 2826 loquacitatis
2570 2785 2571 2794 η

316 2840 523 2906 homo
557 2841 777 2908 fatuus
822 2844 1165 2910 accusabat
1202 2863 1271 2910 et
1292 2844 1718 2936 negligentiae.
1741 2848 1830 2910 At
1851 2867 1990 2927 cur,
2013 2843 2070 2907 si
2091 2845 2228 2908 suis
2261 2841 2452 2908 cim&

314 2949 665 3015 Suetonius
689 2949 953 3033 dixerit,
990 2953 1220 3018 clarius
1241 2953 1372 3018 hoc
1386 2968 1624 3042 putent
1643 2954 1784 3016 fore
1797 2999 1815 3033 ,
1837 2972 1976 3015 non
1996 2948 2216 3015 video.
2231 2951 2451 3015 salvos

312 3051 527 3120 dicere
560 3058 885 3145 optimum
918 3059 1048 3122 fuit
1063 3107 1082 3141 ,
1126 3059 1261 3123 sive
1306 3059 1555 3124 restitui
1595 3057 1792 3123 titulis
1813 3106 1831 3139 ,
1867 3057 1984 3145 qui
2021 3054 2194 3120 salvi
2235 3071 2418 3120 erant
2431 3105 2448 3138 ,

312 3159 656 3250 intelligas,
686 3161 818 3226 sive
844 3185 1053 3251 quum
1078 3163 1243 3228 salvi
1267 3180 1491 3228 essent
1523 3164 1594 3226 in
1625 3162 1891 3227 basibus
1921 3159 2113 3226 tituli.
2139 3161 2344 3225 Nunc
2374 3183 2450 3224 ex

310 3287 389 3328 eo
420 3288 698 3332 numero
726 3268 992 3332 titulum
1011 3316 1030 3351 ,
1062 3270 1294 3358 quiIC.
1337 3269 1528 3333 Marii
1571 3283 1798 3332 statuae
1843 3265 2250 3354 subscriptus
2287 3265 2446 3346 fuit,

310 3371 559 3434 salvum
578 3375 1049 3463 cognoscimus.
1066 3373 1239 3440 Illud
1258 3374 1560 3466 ignoturn
1573 3389 1692 3458 est,
1709 3373 2018 3438 titulosne
2044 3371 2445 3461 Capitolinos

309 3477 577 3542 servarit
622 3481 955 3568 Augustus
973 3529 993 3564 ,
1037 3503 1123 3545 an
1167 3479 1251 3546 de
1300 3481 1447 3544 foro
1503 3501 1624 3546 suo
1673 3477 2028 3568 descriptos
2079 3477 2440 3558 subjecerit.

306 3583 593 3648 Servavit
640 3587 911 3651 fortasse
958 3587 1250 3674 aliquos:
1288 3585 1429 3669 hie,
1463 3601 1542 3650 ut
1591 3609 1660 3651 se
1699 3609 1806 3652 res
1853 3585 2170 3650 hactenus
2217 3583 2441 3663 habet,

305 3687 600 3753 videatur
635 3711 714 3753 ex
753 3690 923 3756 foro.

397 3791 455 3857 5.
492 3795 686 3881 Atqui
718 3819 819 3860 res
855 3798 945 3862 ita
976 3799 1266 3862 converti
1297 3813 1542 3886 potest,
1579 3814 1658 3864 ut
1689 3819 1898 3863 novus
1929 3797 1998 3861 in
2025 3815 2260 3882 campo
2299 3796 2438 3856 fue·

307 3897 425 3977 rit,
460 3898 697 3966 deinde
732 3903 799 3966 in
844 3902 972 3968 fori
1014 3905 1375 3993 porticibus
1423 3927 1608 3970 novae
1657 3907 1730 3970 C.
1771 3903 1960 3970 Marii
1993 3919 2223 3968 statuae
2267 3898 2434 3964 idem

304 3999 724 4088 subscriptus.
754 4009 921 4073 Nam
959 4010 1085 4075 hoc
1120 4011 1354 4077 ordine
1381 4015 1714 4100 Augustus
1739 4012 1875 4099 ipse
1907 4011 1978 4074 in
2001 4021 2434 4076 monumento
