2594 4537
549 216 950 299 ORATIO
999 228 1208 296 PRO
1259 168 1418 297 cit.
1472 221 1958 297 PLANCIO.
2192 224 2341 323 529

179 377 312 429 me
349 350 659 425 valuisse
699 348 888 421 dico.
924 352 1104 421 Nam
1127 402 1148 435 ,
1190 362 1276 420 ut
1326 348 1653 419 omittam
1691 347 1869 420 illud
1893 401 1913 436 ‚
1964 348 2167 447 quod
2204 374 2343 447 ego

185 490 336 563 pro
363 474 498 535 eo⁹
535 458 984 547 laborabam,
1017 460 1146 556 qui
1169 455 1451 530 valebat
1472 460 1628 557 ipse
1656 482 1790 555 per
1824 483 2021 531 sese:
2063 450 2345 557 rogatio

185 577 352 673 ipsa
393 596 683 671 semper
721 584 834 640 est
859 570 1405 666 gratiosissima,
1436 593 1597 666 quae
1624 583 1731 639 est
1760 566 2001 640 officio
2042 570 2351 642 necessi-

187 682 476 756 tudinis
511 682 904 779 conjuncta
937 682 1270 751 maxime.
1306 682 1561 775 Neque
1598 678 1793 749 enim
1816 691 1877 725 ¹⁰
1916 703 2051 776 ego
2088 682 2199 751 sic·
2222 703 2349 752 ro-

191 793 496 894 gabam,
533 806 620 865 ut
647 805 896 891 petere
929 790 1254 879 viderer,
1293 792 1470 888 quia
1506 786 1877 861 familiaris
1900 806 2090 862 esset
2114 812 2355 881 meuS,

187 906 376 1004 quia
413 904 728 991 vicinus,
778 902 954 999 quia
1002 900 1224 996 hujus
1271 913 1573 999 parente
1622 923 1907 999 semper
1949 900 2353 998 plurimum

191 1038 438 1087 essem
473 1036 685 1103 usus;
729 1011 859 1087 sed
903 1026 986 1083 ut
1024 1012 1230 1108 quasi
1274 1010 1602 1109 parenti,
1656 1022 1729 1083 et
1764 1008 2123 1080 custodi¹¹
2167 1036 2360 1084 meo,

191 1129 374 1197 Non
400 1123 728 1221 potentia
755 1144 953 1209 mea,
984 1120 1112 1192 sed
1155 1144 1371 1191 causa
1410 1120 1807 1217 rogationis
1840 1118 1979 1191 fuit
2013 1123 2347 1217 gratiosa.

193 1238 440 1307 Nemo
473 1258 634 1305 mea
669 1233 1130 1305 restitutione
1161 1231 1438 1303 laetatus
1484 1244 1627 1319 est,
1662 1254 1888 1329 ‘nemo
1924 1230 2189 1325 injuria
2234 1232 2364 1303 do·-

199 1345 380 1433 luit,
419 1345 538 1415 cui
566 1368 720 1414 non
756 1342 979 1437 hujus
1000 1353 1060 1387 ¹²
1097 1342 1174 1413 in
1203 1364 1321 1413 me
1358 1339 1848 1413 misericordia
1884 1354 2085 1437 grata
2120 1339 2360 1414 fuerit.

199 1454 534 1539 Etenim,
573 1454 630 1524 si
658 1466 828 1523 ante
874 1452 1190 1525 reditum
1231 1475 1479 1524 meum
1528 1454 1665 1522 Cn.
1705 1450 1997 1522 Plancio
2030 1475 2105 1521 se
2138 1440 2359 1550 vulgo

205 1566 354 1634 viri
394 1561 609 1651 boni,
653 1586 886 1659 quum
925 1562 1043 1632 bic
1076 1560 1530 1633 tribunatum
1568 1575 1848 1659 peteret
1863 1616 1891 1649 ,.
1944 1560 2139 1631 ultro
2176 1559 2362 1633 offe-

203 1672 479 1745 rebant
515 1700 533 1742 :
582 1675 698 1744 cui
755 1696 1029 1743 nomen
1071 1697 1321 1744 meum
1346 1667 1741 1743 absentis¹³
1772 1670 2037 1741 honori
2074 1670 2368 1759 fuisset,

211 1785 286 1855 ei
340 1806 548 1855 meas·
582 1784 956 1884 praesentis
1003 1806 1254 1881 preces
1311 1808 1465 1852 non
1522 1794 1733 1878 putas
1795 1779 2203 1879 profuisse?
2251 1788 2363 1854 An

207 1896 758 1965 Minturnenses
802 1893 1082 1980 coloni,
1117 1892 1321 1990 quod
1356 1895 1431 1962 C.
1472 1894 1781 1963 Marium
1808 1916 1901 1962 ex
1936 1892 2124 1963 civili
2159 1918 2361 1964 erro-

209 2005 408 2092 rem,
439 2017 659 2100 atque
687 2028 780 2075 ex
807 2002 1050 2101 impiis
1077 2000 1415 2073 manibus
1446 2002 1913 2099 eripuerunt,
1940 2001 2143 2098 quod
2174 2016 2368 2074 tecto

169 2244 310 2296 ‚ego
371 2228 622 2294 superbio.
677 2230 869 2280 Victor.
919 2241 969 2279 et
1021 2228 1248 2278 nonnulli
1336 2226 1512 2278 vestris
1560 2218 1829 2293 psueorem
1872 2227 2167 2296 respondent
2205 2230 2374 2280 leudi-

213 2319 333 2376 post
359 2325 470 2356 eum
500 2309 631 2358 edid.
669 2307 758 2374 qui
779 2309 894 2358 loco
923 2310 1076 2373 quod.
1336 2308 1432 2377 lpus
1458 2328 1501 2357 ι.
1550 2307 1845 2372 Bithynicus
1879 2308 1945 2357 sd
1981 2309 2094 2358 Div.
2129 2311 2220 2370 VI,
2264 2313 2327 2360 16
2353 2328 2368 2361 ς

288 2405 342 2452 9.
367 2387 514 2452 'Quod
527 2397 618 2452 ego
626 2405 686 2454 p.
707 2405 767 2436 eo
787 2389 888 2437 lab.
911 2389 1008 2436 Pro
1025 2389 1244 2438 Plancio.

293 2483 377 2517 ιο.
421 2468 595 2532 Neque
638 2467 785 2516 enirn.
837 2468 1079 2516 Particuls
1121 2468 1252 2516 enim

211 2557 423 2598 venuste
445 2546 637 2596 accedit
659 2562 722 2594 ex
745 2547 946 2611 Tui-ing.
965 2547 1248 2612 exemplari.

295 2640 378 2674 ιι.
414 2619 614 2674 Custodi
640 2641 762 2673 meo.
793 2626 977 2675 Erfurt.
1011 2645 1036 2670 ι
1055 2625 1251 2675 custodi

211 2705 392 2756 alatis
409 2719 530 2753 mee
546 2726 592 2754 ιο.
615 2705 808 2754 Eruest.
839 2703 1121 2767 glossemate
1143 2717 1254 2753 eor-

213 2795 422 2849 ruptum
443 2794 604 2848 putat.
629 2784 751 2832 Non
767 2782 920 2832 modo
934 2783 1068 2846 epud
1095 2784 1250 2833 Tacit.

214 2863 404 2916 Amal.
431 2866 534 2924 111,
565 2873 644 2922 14,
679 2883 704 2908 ι
719 2861 900 2912 Custos
925 2861 1092 2911 salutis
1109 2885 1137 2905 ‚-
1163 2879 1248 2912 oe-

215 2944 403 3003 eurrit,
428 2943 516 2992 sed
536 2943 709 2993 Cicero
729 2942 876 2992 etiam
899 2943 951 2991 in
977 2944 1250 3008 peroratio-

217 3039 314 3084 ue,
333 3039 440 3088 esp.
463 3031 529 3080 4²
553 3037 568 3072 t
589 3045 617 3066 c
635 3021 752 3072 Nou
775 3038 868 3086 ego
887 3021 1007 3070 meis
1025 3031 1252 3070 ornatum

216 3101 475 3153 benefieiis
508 3118 538 3151 e
572 3102 718 3150 vobis
749 3102 1014 3166 deprecor,
1033 3098 1257 3163 judiees,

219 3183 314 3233 sed
331 3183 582 3232 custodem
605 3179 775 3230 salutis
793 3195 914 3229 meae
932 3199 974 3229 ι.

300 3277 384 3310 12.
407 3260 578 3326 Hujus.
603 3259 808 3309 Plancii.

303 3339 386 3390 13.
413 3341 500 3390 cm·
515 3355 689 3388 nomen
701 3355 864 3388 meum
879 3335 1109 3386 absentis.
1127 3339 1258 3387 Grae-

219 3421 338 3470 vius
363 3433 424 3467 ex
450 3419 632 3469 Erfurt.
664 3417 783 3468 eod.
811 3415 1016 3466 verbum
1043 3414 1256 3464 absentis

221 3497 436 3549 addidit.
452 3501 563 3547 Hoc
576 3495 813 3562 loquendi
825 3511 978 3560 genus
995 3493 1259 3544 illustravit

222 3589 344 3645 post
383 3578 504 3625 alios
535 3577 887 3640 Zinzerlingius
902 3611 916 3636 ,
964 3573 1260 3623 Promulsid.

224 3658 353 3708 crit.
381 3672 424 3704 c.
455 3655 520 3705 35
538 3690 552 3715 ‚
583 3671 726 3720 quem
749 3657 866 3704 citat
890 3658 1145 3704 Gruterus.
1177 3653 1263 3700 Est

227 3736 376 3785 etiam
397 3735 452 3782 in
473 3737 644 3784 Bavar.
671 3747 819 3800 atque
839 3735 890 3781 in
919 3749 1022 3781 uno
1043 3734 1261 3782 Briteun.

229 3815 276 3863 si
305 3813 504 3878 quidem
536 3823 666 3862 recte
695 3815 760 3863 sit
785 3815 1090 3862 adnotatum.
1114 3813 1264 3860 Geni-

229 3895 392 3942 tivum
441 3903 557 3958 post
602 3893 786 3954 adject.
835 3907 1041 3958 possess.
1089 3892 1266 3955 sapius

237 3972 485 4038 reperies:
509 3975 690 4021 Brutus
715 3972 778 4021 ed
805 3973 910 4021 cio.
937 3988 1015 4036 ep.
1044 3987 1067 4032 7
1097 3983 1110 4020 t
1137 3991 1162 4013 κ
1181 3973 1269 4036 qui

381 4061 501 4130 IV.
546 4076 635 4124 cic.
657 4092 765 4140 pars
785 4073 1000 4122 secunda.

1340 2409 1367 2430 ι
1384 2387 1655 2436 Contentus
1672 2401 1757 2434 ero
1778 2398 1945 2436 nostra
1963 2388 2183 2452 ipsorum
2202 2392 2373 2440 amiei-

1339 2467 1408 2515 tis
1430 2488 1474 2516 n.
1512 2465 1777 2526 Martialis,
1805 2468 1935 2528 VII,
1954 2467 2052 2516 51:
2076 2488 2097 2510 ι
2130 2469 2211 2517 Sic
2237 2481 2373 2519 tenet

1338 2545 1551 2596 absentis
1578 2555 1799 2606 nostros,
1825 2556 2088 2611 cantatque
2113 2547 2305 2598 libellos
2324 2573 2368 2598 n.

1340 2626 1446 2674 Liv.
1464 2620 1709 2686 xxxvl,
1725 2640 1780 2687 ¹7:
1800 2627 1941 2674 «Vim
1958 2627 2089 2675 tusni
2103 2630 2375 2692 pra-sentis,

1341 2705 1677 2767 exercitusque
1730 2706 1801 2752 tui
1850 2707 2059 2770 experiri
2099 2727 2142 2756 ι.
2193 2709 2374 2759 Catuli.

1341 2806 1368 2826 ι
1384 2785 1496 2832 Mea
1517 2783 1743 2846 pellentis
1768 2784 1984 2831 membra
2001 2797 2019 2843 3
2038 2801 2169 2833 mess
2186 2789 2373 2838 miserm

1337 2859 1601 2909 flammas».
1618 2863 1797 2911 Horat.
1816 2862 1918 2910 Set.
1942 2865 1993 2922 1,
2014 2871 2045 2918 4
2060 2899 2075 2924 ,
2098 2863 2196 2914 23:
2222 2887 2245 2909 ι
2263 2883 2370 2916 mea

1338 2941 1521 3006 scripte
1546 2942 1747 2988 recitare
1768 2941 1985 2990 timentis
2001 2963 2049 2990 n.

1416 3035 1439 3066 1
1450 3027 1497 3075 4.
1515 3021 1601 3067 Ex
1620 3019 1751 3068 civili
1766 3035 1947 3079 err-ore,
1958 3031 2184 3085 aeques-2·
2200 3022 2378 3090 impiis,

1338 3099 1477 3146 Loco
1505 3113 1697 3158 errore,
1730 3098 1847 3149 eod.
1878 3099 2055 3148 Ambr.
2082 3102 2217 3165 apud
2242 3107 2379 3170 Aug.

1342 3177 1558 3235 Maium,
1582 3193 1634 3241 p.
1662 3177 1783 3240 152,
1810 3175 2126 3243 habetfirro.
2147 3181 2381 3232 Similiter

1344 3257 1463 3306 edit.
1473 3257 1947 3306 OrelliiTurieensis.
1960 3260 2029 3308 Ut
2040 3259 2181 3308 locus
2196 3262 2381 3326 editur,

1346 3337 1563 3386 seeundo
1590 3335 1784 3400 potius,
1812 3348 1957 3402 quem
1985 3339 2149 3402 priore
2174 3341 2290 3390 loeo
2314 3358 2381 3390 ex

1348 3431 1453 3464 nou
1505 3415 1831 3464 necessarium
1878 3427 2022 3481 putat
2067 3421 2379 3470 Garatonius.

1348 3494 1603 3544 Existimat
1628 3495 1775 3544 etiam
1801 3516 1829 3538 ιι
1846 3497 2033 3562 eripere
2055 3514 2119 3546 ex
2148 3499 2282 3548 civili
2308 3516 2385 3549 er-

1350 3589 1462 3622 rore
1482 3595 1509 3617 a
1522 3608 1537 3634 ,
1575 3571 1857 3622 Tuliianum
1894 3593 1999 3624 non
2041 3593 2145 3624 esse
2166 3611 2181 3635 ,
2224 3593 2385 3643 neque

1352 3669 1521 3702 verum
1558 3651 1619 3700 de
1653 3653 1819 3701 Mario
1840 3688 1856 3714 ‚
1893 3657 2007 3718 quia
2033 3655 2211 3704 erravit
2236 3656 2383 3706 etiam

1353 3741 1523 3798 postes
1540 3765 1558 3792 ,
1594 3743 1644 3780 et
1678 3731 1733 3780 in
1778 3732 1893 3796 fuga
1934 3733 2048 3782 fuit.
2079 3733 2253 3783 Cicero
2296 3739 2388 3800 qui

1354 3811 1515 3859 Mario
1541 3810 1769 3875 populari
1796 3825 1888 3859 suo
1925 3811 2055 3860 favet
2071 3847 2089 3876 ,
2114 3829 2217 3862 non
2244 3831 2355 3865 eum
2372 3852 2387 3876 ,

1356 3891 1444 3939 sed
1462 3891 1567 3951 ejus
1586 3889 1889 3940 adversarios
1908 3891 1962 3942 in
1980 3907 2150 3942 errore
2170 3909 2387 3945 versatos

1358 3981 1543 4020 censet.

2059 4061 2151 4146 34
