2594 4537
295 290 388 363 68
933 287 1027 354 Μ.
1079 287 1158 352 Τ.
1211 282 1775 354 CICERONIS

297 427 524 486 tracta
574 413 717 482 sint
737 461 756 496 ‚
794 429 1024 504 quum
1061 407 1136 475 in
1173 405 1310 476 hac
1344 402 1635 476 fortuna
1668 404 1928 473 misera
1946 398 1981 446 ⁶
2016 427 2100 474 ac
2140 401 2429 476 luctuo-

301 525 576 595 sissima
593 519 976 591 destitutus
1003 519 1125 587 sit:
1165 514 1343 612 quid
1370 529 1511 604 est,
1528 512 1728 610 quod
1751 527 2043 612 expetas
2070 515 2433 612 amplius?
2542 581 2544 598 ,

298 616 602 705 Lucisne
629 629 816 698 hanc
842 649 1134 698 usuram
1153 636 1180 680 ⁷
1210 627 1489 722 eripere
1506 625 1610 694 vis
1638 623 1927 721 plenam
1956 624 2433 721 lacrymarum

303 758 521 839 atque
561 737 896 809 moeroris
917 789 934 821 ,
967 737 1042 804 in
1087 759 1232 830 qua
1277 759 1444 805 cum
1488 734 1802 804 maximo
1843 735 2164 805 cruciatu
2214 751 2433 833 atque

303 851 555 925 dolore
579 848 934 920 retinetur
959 844 1351 916 PLibenter
1376 842 1765 915 reddiderit
1780 837 1811 888 ⁸
1828 897 1848 932 ‚
1876 843 2213 943 adempta
2236 847 2435 942 igno-

301 960 522 1031 minia
544 957 918 1029 foedissimi
945 956 1284 1026 criminis.
1322 958 1433 1025 An
1464 977 1636 1024 vero
1672 954 2043 1025 inimicum
2080 969 2163 1025 ut
2198 955 2439 1054 expel-
2546 961 2548 974 '

300 1072 404 1142 las
427 1070 514 1150 9?
573 1068 774 1164 cujus
823 1090 916 1136 ex
961 1065 1293 1153 miseriis,
1354 1065 1413 1133 si
1464 1087 1653 1134 esses
1719 1061 2291 1150 crudelissimus,
2338 1067 2439 1134 vi·
2548 1151 2550 1168 i

306 1177 549 1254 dendo
592 1177 912 1249 fructum
974 1199 1268 1274 caperes
1324 1173 1673 1268 majorem
1701 1228 1720 1261 ‚
1761 1198 1982 1271 quam
2016 1173 2407 1246 audienda

399 1294 464 1361 Ο
501 1289 845 1360 miserum
899 1301 972 1358 et
1029 1284 1391 1357 infelicem
1424 1285 1650 1355 illum
1708 1283 1903 1356 diem
1933 1339 1953 1374 ‚
1998 1308 2149 1382 quo
2190 1285 2443 1357 consul
2550 1345 2552 1386 ὲ

309 1397 648 1471 omuibus
693 1396 1036 1467 centuriis
1077 1399 1152 1465 P.
1198 1394 1395 1467 Sulla
1434 1396 1893 1467 renuntiatus
1925 1394 2068 1467 est!
2106 1421 2153 1466 o
2196 1393 2441 1467 salsam
2550 1399 2552 1402 ⁴

312 1507 544 1607 spem!
587 1533 632 1578 o
672 1507 1038 1578 volucrem
1078 1503 1441 1576 fortunam
1479 1502 1495 1575 !
1536 1529 1582 1576 o
1621 1529 1876 1576 caecam
1930 1502 2442 1604 cupiditatem}

311 1645 358 1692 o
391 1632 893 1719 praeposteram
921 1627 984 1660 ¹⁰
1012 1612 1605 1712 gratulationem!
1640 1639 1859 1712 quam
1888 1618 2035 1686 cito
2058 1615 2177 1688 illa
2205 1617 2447 1687 omnia

313 1755 402 1800 ex
443 1727 678 1798 laetitia
717 1740 789 1796 et
827 1725 1196 1823 voluptate
1237 1723 1327 1796 ad
1369 1724 1649 1796 luctum
1686 1723 2142 1820 et·lacrymas
2178 1725 2449 1798 recide·-
2554 1786 2556 1798 .

313 1853 517 1925 runt,
553 1851 672 1921 ut,
715 1837 846 1934 qui
892 1835 1136 1933 paullo
1193 1849 1361 1906 ante
1402 1833 1661 1906 consul
1704 1834 2119 1932 designatus
2158 1833 2451 1920 fuisset,
2554 1847 2556 1856 '

317 1950 660 2022 retineret
678 1960 981 2044 repente
1005 1945 1288 2016 nullum
1302 1946 1683 2042 vestigium
1708 1946 2024 2042 pristinae
2050 1945 2447 2042 dignitatis!

320 2057 512 2150 Quid
553 2059 748 2128 enim
781 2070 932 2127 erat
963 2055 1167 2142 mali,
1201 2055 1401 2152 quod
1439 2054 1608 2127 huic
1636 2110 1655 2141 ‚
1708 2054 2013 2152 spoliato
2038 2067 2094 2100 ¹¹
2137 2056 2453 2142 honore,
2556 2085 2558 2090 ·

321 2167 541 2255 fama,
587 2164 898 2238 fortunis
925 2219 945 2254 ‚
994 2164 1242 2238 deesse
1284 2163 1693 2236 videretur?
1730 2178 1854 2235 aut
1894 2167 2013 2236 cui
2041 2190 2243 2237 novae
2271 2166 2453 2238 cala-

322 2278 548 2349 mitati
589 2276 794 2349 locus
832 2274 1026 2347 ullus
1071 2275 1363 2347 relictus
1412 2276 1715 2346 esset12?
1748 2271 1972 2371 Urget
2014 2275 2266 2346 eadem
2308 2273 2455 2346 for-
2494 2280 2499 2283 ’
2558 2308 2560 2323 1

325 2404 502 2460 tuna
527 2383 632 2472 ¹33
669 2409 832 2483 quae
871 2384 1130 2481 coepit3
1192 2385 1459 2482 reperit
1508 2408 1782 2456 novum
1834 2408 2264 2473 moerorem3
2305 2410 2454 2457 non

333 2497 640 2597 patitur,
676 2492 1048 2564 hominem
1092 2493 1587 2566 calamitosum
1623 2517 1775 2566 uuo
1814 2494 2035 2565 modo
2069 2492 2456 2583 afflictum,

335 2630 482 2677 uno
521 2606 598 2673 in
641 2601 841 2674 luctu
885 2604 1146 2699 perire.

427 2714 751 2787 XXXIII.
771 2710 908 2783 Sed
935 2712 1082 2807 jam
1115 2710 1473 2810 impedior
1503 2727 1826 2810 egomet,
1856 2714 2136 2808 judices
2158 2769 2177 2805 ,
2212 2714 2461 2786 dolore

331 2826 594 2898 auimi¹
616 2878 637 2912 ,
679 2847 770 2894 ne
805 2821 895 2893 de
924 2820 1145 2919 hujus
1167 2823 1452 2895 miseria
1482 2822 1691 2923 plura
1720 2821 1975 2895 dicam.
2014 2829 2284 2897 Vestrae
2314 2824 2461 2919 jam

403 3006 452 3053 6.
477 3001 697 3050 Lambin.
720 2998 1006 3049 miserrima.
1029 3003 1080 3050 J.
1099 3004 1165 3050 V.
1191 3002 1246 3049 1..

407 3100 455 3142 7.
490 3080 649 3129 Luet's.
671 3115 685 3128 .
705 3112 722 3129 .
743 3094 955 3127 usurum.
981 3080 1039 3127 Id
1061 3092 1160 3141 est,
1179 3081 1355 3129 vitam.

405 3163 454 3208 8.
475 3158 702 3207 Libenter
709 3158 989 3207 reddiderit.
1007 3160 1220 3208 Subaud.
1239 3177 1357 3209 usu-

338 3256 454 3287 ram.
502 3239 563 3287 Id
605 3248 710 3301 est,
747 3238 955 3287 libenter
987 3240 1236 3289 morietur.
1283 3266 1355 3276 —

261 3358 268 3366 .
336 3317 602 3368 Foedt'ssae'mi
620 3317 851 3368 en'nsinis.
879 3319 1256 3380 Coujuntionis.

409 3412 461 3459 9.
485 3394 738 3444 Inimicum
757 3408 814 3444 ut
833 3397 1070 3461 expellas.
1101 3397 1160 3446 Id
1177 3408 1249 3446 est
1263 3431 1276 3457 ,
1300 3408 1361 3447 ut

337 3476 391 3523 in
415 3474 637 3523 exsilium
657 3474 836 3536 ejicias.
859 3502 930 3513 -
951 3476 1006 3524 Si
1025 3491 1161 3525 esses.
1186 3476 1243 3524 Id
1261 3488 1359 3533 est,

335 3554 533 3620 quaudo
554 3555 750 3618 quidem
773 3571 914 3603 esses.
935 3582 1006 3593 —
1021 3558 1250 3603 Fructum
1273 3572 1361 3603 ca-

327 3649 472 3699 peres
497 3632 748 3698 majorem.
771 3634 936 3683 Multo
961 3634 1114 3699 iungis
1133 3632 1359 3682 fruereris

339 3711 546 3761 miseriis
565 3712 726 3771 hujus.

416 3806 492 3839 ιο.
527 3794 894 3853 Proeposeeram.
933 3790 994 3841 Id
1025 3800 1122 3849 est,
1155 3790 1356 3838 nimium

339 3872 439 3918 cito
459 3868 652 3916 factam.

416 3964 436 3995 1
453 3964 495 3997 ι.
531 3946 658 3995 Huic
673 3980 687 4007 ‚
724 3947 932 4011 spoliato
966 3946 1166 3996 honore.
1209 3948 1361 4009 Quod

1442 3002 1687 3050 videretur
1707 3002 1824 3051 huic
1838 3036 1853 3061 ,
1874 3002 1961 3067 qui
1979 3003 2217 3069 spoliatus
2241 3014 2345 3051 erat
2370 3004 2464 3051 bo-

1444 3098 1565 3130 nore
1588 3082 1750 3130 deesse
1771 3082 1920 3141 fama,
1946 3083 2171 3131 fortunis.

1519 3178 1543 3209 r
1552 3176 1600 3209 2.
1614 3162 1800 3210 Ernest.
1821 3161 2020 3223 conjicit
2031 3162 2342 3211 scribendum
2362 3178 2461 3211 esse

1442 3239 1630 3289 relicuas
1650 3245 1793 3288 erae?
1819 3242 1867 3289 J.
1886 3242 1951 3289 V.
1979 3244 2036 3290 1..

1520 3320 1600 3367 13.
1640 3320 1786 3383 Urget
1824 3320 1996 3367 eadem
2011 3317 2247 3384 fhreuna.
2272 3320 2332 3370 ld
2361 3330 2460 3381 est,

1449 3398 1651 3446 fortuna
1689 3412 1799 3462 quae
1844 3400 1993 3464 coepit
2040 3400 2267 3466 persequi
2296 3400 2433 3448 illum
2446 3432 2461 3459 ,

1448 3475 1615 3526 eadem
1646 3487 1813 3542 urget,
1847 3481 2150 3544 persequitur
2182 3478 2363 3530 adhuc.
2398 3500 2465 3515 -·-

1444 3558 1636 3605 Novum
1654 3572 1921 3605 moerorem.
1948 3558 2009 3605 Id
2028 3569 2125 3618 est,
2149 3574 2325 3608 novam
2350 3575 2464 3607 cen-

1446 3651 1545 3683 um
1572 3635 1817 3684 moeroris.

1513 3714 1762 3761 xxxm.
1798 3728 1843 3761 1.
1880 3712 2152 3777 Impedior.
2174 3749 2184 3762 .
2209 3750 2220 3762 .
2244 3751 2258 3763 .
2296 3714 2466 3762 dolore

1444 3790 1616 3839 αηίιηὶ.
1652 3791 1982 3853 Quintilianus
2029 3794 2191 3842 doeet‘
2228 3804 2465 3842 oratorem

1445 3888 1559 3919 vere
1596 3870 1823 3919 affectum
1874 3888 1976 3920 esse
2022 3872 2199 3923 debere
2218 3910 2235 3937 ,
2280 3873 2321 3922 si
2364 3871 2469 3920 eliis

1448 3949 1650 3998 affectus
1670 3964 1863 3999 movere
1886 3950 2020 3999 velit.
