2594 4537
348 278 483 353 352
994 259 1089 348 Μ.
1140 282 1219 349 Τ.
1272 280 1830 380 clcssaoms

344 418 496 490 sto,
548 400 897 499 promitto
924 447 945 486 ‚
996 400 1350 499 spondeo.
1397 401 1600 472 Nihil
1657 400 1822 473 dico
1870 399 2180 498 amplius
2217 427 2236 469 τ
2295 398 2482 479 hoc.

344 508 545 609 quod
584 513 753 581 satis
785 522 900 579 est
943 508 1115 581 huic
1154 512 1504 612 tempori,
1539 510 1738 598 dico,
1775 508 2294 607 rempublicam
2345 534 2480 579 an·

346 646 559 694 nonae
604 619 901 690 nomine
941 622 1021 689 in
1064 620 1139 691 id
1172 621 1592 711 discrimen,
1651 644 1805 719 quo
1845 618 2278 707 vocabatur,
2323 644 2480 689 non

347 754 501 803 esse
540 743 937 800 venturam.

444 841 633 910 VIII.
664 842 858 911 Num
882 840 1104 935 igitur
1128 842 1205 911 in
1230 841 1374 913 hoc
1402 838 1677 927 offici0‚
1711 838 1910 936 quod
1947 836 2085 911 fuit
2115 840 2476 939 praecipue

346 966 591 1020 meum
612 1002 633 1037 ,
668 951 1023 1021 sententia
1046 975 1209 1023 mea
1238 948 1847 1048 reprehenditur?
1881 954 2058 1021 Rem
2095 951 2471 1019 maximam

348 1060 581 1157 eripui
610 1082 653 1129 e
676 1074 877 1156 peste
900 1068 923 1103 ¹
968 1064 1229 1131 summi
1271 1060 1617 1158 periculi,
1660 1083 1812 1131 non
1847 1059 2084 1131 solum
2115 1082 2274 1129 eam
2295 1110 2316 1145 ,
2349 1058 2472 1129 sed

349 1170 564 1240 etiam
593 1192 723 1239 vos
748 1193 791 1240 a
822 1169 1047 1259 caede,
1080 1169 1432 1243 incendiis
1453 1225 1473 1260 ‚
1513 1172 1885 1241 vastitate²
1919 1196 1938 1241 z
1979 1193 2200 1241 nemo
2229 1183 2472 1266 negat;

346 1304 579 1377 quum
620 1278 717 1349 'ad
761 1304 1048 1351 causam
1092 1281 1403 1351 caritatis
1455 1278 1827 1353 accederet
1883 1282 2018 1351 iste
2069 1278 2474 1377 speculator

347 1392 844 1460 communium
890 1393 1370 1477 miseriarum,
1429 1391 1560 1487 qui
1605 1414 1890 1489 semper
1937 1390 2016 1459 iu
2066 1386 2474 1485 reipublicae

349 1501 555 1571 malis
584 1499 871 1571 sceleris
899 1502 1011 1571 sui
1046 1498 1235 1573 faces
1278 1496 1802 1572 inflamari&

444 1610 677 1705 Negat
712 1612 1121 1706 oportuisse
1160 1609 1560 1707 quidquam
1592 1612 1722 1682 uni
1753 1624 1954 1681 extra
1985 1608 2322 1681 ordinem
2359 1608 2472 1679 de·

348 1720 569 1789 cerni.
606 1722 767 1787 Non
807 1721 955 1814 jam
1000 1717 1135 1789 tibi
1176 1720 1278 1790 sic
1319 1718 1822 1815 respondebo,
1867 1732 1950 1789 ut
1991 1720 2250 1789 ceteris
2289 1747 2307 1788 ε
2347 1722 2470 1788 Cn.

347 1828 692 1926 Pompeio
725 1827 1066 1926 plurima,
1102 1828 1736 1926 periculosissima,
1767 1830 2108 1914 maxima,
2131 1840 2324 1899 terra
2341 1850 2474 1897 ma·

344 1939 553 2035 rique
590 1936 779 2009 bella
798 1952 997 2010 extra
1036 1938 1369 2009 ordinem
1405 1963 1561 2010 esse
1586 1942 1996 2026 commissa3
2029 1962 2346 2035 quarum
2367 1960 2474 2007 re·

346 2072 513 2119 rum
553 2051 611 2120 si
650 2072 870 2145 quem
913 2050 1302 2147 poeniteat,
1337 2073 1507 2120 eum
1545 2050 1859 2120 victoriae
1900 2048 2154 2147 populi
2203 2046 2472 2118 romani

348 2160 703 2255 poenitere
738 2184 754 2227 ε
790 2182 945 2229 non
983 2163 1081 2229 ita
1117 2173 1356 2231 tecum
1397 2182 1556 2255 ago,
1595 2162 1778 2230 Cum
1815 2158 1926 2230 his
1953 2158 2104 2231 haec
2133 2183 2176 2230 a
2210 2182 2332 2229 me
2360 2157 2476 2229 ha·

346 2266 511 2340 beri
544 2270 782 2342 oratio
826 2284 1102 2366 potest,
1148 2272 1273 2367 qui
1316 2271 1416 2342 ita
1458 2270 1871 2367 disputant,
1921 2295 2029 2357 se,
2066 2270 2125 2340 si
2182 2293 2334 2366 qua
2373 2291 2476 2338 res

352 2378 445 2451 ad
482 2403 715 2452 unum
756 2376 1148 2451 deferenda
1184 2381 1314 2468 sit,
1357 2379 1449 2450 ad
1489 2382 1618 2449 Cn.
1655 2381 2080 2476 Pompeium
2119 2378 2478 2450 delaturos

346 2489 801 2586 potissimum
820 2515 840 2575 ;
866 2487 992 2558 sed
1008 2513 1087 2559 se
1102 2503 1306 2560 extra
1321 2487 1654 2561 ordinem
1674 2488 1854 2560 nihil
1873 2492 2216 2587 cuiquam
2227 2489 2260 2546 ⁴
2280 2489 2444 2560 dare
2459 2516 2476 2574 ;

354 2621 582 2693 quum
620 2599 970 2696 Pompeio
998 2597 1247 2668 datum
1275 2600 1408 2688 sit,
1441 2599 1516 2670 id
1543 2623 1656 2688 se,
1699 2623 1831 2697 pro
1863 2597 2214 2696 dignitate
2249 2600 2478 2671 homi-

350 2707 464 2776 nis
482 2759 502 2792 ,
542 2729 804 2778 ornare
840 2731 925 2778 ac
955 2709 1143 2778 tueri
1173 2708 1427 2781 solere.
1465 2714 1742 2780 Horum
1768 2733 1906 2806 ego
1931 2711 2366 2782 sententiam
2395 2733 2482 2780 ne

350 2814 635 2887 laudem
658 2868 677 2904 ,
708 2815 1070 2914 impedior
1091 2821 1223 2888 Cn.
1254 2819 1574 2917 Pompeii
1593 2817 2011 2917 triumphis;
2045 2819 2316 2915 quibus
2334 2819 2482 2904 ille,

352 2949 582 3023 quum
626 2941 811 2998 esset
851 2941 1051 2997 extra
1097 2927 1429 2999 ordinem
1472 2927 1561 2999 ad
1607 2929 1910 3025 patriam
1960 2925 2483 3000 defendendam

347 3052 676 3126 vocatuS,
734 3039 931 3108 auxit
962 3062 1236 3109 nomen
1273 3038 1528 3138 populi
1564 3039 1898 3126 romani,
1957 3041 2482 3136 imperiumque

247 3184 256 3190 -
350 3145 811 3220 honestavit:
852 3146 1380 3219 constantiam⁵
1428 3147 1708 3248 prob0,
1760 3171 1905 3247 qua
1957 3148 2140 3220 mihi
2193 3173 2478 3248 quoque

348 3349 511 3398 mium
528 3359 685 3406 recte,
705 3346 917 3415 «populi
944 3349 1200 3409 romani»,
1235 3350 1375 3415 quod
1535 3351 1584 3399 3.
1631 3348 1733 3400 Alii
1783 3351 1984 3400 mallent
2029 3351 2386 3420 inflammavit,
2437 3362 2478 3400 et

348 3427 401 3475 in
420 3424 743 3476 Lambinianis
762 3430 977 3493 primum
1000 3429 1139 3494 vidi,
1174 3440 1223 3478 et
1246 3433 1374 3479 Gru·
1464 3429 1622 3479 wolf.
1654 3430 1721 3478 iu
1747 3441 1912 3480 censet
1936 3431 2254 3492 mutandum,
2295 3437 2338 3483 si
2371 3433 2478 3498 quid

354 3519 509 3569 term,
542 3507 669 3556 MSS
693 3508 793 3555 suis
810 3543 825 3566 ‚
844 3519 901 3557 ut
923 3519 1047 3574 puto
1066 3544 1081 3569 ‚
1110 3525 1213 3558 non
1234 3509 1377 3556 adhi·
1462 3509 1750 3558 mutandum
1775 3521 1864 3561 est.
1891 3514 1940 3561 J.
1957 3515 2022 3560 V.
2049 3515 2105 3561 1..

353 3583 497 3646 bitin,
524 3585 791 3651 adoptavit,
810 3599 862 3635 et
876 3579 1153 3652 'Verbnrgio
1174 3587 1398 3636 tradidit·
1541 3597 1591 3645 4.
1643 3591 1816 3648 Extra
1846 3591 2066 3640 ordinem
2094 3592 2224 3642 m'lu'l
2267 3593 2476 3658 adquam

348 3663 617 3730 pedisequo
636 3681 747 3716 suo.
1471 3667 1611 3716 date.
1628 3659 1819 3731 Quibus
1843 3669 2006 3719 verbis
2029 3673 2316 3737 opinionem
2337 3669 2474 3732 hanc,

424 3743 565 3795 vm.
598 3761 640 3793 ι.
666 3738 833 3793 lamb.
860 3743 1002 3793 Grut.
1030 3761 1066 3793 a
1086 3753 1237 3811 peste.
1469 3763 1580 3810 qua
1611 3763 1703 3812 per
1730 3763 1781 3796 ιο
1811 3749 1926 3797 satin
1953 3751 2237 3816 reipublice
2267 3752 2472 3803 favebat.

434 3838 481 3870 a.
507 3823 761 3874 Vastis-aee.
780 3825 946 3887 Quum
972 3841 1033 3873 ex
1059 3825 1151 3873 hac
1169 3839 1382 3875 annonae
1469 3825 1641 3876 Cicero
1665 3826 2024 3892 impugnaverit
2039 3862 2058 3891 ,
2089 3831 2202 3880 vide
2245 3832 2300 3881 in
2332 3829 2473 3880 nani-

364 3899 561 3948 caritate
594 3903 899 3951 occasionem
943 3905 1183 3968 arreptori
1222 3915 1381 3954 essent
1470 3903 1597 3953 liant
1625 3908 1820 3970 passim.

356 3973 575 4026 seditiosi
600 3979 851 4031 turbanda
882 3981 1177 4046 reipublicae.
1543 3985 1572 4030 5
1579 4019 1591 4033 .
1615 3985 1963 4038 constanciam.
1985 3988 2134 4052 Quod
2157 4005 2346 4056 semper
2361 4003 2474 4040 wn-
