2594 4537
539 276 927 346 ORATIO
979 277 1187 346 PRO
1238 277 1391 346 CN.
1447 279 1926 350 PLANCIO.
2168 281 2305 380 573

160 393 466 466 autem3
511 395 690 493 quid
725 411 985 494 potero
1023 389 1307 470 dicere?
1350 398 1482 467 Hic
1528 399 1744 470 etiam
1780 399 2150 491 addidisti,
2194 431 2311 476 me

163 503 445 576 idcirco
485 529 643 576 mea
678 504 836 603 lege
857 509 888 556 4
925 507 1174 578 exsilio
1195 505 1546 580 ambitum
1576 511 1889 582 sanxisse
1910 508 1964 599 ⁵,
1997 527 2077 583 ut
2106 513 2313 586 mise-

167 612 556 686 rabiliores
593 615 918 713 epilogos
957 641 1245 715 possem
1287 616 1527 690 dicere
1546 615 1597 688 ⁶.
1634 622 1799 692 Non
1833 612 2036 693 vobis
2064 609 2314 696 videor

171 749 348 795 cum
389 726 634 822 aliquo
667 724 1181 816 declamatore,
1227 753 1381 798 non
1420 752 1586 800 cum
1621 727 1887 802 laboris
1926 745 1996 802 et
2028 731 2166 804 fori
2202 734 2312 805 di-

170 834 504 934 scipulo⁷
559 835 975 934 disputare?
1018 837 1254 909 Rhodi
1308 840 1541 926 enim,
1586 838 1829 935 inquit
1856 837 1923 928 ⁸,
1976 865 2125 912 non
2162 841 2313 914 fui:

169 969 301 1014 me
353 945 512 1016 vult
553 943 808 1020 fuisse:
853 945 980 1017 sed
1016 945 1156 1035 fui,
1201 949 1476 1044 inquit,
1519 949 1773 1018 Nicaeae
1810 937 2191 1046 (putabam
2242 955 2319 1023 in

171 1058 244 1124 V
244 1059 492 1125 accaeis
515 1053 880 1125 dicturum
903 1057 988 1148 9)
1015 1055 1128 1128 bis
1159 1059 1236 1127 in
1274 1056 1705 1154 Bithynia10.
1756 1060 1827 1128 Si
1861 1059 2062 1131 locus
2098 1061 2321 1134 habet

173 1164 766 1262 reprehensionis
809 1190 1052 1238 ansam
1097 1168 1413 1265 aliquam
1438 1179 1525 1256 ¹¹,
1564 1169 1805 1238 nescio
1849 1193 1978 1240 cur
2014 1175 2321 1245 severio-

173 1299 334 1346 rem
359 1276 665 1346 Nicaeam
696 1291 906 1373 putes
923 1331 942 1365 ‚
969 1302 1188 1374 quam
1211 1277 1575 1349 Rhodum.
1600 1279 1673 1349 Si
1699 1279 2087 1375 spectanda
2111 1305 2325 1354 causa

177 1401 330 1474 est;
373 1400 447 1457 et
499 1401 582 1457 tu
627 1388 702 1457 in
753 1388 1090 1484 Bithynia
1134 1413 1415 1461 summa
1462 1412 1630 1460 cum
1687 1387 2033 1494 dignitate
2083 1388 2323 1481 fuisti,

179 1510 258 1567 et
299 1519 434 1591 ego
485 1494 726 1567 Rhodi
773 1521 924 1567 non
978 1503 1256 1569 minore
1288 1511 1369 1568 ¹².
1416 1501 1635 1584 Nam,
1693 1496 1897 1594 quod
1940 1499 2015 1569 in
2066 1523 2155 1570 eo
2206 1527 2325 1574 me

178 1669 316 1708 satos
331 1694 345 1719 ‚
372 1675 522 1722 quum
545 1658 842 1719 defenderet,
870 1660 996 1708 facta
1021 1662 1212 1710 thensa-

179 1757 294 1789 rnm
321 1741 583 1798 mentione,
603 1739 984 1789 misericordiam
1003 1743 1176 1792 movit.

257 1821 308 1869 3.
335 1821 450 1868 Sino
488 1819 669 1868 eliensis
700 1832 882 1868 autem.
918 1823 1058 1871 Unus
1087 1823 1212 1872 Brit.

181 1923 204 1946 ι
225 1899 315 1948 sed
349 1898 452 1946 sine
483 1898 670 1947 thensis
683 1921 724 1946 a.
771 1900 926 1948 Jocus
945 1911 1106 1949 autem
1125 1905 1212 1950 La-

183 1979 390 2029 terensis
425 1977 486 2026 de
522 1978 703 2026 thensis
753 1979 920 2027 locum
963 1981 1174 2029 habehat
1189 2016 1206 2043 ,

181 2057 328 2104 verbi
343 2073 484 2105 eausa
503 2059 648 2106 etiam
672 2060 724 2105 in
743 2059 850 2108 istis
875 2060 927 2108 in
947 2061 1088 2108 Verr.
1111 2072 1208 2112 act.

181 2138 248 2194 V,
274 2152 335 2198 7²
365 2151 378 2184 :
414 2157 439 2178 α
454 2152 720 2201 omnesque
744 2139 813 2186 dii
830 2175 846 2201 ,
868 2140 958 2203 qui
979 2140 1214 2189 vehiculis

181 2217 467 2264 thematum
508 2216 752 2265 solemnes
786 2228 942 2266 eoetns
981 2219 1212 2270 ludorum

183 2296 326 2345 initis
341 2318 384 2343 a.

262 2385 313 2433 4.
348 2376 468 2424 Mea
505 2374 630 2443 Iege.
675 2378 837 2425 scilic.
865 2392 1010 2440 qnam
1039 2378 1211 2427 consul

189 2456 328 2513 tulit,
361 2466 502 2503 aucta
523 2472 697 2519 poena,
726 2466 774 2503 et
799 2456 1016 2521 irrogato
1045 2456 1212 2505 ordini

187 2534 436 2583 senatorio
463 2534 629 2583 decem
651 2550 892 2583 annorum
915 2536 1106 2584 exsilio.

267 2615 314 2662 5.
331 2612 526 2662 Exsilio
553 2612 784 2662 ambitum
805 2614 1046 2663 sanxisse.
1068 2616 1214 2663 Hune

187 2695 355 2742 loonm
375 2704 513 2741 antea
542 2705 828 2757 corruptum
845 2693 918 2741 sie
941 2694 1217 2743 emendavit

189 2771 512 2831 Garatonius3
534 2788 678 2836 quam
705 2772 1090 2821 emendationem
1115 2774 1218 2838 pla-

191 2867 257 2899 ne
285 2848 538 2899 confirmat
575 2850 733 2899 codex
773 2852 990 2916 optimus
1013 2852 1220 2901 Ambro-

191 2931 374 2979 sianus.

271 3007 320 3057 6.
372 3008 566 3057 Dicere.
609 3008 710 3057 Alii
725 3044 740 3068 ,
772 3008 959 3058 elicere.
993 3037 1062 3046 —
1102 3010 1219 3058 Non

185 3086 355 3145 suabis.
381 3088 522 3135 Junt.
551 3103 706 3135 «num
729 3086 873 3136 vobis
895 3110 939 3137 n.

275 3182 322 3225 7.
367 3165 485 3213 Cum
525 3165 715 3229 aliquo.
737 3201 750 3213 .
772 3201 784 3212 .
816 3165 933 3229 jori
962 3167 1214 3232 discipulo.

193 3246 344 3293 Hune
366 3242 529 3291 locum
555 3246 777 3293 Graevius
798 3258 944 3309 putat
969 3246 1216 3305 vitiosum,

196 3334 250 3373 et
285 3322 389 3370 sine
437 3322 717 3371 melioribus
756 3323 893 3373 libris
932 3340 1036 3373 non
1074 3342 1218 3391 posse

197 3400 358 3451 sanari
377 3402 687 3462 conjecturis.

274 3482 323 3528 8.
356 3479 520 3527 Rhodi
558 3480 688 3529 enim
709 3514 724 3539 ,
763 3480 950 3545 inquit,
999 3498 1096 3530 non
1117 3480 1222 3545 sm'.

197 3558 430 3609 Ambros.
459 3576 571 3607 cum
602 3562 772 3610 Bavar.
804 3576 926 3625 wgo
952 3576 1053 3609 non
1087 3562 1158 3610 fui
1177 3584 1222 3608 a.

200 3637 398 3694 Cicero,
430 3638 562 3685 Sulla
591 3656 744 3704 remp.
775 3640 1028 3689 obtinente
1047 3677 1062 3702 ,
1086 3640 1224 3687 venit

197 3719 254 3766 in
291 3718 533 3765 Graeciam
553 3753 568 3777 ,
604 3730 652 3767 et
684 3720 889 3769 Athenis
923 3719 1223 3782 aliquamdiu

200 3808 562 3858 commoratus,
599 3798 715 3848 inde
746 3801 800 3847 in
822 3800 988 3850 Asiam
1012 3810 1058 3846 et
1085 3798 1226 3849 Rho-

203 3876 323 3923 dum
351 3877 625 3943 navigavit,
647 3890 705 3926 nt
741 3879 1026 3927 clarissimos
1059 3888 1226 3927 orato·

203 3970 284 4001 res
297 3986 312 4011 ,
333 3955 490 4017 quiin
516 3955 577 4003 iis
597 3956 721 4005 loeis
739 3969 898 4016 erant,
921 3958 1225 4006 conveniret.

205 4030 400 4081 Rhodii
439 4044 658 4083 oratores
687 4034 918 4086 dicuntur
952 4037 1006 4085 in
1043 4038 1196 4085 Bruto
1209 4070 1224 4095 ,

1304 1677 1412 1726 cap.
1444 1663 1503 1710 13
1520 1695 1535 1720 ,
1559 1683 1581 1705 ι
1594 1663 1807 1710 saniores
1825 1673 1875 1711 et
1896 1661 2170 1720 Atticorum
2188 1665 2326 1714 simi-

1300 1740 1495 1789 liores».
1518 1741 1620 1790 Cic.
1638 1739 1707 1788 ib.
1730 1755 1817 1803 91,
1840 1743 1935 1800 ait,
1974 1764 1999 1784 κ
2016 1758 2067 1790 se
2092 1742 2153 1790 ab
2171 1743 2329 1808 Apol-

1300 1816 1439 1868 lonio
1469 1820 1674 1868 Molone
1705 1820 1875 1868 Rhodi
1902 1833 2200 1880 correctum,
2228 1840 2328 1872 me-

1300 1899 1570 1963 lioremque
1602 1916 1658 1947 ac
1695 1899 1914 1948 sobrium
1942 1917 2045 1949 esse
2069 1902 2249 1950 factum
2270 1925 2325 1962 n,

1296 1977 1647 2041 hominemque
1670 1976 1862 2040 laudat,
1892 1999 1914 2022 ι
1930 1995 2083 2043 quum
2113 1993 2325 2030 actorem

1300 2057 1355 2104 in
1381 2056 1506 2103 veris
1545 2057 1701 2105 causis
1719 2089 1735 2116 ,
1781 2057 2163 2123 scriptoremque
2197 2075 2327 2124 με·

1302 2145 1531 2194 stantem,
1557 2146 1659 2183 tum
1676 2136 1729 2182 in
1746 2135 2002 2197 notandis,
2024 2137 2325 2186 animadver-

1304 2215 1560 2279 tendisque
1592 2213 1748 2277 vitiis,
1790 2225 1839 2262 et
1873 2214 2207 2280 instituendo,
2238 2218 2329 2266 do-

1303 2294 1557 2359 oendoqne
1584 2296 2017 2359 prudentissimum
2026 2318 2068 2345 a.

1374 2390 1423 2437 9.
1443 2374 1643 2427 Nae'eoeae,
1668 2373 1908 2436 putabam
1932 2374 1985 2423 in
2008 2374 2225 2423 Vaoeoeis
2247 2377 2329 2425 di-

1300 2464 1509 2502 cturum.
1553 2453 1763 2513 Jamjam
1801 2469 1947 2517 supra
1966 2488 1981 2513 ,
2024 2456 2326 2505 Laterensem

1302 2532 1521 2580 illuserat
1562 2540 1805 2595 tamqnam
1846 2530 2241 2581 declamatorium
2278 2548 2331 2583 et

1303 2610 1597 2675 eloquentiae
1642 2610 1843 2672 rudem3
1887 2610 1969 2658 hie
2008 2611 2149 2659 illum
2186 2624 2325 2663 aceto

1304 2689 1586 2755 perfundit:
1619 2688 1863 2739 Cordubae
1890 2692 2019 2739 enim
2042 2691 2145 2740 nati
2170 2704 2329 2758 poetae

1309 2769 1488 2833 pingue
1514 2769 1743 2833 quiddam
1770 2781 2000 2818 sonantes
2024 2781 2169 2834 atque
2194 2789 2331 2837 pere-

1309 2850 1530 2912 grinum,
1564 2848 1713 2897 Areh.
1739 2862 1799 2897 ιο
1816 2882 1832 2908 ,
1863 2870 1889 2891 ιι
1913 2860 2009 2895 tam
2036 2850 2158 2898 male
2186 2868 2329 2915 qnam

1309 2929 1497 2974 Vaccaei
1520 2937 1737 2974 oratores
1760 2926 2084 2975 audiebant».

1385 3021 1465 3053 10.
1491 3005 1572 3051 Bis
1600 3002 1651 3051 in
1680 3004 1922 3064 Bithynia.
1954 3008 2071 3054 Non
2102 3006 2331 3071 eloquen-

1316 3084 1418 3143 tiae,
1442 3082 1527 3131 sed
1560 3086 1631 3131 rei
1657 3084 1852 3132 militari
1882 3100 2078 3148 operam
2111 3085 2331 3141 daturus.

1315 3165 1562 3225 Quantum
1612 3180 1699 3227 per
1741 3164 1919 3210 multos
1960 3180 2113 3212 annos
2152 3165 2335 3216 bellum

1316 3243 1460 3289 fuerit
1500 3258 1610 3289 eum
1648 3257 1758 3305 rege
1794 3241 2082 3291 Mithridate
2111 3260 2138 3291 a
2178 3247 2338 3307 Sulla,

1316 3322 1521 3370 Murena
1533 3355 1547 3379 ,
1576 3320 1784 3369 Lucullo
1812 3332 1999 3383 gestum
2017 3354 2033 3383 ,
2052 3338 2079 3369 a
2099 3325 2334 3390 Pompeio

1320 3398 1595 3447 consectum
1609 3435 1623 3457 ‚
1646 3414 1812 3446 omnes
1832 3399 2049 3448 historiae
2074 3411 2337 3464 testantur3
2410 3416 2415 3421 ’

1310 3480 1392 3528 cui
1408 3478 1539 3527 bello
1566 3480 1871 3527 Laterensem
1890 3478 2127 3538 adsuisse,
2147 3496 2336 3533 constat
2396 3472 2403 3479 ’

1310 3576 1372 3607 ox
1415 3559 1732 3623 sequentibus
1761 3574 1774 3606 ε
1820 3580 1845 3600 α
1870 3570 1919 3606 et
1948 3570 2000 3606 tu
2026 3561 2079 3606 in
2106 3562 2335 3626 Bithynia

1310 3654 1495 3687 summa
1522 3656 1633 3687 cum
1661 3638 1893 3702 dignitate
1922 3638 2055 3686 fuisti
2068 3662 2111 3687 a».

1390 3732 1411 3765 ι
1427 3734 1445 3765 1
1456 3752 1468 3763 .
1479 3716 1882 3780 Reprehensiom's
1899 3734 2075 3767 ansam
2095 3718 2337 3783 aliquam.

1312 3797 1413 3845 Alii
1446 3797 1630 3846 habent
1666 3784 1696 3839 ἀ
1714 3797 2102 3861 reprehensionis
2146 3816 2335 3851 eausam

1312 3878 1523 3941 aliquam
1542 3898 1584 3923 n.
1611 3904 1683 3915 —
1701 3876 2007 3925 Severior-em.
2040 3876 2099 3923 ld
2122 3890 2219 3938 est,
2238 3897 2338 3930 mn.

1310 3956 1407 4017 jori
1432 3956 1751 4004 estimatione
1778 3954 1994 4021 dignam.

1393 4050 1472 4084 η.
1500 4034 1662 4084 Rhodi
1696 4050 1799 4084 non
1833 4033 2034 4086 minore.
2061 4036 2250 4102 Nempe
2272 4038 2337 4087 ad
