2594 4537
857 245 1615 351 Pnffirnlonsss
1910 204 1943 339 ζ
2150 252 2279 335 24.

139 366 348 457 quod
365 410 386 448 ‚
418 384 624 455 quum
659 366 888 431 consul
915 382 1082 431 esset
1107 388 1258 431 cum
1285 366 1363 429 Τ.
1402 367 1631 455 Longo
1650 412 1671 447 ‚
1701 388 1924 453 passus
1954 385 2123 435 esset
2148 388 2289 436 tum

141 476 452 563 primum
492 496 531 536 a
573 470 876 562 populari
919 493 1232 536 consessu
1273 470 1593 535 senatoria
1622 468 1921 536 subsellia
1952 477 2227 563 separari
2246 508 2293 543 ι.

145 579 252 645 Ad
291 581 484 645 hunc
522 578 852 645 Ciceronis
886 578 1108 643 locum
1149 578 1507 659 Asconius,
1544 593 1892 667 postquam
1932 601 2011 644 ex
2040 580 2293 649 Valerio

145 688 456 770 Antiate,
487 684 714 751 vetere
731 685 1045 751 historico
1066 730 1086 767 ,
1119 684 1372 750 notavit
1399 706 1681 766 annum,
1720 706 1856 771 quo
1892 684 1999 749 illa
2036 706 2295 755 senatus

145 792 622 857 subselliorum
673 774 948 855 secretio
989 792 1156 856 facta
1189 806 1391 873 esset,
1426 790 1595 855 hanc
1629 790 1889 871 subjicit
1924 795 2297 879 annotatioff

147 920 310 961 nem
345 922 361 963 :
401 894 722 961 «Videtur
763 897 832 960 in
878 898 1002 961 hac
1047 896 1375 979 oratione,
1423 895 1605 960 bunc
1654 895 1919 984 quidem
1964 912 2297 967 'auctorem

149 1004 542 1090 (Valerium
585 1002 960 1090 Antiatem)
1013 1018 1331 1092 sequutus
1386 1002 1617 1067 Cicero
1643 1051 1662 1088 ,
1714 1001 1947 1068 dixisse
1962 1052 1983 1087 ,
2030 1028 2295 1095 passum

145 1132 298 1174 esse
333 1110 708 1200 Scipionem
725 1104 992 1173 'secerni
1023 1132 1060 1173 a
1098 1126 1317 1173 cetero
1362 1130 1670 1173 consessu
1708 1112 2067 1196 spectacula
2108 1136 2297 1179 sena-

149 1230 422 1298 torum3
453 1215 522 1278 in
564 1236 638 1279 ea
666 1230 885 1279 autem
906 1264 926 1295 ,
959 1236 1158 1303 quam
1201 1230 1353 1303 post
1398 1214 1646 1302 aliquot
1692 1236 1898 1279 annos
1940 1215 2171 1283 habuit
2213 1218 2298 1287 de

147 1320 598 1411 Haruspicum
646 1342 961 1409 responso
984 1367 1004 1402 ,
1053 1342 1190 1383 non
1242 1341 1506 1409 passum
1559 1342 1697 1385 esse
1744 1319 2147 1425 §cipionenb
2182 1325 2299 1391 sed
2411 1348 2420 1357 ·

149 1427 380 1515 ipsum
431 1443 764 1491 auctorem
809 1426 1008 1491 fuisse
1045 1424 1240 1491 dandi
1275 1448 1429 1491 eum
1464 1426 1684 1493 locum
1719 1428 2125 1494 senatoribus
2147 1476 2166 1513 ,
2198 1431 2297 1495 vi·

149 1534 356 1601 detur
385 1535 762 1626 significare.
793 1535 1010 1601 Verba
1040 1537 1180 1617 ejus
1216 1536 1355 1603 haec
1398 1552 1596 1602 suntx
1630 1536 1799 1602 Nam
1841 1536 2003 1626 quid
2034 1562 2155 1630 ego
2208 1539 2293 1605 de

153 1641 282 1709 illis
323 1642 498 1709 ludis
537 1645 790 1732 loquar,
825 1666 992 1731 quos
1021 1643 1092 1707 in
1125 1642 1367 1708 Palatio
1400 1643 1605 1708 nostri
1638 1642 1907 1723 majores
1948 1662 2099 1711 ante
2134 1661 2301 1711 tem·

152 1748 342 1836 plum
391 1750 617 1815 Matris
663 1750 916 1839 Magnae
969 1748 1107 1815 fieri
1153 1750 1589 1838 celebrarique
1632 1750 2026 1816 voluerunt?
2060 1752 2299 1841 quibus

153 1848 447 1947 primum
477 1853 650 1919 ludis
681 1870 832 1921 ante
872 1854 1100 1943 populi
1126 1876 1508 1919 concessum
1556 1854 1725 1944 (leg.
1756 1857 2153 1945 consessum)
2200 1880 2301 1923 se·

155 1962 340 2025 natui
373 1961 591 2025 locum
624 1959 697 2025 P.
729 1959 1066 2023 Africanus
1117 1958 1358 2023 iterum
1378 1967 1537 2024 'cos0
1586 1975 1651 2023 et
1680 1960 1921 2050 collega
1954 1962 2090 2042 ejus
2120 1963 2298 2029 Sem·

153 2068 434 2155 pronius
485 2068 790 2156 Longus,
839 2067 968 2131 hoc
1017 2063 1339 2129 tributum
1390 2087 1529 2129 esse
1568 2067 1821 2129 senatui
1864 2067 2089 2133 scribit
2110 2116 2129 2149 ‚
2174 2069 2295 2153 ‘sed

157 2173 296 2238 sine
345 2174 678 2238 mentione
721 2172 1210 2261 Megalensium.
1259 2168 1505 2235 AEdiles
1554 2169 1729 2234 enim
1780 2192 1892 2235 eos
1946 2169 2138 2236 ludos
2196 2175 2295 2237 fs·

157 2301 302 2345 cere
331 2279 505 2360 soliti
545 2295 764 2344 erant:
795 2278 1026 2343 votivis
1049 2277 1222 2342 ludis
1249 2279 1493 2341 factum
1528 2275 1754 2359 tradit,
1788 2299 1954 2365 quos
1989 2277 2204 2366 Scipio
2228 2296 2296 2345 et

157 2388 424 2480 Longus
455 2411 620 2455 coss.
659 2391 954 2455 fecerunt
966 2418 1016 2454 τι.
1052 2389 1224 2455 Nolo
1256 2389 1413 2452 huic
1442 2387 1703 2454 Asconii
1734 2388 1882 2470 loco
1916 2387 2249 2454 immorari
2275 2413 2292 2454 ι

158 2497 447 2586 alioquin
493 2487 648 2561 eum
688 2518 918 2585 parum
968 2496 1317 2560 convenire
1374 2517 1526 2560 cum
1578 2494 1754 2561 edito
1810 2511 1993 2560 textu
2056 2513 2293 2562 nostrae

161 2619 322 2668 orat.
357 2625 412 2666 c.
468 2625 546 2667 12
567 2651 588 2686 ,
623 2617 688 2666 et
719 2601 1016 2690 pluribus
1067 2593 1240 2665 ’vitiis
1279 2617 1677 2690 corruptum
1726 2623 1867 2666 esse
1926 2626 2287 2670 monerem.

159 2704 432 2773 Videtur
463 2707 518 2771 is
548 2723 722 2772 certe
752 2706 1124 2771 mutilatus:
1151 2707 1393 2794 quippe
1420 2705 1601 2772 deest
1631 2708 1903 2772 verbum
1944 2708 2285 2792 dederunt,

161 2835 310 2879 mox
360 2813 602 2903 aliquid
653 2813 832 2878 aliud
873 2829 1025 2902 post
1058 2833 1301 2878 nomen
1356 2813 1773 2902 :Sempronii
1816 2815 2117 2905 Longi»;
2164 2837 2291 2882 nec

160 2918 612 3010 distinguenda
640 2935 795 2985 sunt
817 2967 834 3000 ‚
863 2903 1194 3008 tamquain
1240 2918 1573 2984 Ciceronis
1597 2966 1616 3000 ,
1672 2924 2009 3008 sequentia
2051 2923 2247 2988 verba
2266 2969 2289 3006 ‚

159 3053 182 3076 ι
203 3025 330 3090 hoc
381 3024 704 3089 tributum
763 3045 900 3088 esse
956 3024 1208 3088 senatui
1269 3023 1529 3106 scribit,
1588 3022 1702 3088 sed
1760 3023 1900 3088 sine
1954 3027 2289 3091 mentione

159 3129 658 3221 Megalensium,
677 3162 704 3188 ι
741 3151 950 3218 quum
978 3129 1116 3194 hoec
1137 3129 1483 3195 manifesto
1508 3129 1639 3193 sint
1672 3129 1967 3196 Asconiix
2002 3129 2289 3221 denique

158 3255 302 3304 ante
345 3257 573 3304 vocem
619 3242 852 3304 votivis
893 3235 1201 3302 excidisse
1245 3236 1507 3301 videtur
1550 3257 1793 3301 nomen
1843 3239 2121 3302 auctoris
2166 3263 2289 3305 cu·-

149 3341 437 3426 jusdam5
461 3345 718 3433 opinor,
749 3341 958 3409 Clodii
983 3342 1249 3420 Licinii,
1275 3341 1359 3406 de
1382 3364 1517 3430 quo
1542 3340 1691 3406 vide
1712 3341 1848 3407 Liv.
1885 3343 2132 3429 XXIX,
2172 3369 2283 3412 22.

155 3448 302 3516 Haec
338 3451 450 3539 qui
484 3450 842 3516 accuratius
883 3465 1186 3514 excutere
1225 3448 1743 3538 operm-pretium
1770 3450 2057 3538 putabit,
2094 3451 2282 3518 adeat

152 3573 452 3642 praeterea
478 3557 753 3638 Livium,
779 3557 1063 3622 XXXVI
1079 3604 1098 3638 ,
1131 3552 1212 3621 36
1231 3601 1250 3638 ,
1278 3571 1343 3620 et
1368 3551 1739 3636 XXXVIII,
1768 3555 1875 3637 43,
1908 3556 2014 3638 53,
2040 3580 2119 3620 ex
2142 3581 2278 3646 quo

152 3679 478 3747 postremo
514 3662 661 3728 loco
709 3651 980 3754 'apparet
1003 3710 1021 3744 ,
1072 3662 1266 3726 etism
1328 3684 1450 3750 pro
1500 3659 1571 3726 T.
1612 3659 1943 3726 Scribonio
1999 3661 2069 3724 in
2120 3655 2275 3730 ¹loco

149 3768 402 3832 Asconii
433 3767 817 3857 ponendum
853 3790 993 3834 esse
1027 3766 1102 3831 L.
1137 3766 1543 3832 Scribonium.
1580 3767 1771 3832 Conf.
1827 3765 2135 3836 eumdem
2170 3769 2277 3836 Li-

150 3874 322 3938 vium
344 3922 362 3955 ,
402 3873 682 3955 XXXV,
733 3898 831 3940 10.

231 3979 436 4069 Magis
487 3973 759 4070 dignum
817 3997 914 4046 est
950 3997 1213 4064 notatu,
1255 3983 1323 4044 in
1372 3981 1509 4070 ipsa
1558 4003 1659 4063 re,
1707 3980 1793 4046 ob
1840 4002 2037 4068 quam
2079 3979 2275 4062 hujus

336 4088 437 4156 IV
446 4141 460 4156 .
519 4104 613 4154 cic.
631 4121 750 4172 pars
775 4105 1000 4157 secunda.
1952 4085 2036 4155 16
