2594 4537
618 349 1006 423 ORATIO
1055 350 1258 419 PRO
1304 350 1382 419 P.
1428 348 1769 418 SULLA.
2173 346 2265 421 53

131 470 328 567 ipsos
361 468 698 542 homines
719 525 738 560 ‚
777 471 906 568 qui
943 469 1114 541 huic
1147 468 1401 542 affines
1441 468 1735 541 sceleri²
1772 465 2091 540 fuerunt.
2140 474 2269 541 Ca-

133 580 338 651 tilina
395 596 650 653 contra
705 581 1228 680 rempublicam
1286 583 1716 677 conjuravit.
1780 582 2001 679 Cujus
2061 606 2269 655 aures

133 714 490 788 umquam
537 692 680 764 hoc
739 706 1174 791 respuerunt
1244 706 1585 764 conatum
1632 716 1787 765 esse
1808 690 1837 737 ³
1898 693 2267 765 hominem

134 824 371 896 usque
409 827 450 871 a
489 802 796 899 pueritia
822 827 974 874 non
1009 803 1244 875 solum
1283 806 1834 901 intemperantia
1864 819 1937 877 et
1966 804 2233 876 scelere
2256 858 2277 893 ‚

133 909 260 981 sed
313 912 532 983 etiam
581 912 1108 985 consuetudine
1151 926 1225 983 et
1262 912 1551 985 studio⁴
1592 918 1667 984 in
1716 914 1916 985 omni
1951 912 2271 1011 flagitio,

135 1035 432 1119 stupro,
475 1020 664 1094 caede
691 1038 1048 1095 versatum
1080 1021 1166 1093 ⁵?
1207 1024 1389 1113 Quis
1438 1048 1609 1095 eum
1660 1039 1913 1096 contra
1965 1027 2274 1121 patriam

135 1145 588 1227 pugnantem
627 1134 920 1231 periisse
951 1132 1286 1222 miratur,
1335 1157 1553 1230 quem
1592 1158 1877 1232 semper
1906 1158 2157 1205 omnes
2184 1132 2275 1205 ad

137 1242 336 1315 civile
401 1242 858 1315 latrocinium
911 1258 1164 1315 natum
1205 1244 1698 1341 putaverunt?
1750 1245 1929 1335 Quis
1989 1243 2279 1315 Lentuli

107 1355 518 1425 societates
567 1377 734 1425 cum
788 1350 1196 1425 indicibus⁶
1218 1406 1238 1441 ‚
1268 1354 1433 1451 quis
1468 1356 1816 1427 insaniam
1867 1352 2281 1443 libidinum,

137 1464 298 1555 quis
329 1486 741 1560 perversam
762 1478 980 1561 atque
1013 1463 1307 1560 impiam
1333 1464 1754 1563 religionem
1778 1475 1803 1520 ⁷
1837 1456 2283 1551 recordatur,

138 1572 262 1667 qui
307 1572 522 1643 illum
571 1588 698 1645 aut
737 1572 1014 1645 nefarie
1055 1575 1458 1670 cogitasse,
1498 1591 1621 1647 aut
1686 1574 1905 1647 stulte
1960 1598 2281 1673 sperasse

139 1684 490 1755 miretur?
535 1686 714 1775 Quis
771 1684 864 1757 de
901 1690 980 1757 C.
1033 1684 1387 1783 Cetheg0‚
1424 1702 1641 1784 atque
1699 1687 1859 1782 ejus
1909 1688 1985 1758 in
2024 1688 2279 1784 Hispa·

140 1791 332 1863 niam
376 1792 878 1891 profectione⁸
899 1853 920 1885 ‚
947 1819 1030 1867 ac
1060 1793 1151 1867 de
1183 1797 1483 1869 vulnere
1516 1799 1607 1887 Q.
1646 1796 1921 1869 Metelli
1950 1798 2056 1867 Pii
2087 1798 2278 1893 cogi-

141 1912 270 1989 tat,
317 1908 442 1975 cui
491 1928 646 1977 non
705 1904 798 1977 ad
850 1904 1040 1977 illius
1083 1929 1375 2003 poenam
1416 1932 1661 1979 carcer
1699 1906 2083 1979 aedificatus
2126 1930 2280 1979 esse

139 2010 518 2085 videatur?
551 2017 830 2087 Omitto
856 2030 1170 2097 ceteroS‚
1215 2040 1312 2089 ne
1349 2019 1439 2088 sit
1468 2014 1859 2089 infinitum.
1892 2020 2204 2087 Tantum
2238 2038 2283 2085 a

142 2121 346 2197 vobis
389 2138 600 2223 pete,
640 2142 726 2198 ut
761 2128 956 2200 taciti
997 2128 1089 2203 de
1152 2126 1495 2201 omnibus
1524 2181 1543 2214 ‚
1604 2150 1795 2224 quos
1864 2125 2279 2220 conjurasse

143 2235 519 2332 cognitum
565 2250 674 2308 est
694 2288 715 2325 ‚
751 2242 1098 2338 cogitetis.
1155 2238 1575 2336 Intelligetis
1605 2292 1624 2325 ‚
1678 2256 2279 2332 unumquemque

141 2343 438 2416 illorum
488 2349 691 2444 prius
743 2373 785 2419 a
831 2376 961 2424 sua
1011 2355 1202 2424 vita9
1227 2407 1249 2440 ‚
1285 2374 1507 2448 quam
1568 2362 1811 2419 nostra
1868 2348 2277 2444 suspicione

145 2479 294 2528 esse
349 2456 796 2532 damnatum.
841 2468 1090 2561 Ipsum
1142 2462 1351 2534 illum
1372 2462 1833 2532 -Autronium
1880 2456 2279 2554 (quoniam

145 2565 294 2661 ejus
339 2591 614 2640 nomen
662 2567 1398 2646 finitimum'maxime
1458 2585 1564 2643 est
1610 2569 1829 2664 hujus
1850 2576 1911 2610 ¹⁰
1952 2565 2277 2665 periculo

147 2690 216 2746 et
259 2677 590 2774 crimini)
624 2703 774 2752 non
819 2706 946 2754 sua
988 2684 1144 2757 haec
1182 2686 1326 2754 vita
1373 2679 1787 2774 convincit?
1823 2679 2121 2774 Semper
2158 2701 2281 2747 au-

147 2785 320 2878 dax,
362 2787 733 2887 petulanS,
769 2791 1197 2866 libidinosus
1240 2821 1255 2862 :
1310 2813 1527 2888 quem
1577 2789 1655 2860 in*
1708 2801 2129 2885 stuprorum
2162 2783 2276 2856 de·

147 3027 375 3077 nor-ibus.
399 3030 532 3080 vide
555 3033 828 3084 orationem
857 3049 952 3100 pro
987 3035 1170 3084 OEnen·
1336 3035 1387 3084 5.
1418 3031 1569 3083 Cord.
1588 3031 1688 3080 Erf-
1700 3037 1999 3095 grassatum.
2016 3027 2147 3076 J.v.
2172 3027 2231 3074 1..

148 3105 240 3167 tio,
265 3124 380 3173 cap.
403 3110 494 3160 25.
537 3155 545 3171 ,
1333 3111 1383 3161 6.
1412 3111 1531 3160 Cum
1552 3108 1807 3156 indicibus.
1836 3107 1896 3155 Id
1912 3115 2011 3166 ent,
2034 3120 2145 3152 cnm
2169 3119 2280 3167 per-

216 3202 268 3235 a.
316 3186 446 3236 Huic
483 3187 666 3258 affines
703 3193 888 3242 sceleri.
927 3194 1172 3254 Coniura-
1263 3189 1379 3240 ditis
1405 3187 1703 3244 hominibus,
1714 3186 1805 3250 qui
1824 3183 2070 3234 delatoriis
2097 3181 2283 3230 artibus

151 3261 310 3315 fiunis.
458 3323 464 3330 ,
1260 3271 1491 3320 vivebant
1504 3305 1520 3332 ,
1544 3279 1595 3316 et
1612 3265 1958 3316 innocentibus
1971 3262 2170 3312 insidias
2181 3278 2283 3312 mo-

215 3344 268 3393 3.
315 3345 560 3395 ameum
603 3364 708 3398 esse
746 3350 1006 3400 homnem.
1051 3351 1175 3416 Quis
1259 3349 1523 3400 liebnntur.

150 3437 249 3472 non
277 3435 463 3490 :ponte
491 3427 754 3478 crediderit
785 3431 1032 3480 hominem
1065 3447 1176 3480 ver·
1334 3445 1385 3491 7.
1428 3425 1639 3492 Impiam
1672 3423 1969 3488 religionem.
1988 3419 2117 3468 vide
2158 3429 2282 3468 orat.

149 3513 302 3552 ntum
325 3521 356 3554 a
382 3507 592 3569 pueritia
616 3508 672 3556 in
695 3510 830 3558 omni
854 3508 1058 3576 flagitio,
1075 3519 1170 3558 etc.
1262 3507 1319 3558 in
1343 3505 1484 3557 catil.
1507 3505 1582 3552 ΙΙΙ
1596 3539 1613 3566 ‚
1636 3510 1685 3576 4-

150 3594 380 3632 matum
407 3600 512 3633 eae
537 3585 633 3636 hoo
662 3588 868 3638 crimen.
1337 3587 1387 3634 8.
1405 3588 1469 3633 In
1504 3581 1797 3647 Hispaniam
1819 3575 2143 3644 pmficeione.
2170 3575 2285 3624 Non

218 3670 274 3717 4.
300 3662 498 3713 stadio.
527 3663 586 3712 ld
605 3675 710 3724 at,
731 3666 1178 3732 peomndioupidi·
1261 3664 1417 3730 liquet
1452 3677 1599 3728 quare
1645 3661 1698 3708 in
1734 3655 2021 3723 Rha-niam
2065 3655 2129 3704 ⁸12
2170 3671 2285 3719 pm-

152 3750 267 3789 tate.
286 3742 358 3789 Ut
394 3741 454 3789 C.
481 3743 716 3792 Caesarem
752 3747 927 3796 Cicero
964 3747 1020 3794 in
1047 3747 1176 3794 libro
1263 3747 1434 3795 fectus.

153 3819 200 3864 11
224 3817 286 3866 de
313 3817 466 3868 Offic.
487 3821 762 3886 vituperat,
797 3823 932 3888 quod
959 3835 1090 3872 tanta
1123 3824 1178 3872 in
1338 3839 1391 3886 9.
1417 3825 1466 3872 A
1484 3837 1577 3872 sua
1591 3815 2137 3870 vica.stnbaudiendum
2154 3848 2172 3874 ‚
2201 3814 2283 3862 dn·

155 3913 214 3945 eo
258 3899 502 3963 peccandi
547 3901 706 3950 libido
757 3903 934 3964 suerit,
987 3916 1044 3956 nt
1078 3903 1180 3952 hoc
1267 3913 1483 3952 mnatum
1504 3917 1623 3950 esse.

155 3975 319 4042 ipsum
351 3994 464 4027 enm
489 3979 754 4031 delectaret
767 3999 970 4050 peccare
986 3982 1183 4047 ,etiam-
1348 3996 1430 4030 ro.
1470 3979 1643 4046 Hujus.
1683 3980 1739 4026 Ρ.
1778 3977 1939 4028 Sullae.
1971 4000 2043 4014 -
2075 3971 2289 4026 01·ἱηίπὸ

157 4054 200 4102 si
226 4071 370 4105 mun
387 4073 491 4110 non
510 4071 654 4111 essct.
1271 4059 1603 4112 Accuntioni.
