2594 4537
458 299 739 370 ORAT.
790 300 929 370 DE
978 302 1408 371 HARUSP.
1461 298 2057 372 RESPONSIS.
2187 297 2327 385 485

156 436 571 519 ·tatemque
620 444 773 495 esse
823 446 1188 494 conversa.
1224 426 1402 519 -Ipse
1449 424 1530 493 L.
1585 424 2014 494 Saturninus
2060 424 2159 493 ita
2195 420 2335 493 fuit

176 528 593 603 effrenatus
626 548 701 604 et
744 556 947 631 paene
982 532 1323 621 demens,
1361 547 1448 603 ut
1479 547 1730 604 auctor
1759 546 1944 604 esset
1974 536 2331 630 egregius,

176 654 269 711 et
310 638 403 711 ad
445 642 725 713 animos
762 642 1264 741 imperitorum
1302 641 1718 714 excitandos
1750 640 2332 713 inflammandos-

180 774 347 846 que
388 749 750 848 perfectus
765 750 820 824 ⁶.
856 754 1041 848 Nam
1073 750 1257 850 quid
1296 751 1556 849 ego-de
1581 758 1658 823 P.
1692 751 2010 851 Sulpicio
2039 753 2336 851 loquar?

180 858 409 953 cujus
464 874 663 933 tanta
716 862 795 932 in
848 860 1161 934 dicendo
1222 863 1529 959 gravitas
1552 916 1573 949 ‚
1635 876 1834 935 tanta
1877 863 2291 958 jucunditas
2313 919 2332 952 ‚

176 982 393 1041 tanta
430 968 740 1043 brevitas
776 970 954 1063 fuit,
996 988 1082 1043 ut
1116 988 1400 1070 posset,
1438 973 1553 1044 vel
1593 987 1676 1043 ut
1712 975 2108 1071 prudentes
2141 996 2330 1046 erra-

178 1090 363 1148 rent
388 1132 407 1166 ,
440 1080 575 1151 ·vel
632 1095 719 1152 ut
768 1079 948 1153 boni
994 1083 1239 1153 minus
1294 1080 1486 1153 bene
1533 1086 1925 1172 sentirent,
1980 1082 2331 1182 perficere

176 1186 526 1261 dicendo.
586 1196 771 1262 Cum
820 1191 937 1263 his
992 1190 1436 1278 conflictari,
1489 1206 1566 1263 et
1616 1216 1750 1289 pro
1807 1192 2036 1266 salute
2088 1196 2334 1292 patriae

180 1299 523 1395 quotidie
572 1300 947 1390 dimicare,
998 1318 1151 1375 erat
1202 1304 1508 1374 omnino
1551 1302 1726 1391 illis,
1775 1304 1906 1401 qui
1951 1318 2108 1375 tum
2143 1329 2336 1377 rem-

182 1407 561 1507 publicam
602 1412 1151 1509 gubernabant,
1202 1414 1589 1487 molestum
1638 1442 1655 1485 :
1713 1413 1839 1486 sed
1892 1412 2209 1486 habebat
2247 1438 2335 1486 ea

182 1519 525 1593 molestia
564 1522 953 1620 quamdam
994 1539 1237 1596 tamen
1273 1524 1716 1622 dignitatem.

288 1636 449 1704 XX.
505 1633 637 1703 Hic
692 1657 905 1718 vere,
955 1632 1047 1705 de
1092 1658 1245 1731 quo
1303 1658 1440 1732 ego
1489 1636 1644 1732 ipse
1687 1648 1832 1705 tam
1873 1632 2099 1705 multa
2137 1657 2336 1706 nunc

184 1740 359 1813 dico
381 1796 402 1832 ,
432 1742 623 1841 proh
650 1742 751 1814 dii
775 1742 1251 1817 immortales!
1292 1743 1472 1842 quid
1502 1744 1654 1816 est?
1687 1740 1868 1840 quid
1901 1742 2132 1814 valet?
2153 1742 2336 1841 quid

182 1850 438 1941 affert,
486 1867 573 1925 ut
622 1868 823 1929 tanta
872 1855 1155 1943 civitas,
1206 1854 1266 1925 si
1315 1853 1527 1926 cadet
1555 1864 1576 1899 ¹
1645 1851 1892 1951 (quod
1953 1852 2054 1924 dii
2115 1877 2333 1925 omen

186 1960 590 2059 obruantl)
614 2016 635 2049 ‚
676 1988 719 2034 a
752 1966 910 2035 viro
948 1978 1191 2035 tamen
1232 1961 1564 2036 confecta
1605 1964 1979 2035 videatur?
2007 1964 2133 2061 qui
2165 1966 2336 2062 post

184 2074 417 2168 patris
446 2086 794 2159 mortem,
823 2076 1131 2170 primam
1158 2072 1352 2144 illam
1379 2072 1740 2145 aetatulam
1773 2094 1976 2143 suam
2007 2073 2096 2144 ad
2129 2098 2330 2145 scur-

182 2204 435 2253 rarum
468 2182 947 2281 locupletium
982 2181 1323 2254 libidines
1356 2174 1660 2272 detulit3
1705 2205 2022 2280 quorum
2067 2186 2329 2253 intem-

184 2295 513 2392 perantia
555 2293 874 2393 expleta‚
909 2295 989 2364 in
1030 2292 1442 2365 domesticis
1493 2307 1604 2364 est
1647 2293 2138 2390 germanitatis
2174 2306 2328 2364 stu-

186 2407 385 2502 pris²
436 2404 839 2494 volutatus3
890 2403 1157 2476 deinde
1198 2403 1348 2500 jam
1394 2399 1778 2489 robustus,
1821 2404 2210 2499 provinciae
2253 2427 2330 2476 se

184 2537 271 2586 ac
302 2514 410 2584 rei
444 2513 735 2585 militari
768 2513 970 2586 dedit
990 2569 1011 2602 ‚
1046 2529 1267 2612 atque
1292 2512 1396 2584 ibi
1423 2514 1818 2612 piratarum
1853 2514 2329 2586 contumelias

184 2647 573 2721 perpessus
592 2677 613 2712 ‚
676 2625 889 2696 etiam
946 2624 1255 2696 Cilicum
1305 2623 1643 2696 libidines
1695 2624 2328 2725 Barbarorumque

185 2733 505 2822 satiavit3
556 2748 762 2832 post,
820 2737 1143 2806 exercitu
1204 2738 1282 2806 L.
1351 2734 1634 2806 Luculli
1689 2735 2071 2808 sollicitato
2092 2733 2145 2825 ³,
2192 2761 2327 2836 per

186 2840 583 2915 nefandum
628 2843 897 2932 scelus,
936 2842 1121 2941 fugit
1156 2843 1393 2926 illinc,
1429 2849 1856 2940 Romaeque,
1892 2847 2167 2918 recenti
2201 2845 2326 2917 ad·
2421 2869 2430 2885 ·

187 2967 411 3024 ventu
464 2977 638 3041 suo,
682 2977 851 3024 cum
903 2953 1339 3052 propinquis
1397 2955 1548 3025 suis
1603 2951 1874 3025 decidit
1899 2959 1959 3044 4,
2020 2978 2116 3025 ne
2158 2979 2324 3028 reos

257 3153 307 3202 6.
336 3148 602 3216 Per-seem.
636 3152 855 3200 omnino
893 3160 1203 3216 comparatu·

188 3240 238 3280 et
258 3231 525 3281 nbuolmus.

256 3313 376 3360 XX.
408 3327 457 3358 ι.
479 3313 673 3360 Εωαῑ.
700 3310 839 3359 malit
858 3310 1032 3362 cadat.

256 3405 307 3440 a.
332 3389 680 3440 Gennanc'eaeis
704 3388 895 3454 παρηὶς.
913 3392 1025 3438 Hoc
1040 3389 1200 3450 endu

188 3470 365 3534 stupri·
381 3485 495 3520 cum
521 3471 761 3535 genuani:
785 3470 1053 3520 sororibus.
1072 3471 1199 3519 Ger-

1290 3149 1644 3200 auimadverut
1696 3167 1724 3200 a
1775 3153 1948 3200 ceteri·
1995 3153 2320 3219 scriptoribu-

1290 3232 1473 3280 narrari
1489 3247 1543 3279 ca
1546 3242 1687 3296 ptum
1705 3230 1936 3280 Clodium
1956 3233 2238 3298 prIusqunm
2253 3235 2319 3286 ad

1288 3309 1548 3358 Lucullum
1593 3310 1902 3374 pervenirem
1945 3327 2098 3378 quum
2147 3325 2319 3364 eontra

1288 3403 1318 3436 a
1337 3389 1498 3436 Dione
1535 3399 1774 3436 nnn-etur.
1798 3389 1974 3454 Operoe
2010 3393 2221 3457 pretium
2243 3395 2319 3443 vi-

1292 3467 1515 3528 deretur,
1535 3477 1754 3516 atrocem
1778 3483 2028 3518 censuram
2043 3475 2316 3536 professum

189 3549 387 3598 manitas
410 3547 583 3598 eodem
604 3565 747 3599 ceusu
774 3559 875 3610 est,
900 3563 1007 3613 quo
1020 3549 1207 3598 «nervi-

190 3628 253 3676 tia
276 3643 403 3692 ιρι-ο
430 3631 613 3691 servin,
640 3629 1082 3678 «matrimonium-
1108 3645 1205 3695 pro

188 3723 354 3756 uxore.

256 3789 303 3836 3.
342 3787 635 3838 Sollicitam.
680 3791 754 3838 Dc
802 3789 897 3838 luc
928 3787 1205 3836 Lucum-ni

189 3867 421 3916 exercitus
446 3866 937 3928 sollicitatioue‚vide
956 3866 1203 3914 Plutarch.

190 3945 239 3994 in
264 3943 451 3992 Lucull.
482 3946 637 3996 Dion.
660 3947 882 4004 XXXV,
914 3963 931 3992 1
946 3953 997 4001 4,
1024 3945 1205 3994 Nescio

191 4023 301 4088 quid
324 4023 461 4074 aliud
482 4036 629 4086 agtus
656 4025 841 4089 cogitet
867 4021 1101 4088 walins,
1116 4026 1207 4089 qui

1291 3562 1397 3595 nou
1414 3547 1480 3595 itu
1505 3547 1784 3598 dormitare.

1365 3635 1413 3682 4.
1435 3626 1653 3685 Decidit,
1673 3645 1736 3676 ne
1759 3643 1868 3676 reos
1880 3628 2094 3694 faceret.
2123 3633 2316 3682 Pactiu-

1290 3723 1404 3755 ηοω
1431 3707 1595 3756 Clodii
1619 3717 1810 3772 turpem
1831 3707 2090 3772 significat,
2114 3727 2212 3775 qua
2230 3729 2316 3778 pe·

1290 3786 1486 3834 cuniam
1513 3787 1744 3846 multum,
1769 3803 1834 3835 ne
1867 3799 1978 3837 reon
2009 3791 2320 3860 propinquo,

1290 3866 1470 3916 fauent
1486 3885 1620 3926 suos,
1637 3869 1844 3934 acecpit,
1859 3879 2010 3933 atque
2031 3871 2097 3918 ita
2119 3887 2228 3920 cum
2258 3875 2319 3923 iis

1290 3949 1542 4011 transegit.
1573 3949 1968 3998 Tmnuctiouem
1987 3962 2147 3999 autem
2165 3953 2316 4017 signi·

1292 4021 1428 4074 fimi
1447 4043 1534 4093 per
1547 4029 1749 4078 verbum
1772 4029 2015 4094 deffere,
2035 4041 2208 4080 notum
2223 4042 2313 4083 cst.
