2594 4537
347 266 488 349 346
985 268 1080 333 Μ.
1133 266 1210 333 T.
1263 266 1821 335 CICERONIS

341 404 488 471 est,
533 413 624 460 ne
665 410 802 485 ego
843 383 1339 473 indemnatus,
1381 400 1601 483 atque
1638 386 1913 482 optime
1958 382 2050 456 de
2096 382 2487 481 republica

339 501 670 584 meritus,
707 495 1210 567 damnatorum
1256 519 1551 593 poenam
1605 494 2085 566 sustinerem?
2136 498 2485 584 Quorum

337 609 554 679 etiam
595 606 888 693 delicta,
923 620 1223 704 propter
1259 630 1514 677 eorum
1543 604 1897 703 egregiam
1929 607 2007 675 iu
2037 628 2155 675 me
2184 628 2489 677 conser-

297 761 300 767 ·
339 718 578 790 vando
611 716 1091 804 voluntatem,
1129 740 1282 787 non
1326 714 1552 787 modo
1588 740 1742 803 me,
1781 714 1911 786 sed
1946 737 2205 786 omnes
2238 712 2487 785 bonos
2566 682 2568 775 Ῑ

341 828 528 901 ferre
573 843 982 927 oporteret,
1036 850 1288 899 eorum
1336 827 1697 925 optimum
1732 824 2113 897 consilium
2154 849 2301 922 ego
2350 848 2487 923 po-
2566 788 2568 841 ¹

343 939 696 1009 tissimum
718 992 737 1025 ‚
761 962 892 1036 per
918 963 1043 1010 eos
1067 938 1145 1009 in
1170 960 1399 1008 meam
1426 938 1801 1035 pristinam
1828 934 2254 1033 dignitatem
2278 936 2485 1009 resti·

342 1062 546 1117 tutus
565 1102 585 1137 ‚
619 1048 920 1119 consilio
954 1047 1409 1145 repudiarem
1438 1047 1647 1119 meo?
1668 1049 1763 1137 ,At
1792 1071 2013 1145 quam
2036 1046 2479 1119 senteutiam

339 1158 536 1228 dixi?
592 1160 914 1231 Primum
972 1184 1174 1245 eam,
1223 1182 1443 1254 quam
1496 1156 1749 1256 populi
1792 1180 2033 1227 sermo
2084 1157 2161 1225 in
2217 1156 2480 1229 animis

341 1266 657 1341 nostris⁶
711 1270 862 1365 jam
913 1284 1082 1340 ante
1125 1266 1502 1355 defixeram
1556 1264 1817 1339 deinde
1872 1288 2073 1353 eam,
2118 1288 2287 1361 quae
2324 1278 2481 1337 erat
2566 1264 2568 1273 ‘

337 1377 834 1477 superioribus
885 1376 1146 1449 diebus
1193 1379 1455 1475 agitata
1497 1378 1575 1447 in
1624 1388 1913 1462 senatu3
1967 1374 2237 1447 deinde
2276 1398 2473 1458 eam,

336 1512 558 1585 quam
587 1503 876 1560 senatus
901 1486 1245 1587 frequens
1263 1540 1283 1575 ,
1312 1502 1469 1557 tum
1490 1540 1511 1573 ,
1531 1509 1761 1582 quum
1786 1484 1961 1557 mihi
1982 1499 2093 1557 est
2112 1510 2473 1569 assemm,

336 1611 688 1694 sequutus
727 1611 877 1667 est:
921 1612 1004 1667 ut
1043 1621 1282 1693 neque
1323 1595 1533 1666 allata
1572 1598 1667 1666 sit
1696 1620 1739 1666 a
1772 1620 1889 1666 me
1934 1619 2051 1667 res
2094 1595 2471 1695 inopinata

291 1756 296 1760 -
337 1730 418 1777 ac
444 1731 698 1782 recens
717 1760 736 1794 ,
769 1730 940 1795 neo,
975 1708 1034 1778 si
1062 1706 1266 1804 quod
1293 1707 1369 1776 in
1395 1707 1751 1777 sententia
1780 1707 2029 1777 vitium
2058 1721 2169 1779 est
2190 1760 2215 1792 ,
2250 1706 2471 1802 magis

337 1818 430 1886 sit
461 1816 653 1909 eju5‚
686 1817 814 1915 qui
845 1816 1140 1905 dixerit,
1171 1840 1393 1914 quam
1422 1819 1749 1888 omnium
1772 1872 1792 1905 ,
1820 1819 1949 1913 qui
1978 1814 2386 1914 probarint.

433 1930 525 1997 At
551 1932 742 1999 enim
773 1926 1085 2001 liberum
1111 1942 1403 1999 senatus
1422 1926 1773 2022 judicium
1791 1980 1811 2015 ‚
1838 1940 2141 2025 propter
2164 1942 2463 2009 metum,

333 2058 483 2105 non
526 2032 684 2108 fuit.
723 2043 792 2109 Si
839 2038 1166 2110 timuisse
1193 2060 1317 2108 eos
1344 2034 1554 2123 facis,
1594 2036 1721 2134 qui
1750 2035 2267 2123 discesserunt,
2302 2061 2462 2109 cou-

331 2145 544 2235 cede,
590 2174 740 2220 non
778 2148 1102 2221 timuisse
1140 2172 1305 2235 eOS,
1342 2150 1471 2244 qui
1507 2161 2033 2219 remanserunt.
2068 2148 2195 2217 Sin
2222 2160 2462 2219 autem

329 2258 486 2329 sine
519 2260 642 2350 iis,
688 2260 818 2358 qui
849 2273 1008 2332 tum
1045 2256 1470 2345 abluerunt,
1512 2257 1691 2330 nihil
1732 2258 2023 2331 decerni
2060 2256 2297 2331 libere
2332 2283 2461 2357 po-

330 2372 503 2458 tuit;
551 2393 780 2467 quum
827 2395 1080 2442 omnes
1127 2369 1502 2458 adessent,
1558 2385 1879 2468 coeptum
1924 2384 2033 2440 est
2074 2367 2335 2442 referri
2378 2368 2459 2440 de

325 2482 742 2583 inducendo
773 2485 1438 2556 senatusconsulto:
1468 2482 1561 2554 ab
1595 2485 1932 2556 universo
1960 2473 2219 2555 senatu
2246 2483 2461 2556 recla-

326 2607 602 2664 matum
640 2609 769 2666 est.

423 2705 510 2772 V.
553 2703 694 2775 Sed
725 2729 1008 2802 quaero,
1036 2709 1115 2776 in
1145 2707 1300 2806 ipsa
1326 2707 1676 2778 sententia
1697 2760 1717 2794 ,
1748 2705 2097 2802 quoniam
2124 2705 2460 2802 princeps

325 2837 462 2910 ego
529 2837 690 2885 sum
755 2816 913 2911 ejus
979 2832 1199 2916 atque
1260 2831 1547 2904 auctor,
1613 2815 1792 2913 quid
1857 2813 2455 2912 reprehendatur.

322 2927 582 2995 Utrum
613 2949 822 2996 causa
849 2927 1179 3026 capiendi
1219 2930 1392 3002 novi
1437 2925 1713 2997 consilii
1761 2947 1912 2993 non
1940 2921 2125 2994 fuit?
2159 2947 2255 2992 an
2286 2947 2456 2994 meae

320 3023 560 3132 partes
589 3036 668 3106 in
707 3061 791 3110 ea
827 3061 1042 3110 causa
1075 3063 1230 3110 non
1267 3037 1638 3134 praecipuae
1674 3029 2013 3106 fuerunt?
2040 3056 2132 3102 an
2160 3029 2305 3102 alio
2336 3057 2456 3129 po-

317 3149 462 3217 tius
504 3145 1075 3246 confugiendum
1112 3147 1296 3219 fuit?
1334 3151 1514 3240 Quae
1554 3170 1668 3217 res
1694 3154 1749 3232 ¹,
1786 3168 1947 3240 quoe
1983 3167 2197 3212 causa
2228 3142 2455 3236 major

316 3280 510 3344 esse,
550 3283 770 3354 quam
815 3255 1075 3346 fames,
1111 3258 1392 3356 potuit?
1436 3281 1654 3356 quam
1700 3251 2003 3326 seditio?
2042 3277 2265 3350 quam
2299 3276 2453 3322 con-

317 3365 470 3438 silia
517 3379 680 3454 tua,
725 3383 1208 3466 tuorumque3
1252 3369 1416 3467 qui,
1470 3365 1809 3438 facultate
1852 3361 2137 3450 oblata,
2184 3359 2277 3434 ad
2320 3363 2445 3432 im-

380 3586 428 3636 6.
471 3585 648 3652 Populi
667 3602 824 3635 sermo
851 3586 902 3635 in
926 3587 1106 3636 animis
1141 3587 1332 3636 nostrie.
1425 3585 1759 3644 decernerem,
1796 3583 2096 3650 postularet,
2130 3581 2249 3641 feci,
2280 3593 2331 3630 et
2362 3597 2436 3628 ae-

307 3667 472 3729 Quum
491 3682 582 3732 per
606 3681 692 3714 eos
711 3666 813 3715 dia
837 3677 1032 3715 senatus
1057 3665 1117 3714 de
1137 3683 1335 3714 annona
1425 3678 1589 3716 curate
1617 3665 1905 3714 sententiam
1932 3661 2055 3711 dixi.

310 3743 598 3804 haberetur,
629 3757 678 3793 et
713 3745 778 3794 ad
805 3747 908 3807 ejus
935 3745 1333 3810 procurationem
1500 3745 1563 3792 V.
1590 3759 1634 3793 1.
1667 3745 1790 3806 Qua·
1813 3759 1909 3791 res.
1932 3741 2158 3790 Graeviun
2180 3749 2229 3787 et
2254 3737 2443 3788 Lallem.

307 3839 532 3873 nemone
569 3842 674 3874 non
721 3825 881 3876 solum
931 3823 1089 3893 plebis
1108 3863 1122 3886 ,
1164 3842 1332 3874 verum
1432 3839 1490 3872 ex
1517 3823 1740 3890 pluribus
1770 3820 1920 3869 codd.
1959 3835 2110 3883 nquae
2131 3819 2248 3867 vis-
2274 3856 2291 3880 ‚
2324 3817 2445 3882 quod
2566 3889 2568 3894 Ι

305 3901 452 3950 etiam
475 3902 720 3952 bonorum
757 3905 1026 3970 Pompeius
1063 3898 1345 3974 vom-einr,
1432 3921 1546 3951 sane
1598 3901 1929 3950 vehementius
1967 3900 2161 3948 videtur
2184 3935 2199 3961 ,
2238 3915 2364 3960 nec,
2399 3908 2443 3942 ut
2563 3930 2569 3966 ³

310 3978 676 4045 multitudoque
701 3999 727 4030 a
756 3999 833 4031 me
867 3985 1155 4034 nominatim
1171 4020 1188 4050 ,
1212 3995 1266 4032 ut
1293 3985 1347 4032 id
1436 3981 1629 4048 vulgata
1652 4015 1667 4043 ,
1698 3981 1856 4044 friget.
