2594 4537
562 315 943 385 ORATIO
992 315 1192 382 PRO
1242 313 1555 381 DOMO
1605 315 1823 382 SUA.
2100 313 2243 398 403

135 455 460 524 ornatus;
477 433 676 534 quid
713 447 858 520 est,
893 455 1118 531 quare
1152 435 1535 532 quisquam
1571 431 1747 502 mihi
1782 457 1857 504 se
1896 431 2095 530 ipsa⁶
2124 458 2250 532 po-

137 550 364 649 pulari
401 549 680 618 ratione
717 541 1152 640 anteponat?

223 667 340 728 An
385 669 469 725 tu
516 650 876 780 populum
929 673 1311 721 romanum
1368 673 1521 720 esse
1570 650 1771 721 illum
1824 668 2075 749 putaS,
2118 655 2247 752 qui

135 780 410 838 constat
442 789 530 835 ex
561 763 681 848 iis,
720 763 848 858 qui
885 757 1215 832 mercede
1251 759 1813 832 conducuntur?
1848 763 1977 859 qui
2006 760 2249 860 impel-

135 875 402 964 luntur,
445 887 530 944 ut
577 873 716 942 vim
767 867 1074 941 afferant
1118 869 1690 966 magistratibus?
1740 885 1821 942 ut
1872 869 2251 946 obsideant

135 975 516 1056 senatum?
563 995 822 1080 optent
875 978 1243 1076 quotidie·⁷
1302 979 1605 1067 caedem,
1654 980 2027 1070 incendia,
2068 986 2253 1082 rapi·

135 1093 306 1166 nas?
343 1117 564 1191 quem
599 1106 682 1164 tu
727 1105 978 1161 tamen
1004 1089 1397 1188 populum,
1440 1092 1575 1161 nisi
1609 1089 1928 1163 tabernis
1962 1092 2252 1182 clausiS,

133 1196 638 1301 frequentare8
684 1225 836 1272 non
887 1214 1176 1298 poteras
1215 1226 1232 1270 ε
1285 1201 1403 1271 cui
1436 1200 1711 1300 populo
1746 1201 1967 1273 duces
2009 1203 2252 1294 Lenti-

135 1314 284 1385 dios
302 1325 360 1402 9,
403 1312 672 1384 Lollios
693 1311 1187 1408 „Plaguleios,
1225 1311 1506 1408 Sergios
1540 1309 1977 1408 praefeceraS.
2008 1317 2073 1382 Ο
2098 1338 2254 1413 spe-

135 1424 312 1494 ciem
378 1422 948 1520 dignitatemque
1021 1421 1277 1518 populi
1338 1422 1667 1506 romani,
1729 1443 1949 1518 quam
2006 1424 2209 1521 reges
2233 1479 2252 1510 ,

135 1557 348 1628 quam
406 1535 738 1602 nationes
786 1543 1048 1602 exterae
1071 1583 1092 1617 ,
1151 1554 1369 1626 quam
1426 1545 1673 1629 gentes
1726 1531 1995 1602 ultimae
2036 1535 2251 1630 perti-

133 1651 557 1729 mescantw,
611 1639 1148 1711 multitudinem
1203 1639 1584 1713 hominum
1648 1667 1736 1715 ex
1786 1644 2109 1725 servisn.
2166 1659 2275 1716 ex'

135 1750 500 1822 conductis
527 1803 548 1837 ,
584 1773 670 1820 ex
707 1746 1155 1837 facinorosis,
1185 1775 1276 1822 ex
1303 1751 1682 1850 egentibus
1712 1753 2248 1854 congregatam!
2296 1781 2301 1790 ·

57 1865 62 1868 ’
133 1861 254 1932 Illa
281 1859 420 1946 fnit
445 1858 914 1958 pulchritudo
943 1858 1196 1957 populi
1233 1864 1555 1951 romani,
1588 1863 1707 1934 illa
1734 1861 2004 1951 forma,
2033 1890 2248 1962 quam

137 1973 206 2041 in
237 1993 500 2068 campo
531 1968 767 2039 vidisti
793 1983 953 2038 tum
976 2021 996 2053 ,
1037 1993 1266 2065 quum
1312 1973 1527 2041 etiam
1554 1969 1723 2058 tibi,
1764 1987 2018 2043 contra
2044 1997 2253 2044 sena-

137 2095 244 2152 tus
281 2081 654 2176 totiusque
689 2076 906 2149 Italiae
941 2079 1438 2149 auctoritatem
1466 2093 1541 2150 et
1580 2077 1932 2167 studium,
1972 2079 2253 2170 dicendi

133 2205 443 2289 potestas
489 2186 650 2259 fuit.
703 2187 863 2274 Ille,
911 2185 1032 2258 ille
1077 2189 1393 2286 populus
1438 2204 1545 2260 est
1586 2189 1923 2262 dominus
1964 2209 2254 2290 regum,

132 2306 360 2373 victor
405 2314 622 2397 atque
667 2301 1060 2396 imperator
1107 2304 1434 2370 omnium
1472 2301 1833 2399 gentium,
1874 2324 2092 2399 quem
2128 2300 2253 2375 illo

135 2410 515 2482 clarissimo
563 2407 679 2480 die
699 2463 719 2495 ,
775 2406 1116 2479 scelerate
1137 2462 1158 2497 ,
1205 2404 1445 2479 vidisti
1488 2424 1641 2489 tum
1664 2464 1685 2495 ,
1732 2435 1961 2507 quum
1997 2436 2251 2489 omnes

133 2520 492 2618 principes
521 2519 824 2589 civitatis
843 2570 862 2607 ‚
893 2538 1145 2590 omnes
1173 2517 1511 2590 ordinum
1545 2532 1763 2617 atque
1789 2534 2076 2593 aetatum
2105 2546 2251 2595 om·

131 2634 358 2718 nium,
385 2625 802 2725 suffragium
840 2650 946 2715 se,
975 2653 1126 2698 non
1154 2626 1245 2698 de
1283 2625 1486 2716 civis,
1524 2628 1651 2701 sed
1678 2627 1768 2702 de
1803 2634 2109 2704 civitatis
2145 2658 2247 2704 sa-

133 2738 276 2811 lute
311 2738 501 2810 ferre
528 2736 958 2825 censebant3
994 2761 1222 2835 quum
1253 2736 1569 2835 denique
1596 2732 1926 2811 homines
1950 2742 2027 2811 in
2055 2767 2248 2813 cam-

132 2872 303 2947 pum
321 2904 344 2939 ,
385 2872 537 2918 non
562 2846 918 2934 tabernis,
948 2846 1076 2917 sed
1107 2849 1515 2946 municipiis
1544 2848 1833 2934 clausis,
1870 2840 2246 2923 venerunt.

223 2958 544 3031 XXXIV.
580 2962 734 3030 Hoc
762 2981 896 3055 ego
923 2956 1242 3055 populo,
1281 2962 1341 3029 si
1370 2974 1525 3030 tum
1554 2957 1884 3030 consules
1918 2974 2044 3030 aut
2076 2958 2248 3032 fuis-

133 3072 398 3142 sentin
429 3067 836 3168 republica,
871 3080 996 3137 aut
1036 3068 1339 3139 omnino
1371 3070 1521 3139 n'on
1552 3065 1886 3153 fuissent,
1920 3066 2125 3138 nullo
2150 3068 2245 3165 lq-

197 3318 250 3367 6.
289 3319 426 3382 Ipsa.
459 3316 538 3364 Ex
560 3328 616 3364 en
641 3316 748 3379 ipsa
761 3348 778 3375 ,
812 3330 958 3379 quam
987 3324 1044 3363 tn
1067 3330 1146 3363 se·-
1306 3316 1358 3364 8.
1402 3316 1745 3379 quteenean.
1790 3316 2002 3379 cogere,
2042 3332 2248 3383 congre*

133 3397 290 3459 queris
305 3428 324 3455 ,
349 3394 554 3443 ratione.
1233 3408 1360 3459 gare.
1379 3393 1507 3441 vide
1523 3394 1685 3443 Groev.
1702 3393 1767 3442 ad
1782 3395 1856 3441 lv
1876 3396 1928 3442 in
1952 3396 2095 3447 catil.
2116 3412 2167 3459 7.

201 3492 251 3536 7.
286 3476 464 3539 Optem
491 3471 727 3538 quotidie.
769 3470 1038 3536 Singularis
1071 3480 1146 3520 est
1305 3487 1354 3534 9.
1376 3471 1635 3521 Lentidios.
1657 3472 1803 3521 Hune
1818 3474 2038 3524 nominat
2054 3476 2109 3523 in
2131 3476 2249 3524 Sex-

131 3553 276 3602 lectio
303 3552 488 3601 codicis
505 3553 618 3601 Car.
641 3551 903 3615 Stephani,
929 3572 956 3593 «-
971 3560 1146 3616 optent
1231 3550 1390 3601 titus:
1419 3572 1445 3593 ιι
1460 3553 1647 3609 Aecus·
1676 3551 1949 3601 Lentidium
1964 3586 1979 3613 ,
2013 3570 2117 3602 non
2142 3570 2250 3618 per,-

131 3633 352 3683 Catilina
377 3630 556 3680 eadem
570 3665 586 3689 ,
605 3630 857 3691 incendia,
875 3631 1101 3695 rapinas?
1121 3652 1144 3674 ι
1234 3628 1385 3677 ens-it
1406 3627 1571 3677 locum
1586 3649 1630 3679 a.

132 3727 240 3775 quae
257 3726 436 3775 nempe
455 3712 618 3759 omnin
637 3710 846 3760 Catilina
861 3706 1147 3774 paraverat}
1312 3724 1391 3757 xo.
1438 3710 1801 3759 Pertimescane.
1854 3708 1955 3759 Alii
1968 3742 1984 3769 ‚
2020 3709 2251 3773 pertime-

131 3800 184 3837 ut
203 3791 375 3839 endem
389 3790 483 3837 hos
504 3788 696 3839 efficere
717 3805 896 3854 cupere
914 3788 1152 3851 intelliga-
1237 3796 1395 3843 scunt.
1432 3788 1483 3837 J,
1498 3790 1563 3839 V.
1593 3790 1647 3837 1..

27 3934 32 3939 θ
133 3882 240 3919 mus
256 3903 274 3929 ‚
303 3872 390 3934 qui
429 3886 488 3920 ex
513 3870 647 3919 illim
667 3906 682 3932 ,
724 3881 780 3921 ut
805 3886 934 3935 σερε
956 3868 1154 3930 dieitur,
1316 3880 1399 3917 n.
1414 3866 1777 3915 Huldeudinem
1797 3866 2044 3916 bominum
2065 3882 2133 3916 ea.-
2158 3869 2259 3915 m*-

136 3962 275 4012 grege
311 3962 670 4009 mmmm,
703 3962 756 4000 et
781 3951 835 3998 in
867 3948 1156 3999 Clodianum
1243 3945 1328 3994 νὺ.
1382 3944 1517 4005 Alii,
1571 3962 1677 3993 «ex
1730 3946 1881 3993 servis
1936 3945 2193 4019 qonduetis
2218 3968 2267 3995 ι.

141 4040 386 4078 venerant.
1244 4026 1296 4075 J.
1307 4024 1379 4073 V.
1410 4025 1465 4072 1..

1862 4073 1867 4081 1
1966 4112 2073 4180 26.
