2594 4537
275 221 316 290 8
913 220 1009 286 M.
1062 221 1138 286 T.
1191 219 1761 291 CICERONIS

245 343 380 413 -his
435 342 752 438 pristinae
803 333 1166 410 fortuna—⁹
1218 340 1584 436 reliquiis,
1638 339 1920 410 miseris
1970 352 2044 409 et
2080 336 2402 433 afflictis,

265 467 510 521 tamen
551 447 854 520 haberet
891 447 1246 545 quosdam
1269 460 1355 536 ¹⁰,
1398 472 1723 546 quorum·
1764 450 2043 520 animos
2087 474 2183 521 ne
2226 475 2405 550 sup-

269 561 488 659 plicio
511 569 566 604 ¹¹
637 557 931 656 quidem
991 582 1126 630 suo
1171 561 1425 630 satiare
1478 574 1762 658 posset;
1817 584 2261 656 quamquam
2312 587 2405 633 ex

269 671 489 764 hujus
509 667 987 741 incommodis
1015 692 1348 765 magnam
1376 673 1619 746 animo
1646 669 2118 742 molestiam¹²
2150 671 2365 769 capio
2384 725 2405 760 ‚

271 799 514 854 tamen
544 786 618 852 in
639 782 894 854 ceteris
927 778 1130 850 malis
1157 776 1363 850 facile
1390 781 1627 877 patior
1640 778 1965 850 oblatum
1996 779 2176 850 mihi
2214 795 2403 852 tem-

267 891 512 994 pus¹³‚
555 895 633 964 in
670 915 821 990 quo
856 891 992 960 viri
1026 887 1203 960 boni
1241 889 1610 961 lenitatem
1646 913 1881 962 meam
1910 894 1967 942 ¹4
2009 891 2407 962 misericor-

268 1005 604 1100 diamque
635 1057 656 1090 ‚
711 1017 958 1072 notam
1017 999 1361 1072 omnibus
1414 999 1785 1096 quondam
1814 1055 1835 1089 ‚
1893 1025 2093 1072 nunc
2114 1057 2133 1088 ‚
2190 1003 2405 1098 quasi

265 1119 739 1191 intermissam
759 1107 850 1200 ¹⁵,
865 1125 1371 1208 agnoscerent3
1385 1111 1700 1210 improbi
1720 1135 1801 1183 ac
1821 1109 2152 1210 perditi¹⁶
2170 1116 2365 1184 cives
2378 1167 2401 1199 ‚

265 1228 605 1303 redomiti
635 1237 854 1320 atque
889 1225 1100 1308 victi,
1133 1221 1621 1319 praecipitante
1639 1231 1697 1278 ¹⁷
1739 1220 2149 1319 republica,
2172 1220 2401 1294 vehe-

269 1353 585 1414 mentem
623 1357 743 1406 me
767 1327 829 1377 ¹⁸
868 1329 1125 1417 fuisse,
1158 1332 1377 1426 aQque
1412 1329 1719 1420 fortem3
1761 1345 2180 1403 conservata
2202 1385 2222 1420 ‚
2258 1333 2401 1403 mi-

266 1469 416 1525 tem
451 1473 535 1520 ac
573 1439 1112 1518 misericordem
1143 1439 1563 1516 faterentur.
1596 1448 1688 1514 Et
1720 1445 2069 1540 quoniam
2105 1447 2184 1514 L.
2216 1447 2400 1514 Tor-

263 1565 636 1662 quatus19‚
659 1575 865 1624 meus
883 1549 1251 1622 familiaris
1283 1577 1368 1625 ac
1397 1557 1872 1643 necessarius,
1894 1550 2173 1650 judices
2194 1605 2215 1640 ,
2248 1554 2405 1626 exi-

1374 1827 1497 1866 nmt.
1536 1816 1597 1870 ld
1632 1829 1707 1868 est
1722 1849 1741 1877 ‚
1782 1826 2201 1880 recognoscerent.
2248 1815 2401 1866 Nova

1372 1897 1501 1946 enim
1528 1896 1895 1962 cognoscimus,
1931 1895 2239 1960 agnoscimus
2262 1906 2403 1946 vete-

265 1831 398 1880 Sulla
427 1823 573 1876 simul
603 1837 718 1870 cum
741 1819 832 1867 illo
858 1815 1032 1866 consul
1065 1815 1296 1880 designa-

266 1926 346 1962 tus
403 1919 538 1964 erat,
587 1901 886 1952 existimatus
933 1907 1006 1946 est
1057 1897 1288 1946 Autronii

265 1992 426 2057 culpae
452 1985 649 2043 affini·
687 1992 738 2029 et
773 1995 924 2044 quum
948 1977 1094 2030 ambo
1119 1976 1284 2024 eadem

264 2075 369 2140 lege
395 2071 841 2129 interrogarentur,
870 2073 1061 2123 aequum
1083 2073 1186 2106 non
1213 2057 1286 2104 vi-

263 2169 372 2201 sum
415 2159 489 2198 est
535 2155 622 2203 ut,
669 2143 822 2192 altero
865 2138 1123 2197 damnato,
1160 2133 1319 2186 alter

262 2229 612 2283 absolveretur.
1067 2263 1074 2273 ,

335 2304 651 2373 9.Prise1‘noe
669 2298 915 2367 for-tum.
953 2298 1120 2359 Quum
1159 2305 1285 2343 esset

264 2386 453 2436 consul.

337 2483 420 2515 10.
451 2462 664 2513 Habent
696 2454 954 2523 quosdam.
978 2454 1284 2515 Torquatum

259 2546 416 2597 filium
435 2578 450 2604 ‚
475 2542 564 2605 qui
599 2553 724 2601 aegrc
770 2536 929 2583 ferens
962 2530 1203 2595 publicari
1229 2548 1281 2579 se

259 2626 408 2673 Sullae
434 2618 743 2670 consuhtum
771 2612 1032 2677 eripuisse,
1057 2621 1115 2658 ut
1143 2610 1277 2658 illum

255 2721 346 2755 suo
392 2702 518 2768 patri
565 2700 732 2755 daret,
769 2693 953 2744 Sullam
995 2690 1280 2741 Catilinario

258 2784 460 2835 crimine
481 2776 795 2829 insimulavit.

333 2880 352 2911 ι
369 2879 415 2911 ι.
469 2860 540 2909 Ne
582 2853 833 2925 supplicio.
863 2852 1012 2899 Poeua
1049 2850 1275 2899 comula-

249 2957 328 2997 tus
351 2940 532 2990 amissi.

328 3039 410 3071 ια.
431 3016 710 3070 molestiam
737 3011 903 3078 capio.
927 3010 1111 3075 capere
1133 3008 1277 3057 detri-

253 3114 495 3159 mentum,
533 3098 791 3153 dolorem,
841 3090 1058 3141 laetitiam
1081 3127 1097 3151 ,
1129 3090 1271 3139 volu-

251 3194 433 3247 ptatem
454 3180 617 3227 dicere
643 3174 783 3223 solet.
810 3199 881 3210 -—-
897 3172 959 3217 In
978 3170 1145 3218 ceteris
1168 3186 1273 3217 ma-

248 3261 329 3311 lis.
354 3264 396 3311 1.
423 3277 467 3308 e.
495 3258 623 3306 inter
650 3264 809 3303 cetera
835 3250 976 3299 mala.

324 3343 404 3393 13.
442 3338 618 3389 Patior
654 3334 867 3383 oblatum
914 3328 1035 3379 me‘ln'
1073 3342 1270 3395 tempus.

247 3421 583 3471 Occasionem.

321 3517 338 3547 ι
351 3508 398 3555 4.
431 3496 697 3545 Lenitatem
717 3508 892 3541 meam.
911 3490 1086 3541 Cicero
1111 3488 1268 3553 reipsa

241 3590 413 3629 natura
462 3578 558 3624 fuit
595 3574 750 3629 lenis;
791 3586 901 3621 vere
948 3569 1123 3617 doctus
1164 3584 1266 3616 nou

240 3669 403 3723 potest
430 3673 530 3705 esse
555 3652 780 3702 erudelis.

317 3756 334 3784 1
349 3738 396 3785 5.
434 3736 580 3783 Nunc
610 3730 754 3797 quasi
775 3728 1110 3777 intermissam.
1134 3727 1261 3790 Quis

237 3820 399 3865 severe
421 3825 590 3861 eontra
604 3810 862 3862 Catilinam
883 3808 1083 3871 ejusque
1102 3810 1261 3855 socios

238 3895 464 3945 decrevit.
487 3896 537 3941 Si
560 3897 622 3941 ita
647 3909 746 3939 uon
775 3890 976 3953 egisset,
996 3904 1094 3936 non
1119 3888 1260 3945 leuis,

236 3978 320 4026 scd
345 3974 600 4025 imbecillis
627 3958 900 4021 haberetur:
925 3996 990 4005 —
1008 3970 1254 4033 Agnosce-

1371 1993 1425 2024 ιι
1445 1993 1597 2041 ,φη
1618 1980 1717 2039 jam
1744 1976 2083 2040 cognovimus.

1447 2057 1528 2106 16.
1576 2056 1792 2122 Improbi
1829 2073 1892 2105 ae
1938 2054 2122 2120 perdici
2159 2052 2303 2104 ἄνω.
2357 2055 2401 2104 Ii

1368 2138 1637 2200 prasertim
1672 2139 1759 2201 qui
1787 2138 1842 2184 in
1868 2135 2139 2196 conjuratis
2164 2135 2399 2194 (uerunt,

1368 2227 1453 2264 aut
1488 2233 1599 2264 cum
1634 2217 1693 2263 iis
1737 2225 2003 2264 senserunt.
2036 2241 2107 2251 —
2133 2213 2396 2264 Redemici.

1370 2298 1513 2344 Forte
1530 2332 1543 2355 ‚
1570 2312 1622 2344 re
1648 2296 1840 2344 domiti.
1866 2294 2108 2345 Nonnulli
2134 2294 2363 2342 scribunt
2380 2329 2396 2355 ,

1370 2374 1586 2423 edomiti.

1446 2470 1527 2515 17·
1559 2453 1906 2519 Proecipi'eanoe
1932 2452 2193 2519 republica.
2210 2451 2268 2499 Id
2293 2464 2399 2516 est,

1365 2544 1551 2583 ruente.

1443 2628 1461 2660 ι
1475 2612 1522 2663 8.
1548 2612 1887 2663 Vehementem
1916 2628 2007 2664 me.
2034 2612 2095 2661 Id
2124 2617 2197 2660 est
2212 2646 2227 2671 ‚
2254 2628 2394 2662 seve-

1366 2708 1506 2755 πως
1536 2698 1807 2759 opponitur
1825 2694 1955 2753 miti,
2002 2704 2056 2741 ut
2084 2714 2109 2734 οι
2126 2692 2269 2739 fortis
2296 2694 2395 2740 mi-

1363 2771 1597 2823 sericordi
1614 2796 1658 2823 ο.
1686 2774 1863 2824 Cicero
1896 2774 1995 2833 ait,
2036 2772 2097 2821 de
2132 2770 2283 2821 offic.
2328 2775 2355 2821 1
2373 2807 2393 2832 ,

1364 2850 1457 2898 «id
1489 2862 1591 2911 est,
1622 2855 1718 2901 viri
1746 2855 1940 2919 magni,
1984 2851 2129 2900 rebus
2160 2853 2389 2915 agitatis,

1362 2932 1539 2995 punire
1598 2946 1761 2983 sontes
1776 2969 1791 2993 ,
1839 2930 2203 2981 multitudiuem
2264 2946 2389 2980 oon·

1360 3026 1551 3060 servare
1566 3034 1613 3063 υ.

1438 3108 1518 3155 ¹9·
1554 3139 1565 3151 ,
1581 3094 1649 3140 Ee
1698 3090 1931 3156 quoniam
1986 3092 2043 3139 L.
2092 3092 2388 3154 Torquatus.

1360 3172 1577 3237 Sumpsit
1604 3182 1773 3221 orator
1810 3172 1942 3218 hunc
1972 3170 2138 3217 locum
2172 3184 2238 3217 ex
2266 3184 2387 3218 ora·

1362 3251 1497 3299 tione
1525 3250 1865 3309 Demosthenis
1897 3265 1991 3313 pro
2026 3248 2350 3311 Ctesiphonte
2370 3285 2389 3311 ,

1358 3330 1451 3377 sub
1474 3330 1584 3379 init.
1607 3329 1783 3391 «Quod
1800 3328 2101 3376 siAEschines
2120 3343 2174 3374 ea
2202 3326 2385 3387 solm

1356 3426 1468 3475 quae
1494 3410 1546 3457 in
1574 3407 1883 3457 accusatione
1916 3405 2237 3471 praescripsit,
2278 3416 2383 3454 tra-

1357 3500 1531 3539 ctasset
1548 3526 1561 3549 ,
1582 3504 1675 3553 ego
1694 3502 1893 3552 quoque
1919 3488 1980 3536 de
2021 3489 2133 3553 ipso
2163 3494 2385 3536 senatus-

1354 3571 1580 3618 consulto
1602 3570 1766 3617 statim
1810 3568 2165 3633 respondissem
2190 3584 2203 3615 :
2246 3582 2381 3630 quo-

1358 3650 1487 3699 nism
1526 3660 1685 3697 sutem
1722 3648 1891 3695 ceteris
1926 3646 2232 3695 recensendis
2272 3662 2381 3697 uou

1352 3732 1581 3796 pauciora
1606 3728 1752 3776 verba
1780 3726 1896 3776 feeit
1914 3764 1928 3789 ,
1954 3740 2003 3777 et
2030 3728 2082 3775 in
2108 3742 2186 3774 me
2212 3724 2381 3789 plera-

1351 3828 1445 3875 que
1472 3810 1707 3857 meutitus
1730 3817 1828 3867 est,
1876 3808 2018 3855 simul
2060 3816 2109 3855 et
2150 3822 2376 3855 necessa-

1350 3890 1473 3937 rium
1497 3900 1545 3937 et
1560 3889 1747 3949 justum
1770 3904 1872 3935 esse
1902 3898 2024 3953 puto
2042 3922 2055 3945 ,
2085 3898 2141 3935 ut
2170 3888 2341 3951 paucis
2359 3925 2375 3951 ,

1352 3970 1411 4019 de
1438 3970 1514 4019 his
1540 3970 1751 4035 primum
1774 3969 1928 4018 dicam
1940 3991 1979 4013 ι»-
