2594 4537
750 243 1574 363 PROLEG'OMENA.
2065 317 2196 364 ω

50 431 185 503 post
224 412 553 479 reditum
602 411 927 476 orationes
946 459 966 494 ,
1010 411 1332 476 subruere
1365 411 1564 476 modo
1594 433 1931 502 aggressus
1977 430 2106 499 est,
2143 431 2208 482 et

52 519 217 608 quod
254 519 345 585 ad
386 519 893 584 Germanorum
926 517 1281 598 nonnullos
1319 518 1631 606 pertinet,
1663 518 1870 583 evicit.
1906 519 2058 584 Non
2095 519 2213 586 de·

52 627 217 690 fuere
248 643 507 690 tamen
542 623 657 712 qui
688 621 1059 688 inauditum
1090 621 1273 688 illum
1313 621 1594 688 audaciae
1629 625 1947 711 impetum
1980 641 2208 690 retun-

52 731 303 812 derent3
358 731 561 795 inter
602 728 847 818 primos
898 729 1141 794 exstitit
1177 731 1247 794 B.
1284 727 1610 794 Weiskius
1625 776 1645 811 ,
1693 731 1808 816 qui
1851 745 2066 795 tamen
2119 733 2206 795 ita

54 837 351 902 Ciceroni
406 835 785 901 ontionem
832 856 957 923 pro
988 833 1297 899 Marcello
1343 833 1730 924 vindicavit,
1775 851 1851 898 ut
1886 836 2052 900 hanc
2091 859 2213 925 pro

54 942 295 1030 Ligario
340 941 642 1006 omnino
676 939 947 1006 notham
979 955 1048 1004 et
1076 940 1338 1029 pessimi
1380 938 1830 1004 declamatoris
1876 963 2040 1030 opus
2075 965 2212 1008 esse

56 1064 391 1113 assereret.
440 1048 699 1112 Mirum
732 1068 887 1111 sane
937 1061 1004 1110 et
1049 1046 1255 1111 ferme
1288 1045 1684 1110 ridiculum
1665 1047 1909 1135 ingenii
1945 1047 2213 1112 humani

58 1175 343 1220 morem
361 1205 385 1236 ,
450 1177 669 1244 quum
703 1153 933 1218 nulla
910 1177 1045 1234 jam
1078 1175 1180 1218 res
1217 1154 1302 1219 ab
1335 1154 1444 1219 illo
1479 1155 1704 1218 furore
1743 1152 2046 1218 inviolata
2077 1177 2216 1218 esse

58 1263 253 1345 possit
275 1309 298 1344 ,
326 1277 404 1326 et
432 1262 575 1342 jam
606 1282 809 1324 unam
832 1281 869 1324 e
886 1259 1261 1348 Philippicis
1284 1257 1562 1324 Wolfius
1579 1307 1598 1341 ‚
1621 1280 1746 1347 pro
1769 1257 2002 1322 Archia
2025 1275 2216 1348 poeta

61 1365 277 1453 Lipsiae
307 1389 704 1456 anonymus
744 1383 821 1431 ut
852 1367 1121 1431 notham
1149 1365 1662 1456 designaverint3
1711 1364 1836 1428 nisi
1871 1365 2040 1428 forte
2060 1364 2218 1429 dum

63 1471 185 1534 Cic.
196 1493 415 1560 opera
436 1471 779 1537 etlaudem
797 1473 977 1536 miris
990 1471 1324 1536 laboribus
1338 1487 1578 1561 augent
1594 1470 1763 1552 Itali,
1785 1467 1998 1534 eidem
2013 1468 2220 1534 detra-

64 1573 213 1639 here
266 1577 469 1643 falsis
526 1577 953 1668 opinionibus
1014 1577 1322 1642 Germani
1374 1599 1634 1666 aequum
1681 1591 2005 1641 censeant.
2068 1576 2218 1659 Qua

68 1681 327 1766 quidem
371 1685 609 1749 omnia
642 1682 935 1748 tentandi
954 1697 1018 1747 et
1040 1680 1466 1748 labefactandi
1481 1682 1814 1771 prurigine
1827 1681 2104 1770 pessime
2123 1681 2214 1746 illi
2239 1675 2248 1684 ’

76 1783 147 1850 de
176 1787 390 1856 literis
430 1806 809 1874 merentia-3
859 1811 1067 1877 quum
1094 1789 1227 1870 jam
1260 1787 1438 1878 apud
1469 1811 1580 1853 eos
1613 1787 1796 1851 Plato
1827 1787 1962 1851 fere
1997 1789 2220 1853 nullus

76 1896 391 1980 supersit3
455 1911 523 1961 et
586 1894 645 1961 ei
702 1893 1031 1974 abjudicet
1092 1896 1324 1959 Ionem
1383 1893 1576 1975 alius,
1639 1891 1800 1966 alius
1848 1893 2178 1958 Critonem
2198 1941 2217 1975 ,

84 1994 349 2066 Socratis
388 2001 845 2067 defensionem
863 2048 882 2083 ,
925 1999 1007 2064 de
1040 1999 1351 2088 Legibus,
1383 1998 1818 2062 Menexenum
1837 2044 1856 2078 ,
1895 2013 2016 2062 etc.
2037 1997 2218 2080 Quid

84 2102 241 2167 enim
260 2155 281 2189 ,
333 2105 565 2189 judice
608 2106 1027 2196 grammatico
1044 2153 1063 2188 ,
1129 2102 1436 2168 codicum
1483 2102 1832 2166 auctoritas
1848 2148 1867 2182 ,
1915 2104 2216 2167 omnium

88 2222 335 2277 mmm
354 2261 375 2297 ,
408 2211 845 2303 populorum,
887 2210 1232 2277 doctorum
1267 2209 1558 2274 virorum
1605 2205 1988 2271 admiratio?
2019 2208 2220 2273 Nam-

90 2332 205 2398 que
254 2338 337 2383 ex
404 2318 809 2409 grammatici
861 2316 1131 2381 arbitrio
1178 2313 1617 2403 pulcherrima
1669 2328 1964 2377 veterum
2031 2336 2226 2402 opera

94 2420 497 2508 pendebunt,
528 2425 642 2513 qui
674 2447 809 2512 quo
840 2446 1017 2489 anno
1039 2422 1318 2487 verbum
1349 2421 1628 2510 viguerit
1650 2468 1670 2503 ,
1707 2441 1842 2508 quo
1877 2418 2186 2485 defecerit
2206 2470 2225 2504 ,

97 2544 167 2588 ex
192 2530 505 2597 cathedra
536 2530 957 2620 pronuntiet3
986 2528 1097 2617 qui
1130 2528 1374 2616 quibus
1404 2526 1734 2591 vocabulis
1751 2574 1770 2608 ,
1806 2526 2046 2614 quibus
2073 2548 2223 2591 sen-

100 2634 297 2699 tentiis
330 2652 586 2702 veteres
618 2636 723 2701 usi
766 2636 934 2715 sint,
978 2656 1049 2699 se
1082 2632 1354 2697 modum
1395 2632 1734 2720 imponere
1765 2654 2026 2720 aequum
2069 2655 2226 2698 cen-

104 2754 253 2821 seat,
305 2760 377 2809 et
414 2758 709 2807 auctores
742 2739 1133 2806 brevissimis
1166 2738 1656 2803 circumscribat
1683 2738 2007 2823 terminis,
2055 2762 2224 2828 quos

104 2861 177 2905 ne
200 2849 551 2915 excedant!

186 2950 603 3043 Quamquam
664 2954 839 3019 enim
904 2974 980 3018 ex
1044 2951 1342 3017 barbarie
1411 2948 1900 3015 renascentibus
1975 2948 2228 3014 decimo

110 3054 321 3137 quinto
370 3060 609 3126 saeculo
655 3058 893 3140 literis,
952 3058 1271 3123 nonnulla
1312 3070 1755 3144 apparuerunt
1769 3100 1789 3135 ,
1847 3074 1992 3141 quoe
2047 3056 2229 3140 quasi

113 3164 359 3243 genuini
410 3165 741 3231 Ciceronis
798 3164 991 3229 foetus
1036 3163 1219 3229 docti
1270 3160 1766 3227 circumferrent
1783 3205 1802 3240 ,
1855 3172 1932 3221 ut
1986 3157 2054 3221 in
2107 3158 2226 3223 sal-

112 3282 231 3331 um
254 3270 535 3338 Sallustii
564 3272 949 3337 invectivam
980 3269 1354 3359 responsio,
1387 3268 1614 3355 quinta
1651 3263 2042 3349 Catilinaria,
2061 3286 2225 3330 ‘ora-

118 3368 193 3433 tio
211 3374 289 3440 ad
310 3378 635 3467 populum
664 3392 731 3442 et
756 3375 840 3440 ad
862 3374 1113 3464 equites
1134 3388 1488 3460 antequam
1513 3371 1638 3434 iret
1653 3370 1723 3432 in
1750 3370 2066 3455 exsilium3
2087 3393 2232 3459 quae

116 3484 485 3549 verecundia
523 3499 623 3548 est
653 3505 807 3548 cum
840 3480 1259 3570 ineptissimis
1294 3478 1417 3541 illis
1454 3474 1634 3540 scioli
1675 3474 2012 3555 cujusdam
2054 3498 2233 3539 com-

119 3590 329 3654 mentis
376 3606 663 3679 quatuor
695 3588 831 3652 illas
880 3588 1203 3651 orationes
1236 3584 1534 3649 conferre
1556 3630 1574 3663 ,
1629 3602 1774 3669 quoe
1815 3597 1895 3645 ut
1923 3602 2092 3668 saepe
2134 3582 2234 3643 fa-

118 3690 386 3759 eundum
402 3743 421 3777 ,
450 3695 541 3759 ita
586 3714 843 3782 semper
874 3694 1133 3782 elegans
1172 3686 1430 3755 dicendi
1466 3708 1672 3776 genus
1705 3708 1834 3773 prae
1864 3707 1934 3748 se
1967 3684 2190 3749 ferunt
2209 3734 2228 3767 ,

124 3804 177 3853 et
204 3801 585 3889 antiquitate
622 3815 1011 3865 consecratae
1046 3818 1187 3861 esse
1222 3792 1672 3859 declarantur?
1708 3792 1793 3855 Et
1841 3788 2108 3878 quidem
2141 3790 2232 3856 illi

126 3916 237 3965 ¹¹01}
260 3908 457 3973 semel
479 3921 709 3971 contra
739 3906 1075 3970 historiam
1104 3921 1401 3992 peccasse
1421 3915 1756 3964 auctorem
1789 3896 2230 3964 contendunt:

126 4024 293 4088 ‘Flam
323 4014 529 4080 multa
557 4028 779 4076 autem
812 4012 913 4076 vel
950 4008 1279 4076 Ciceronis
1317 4029 1454 4071 aevo
1487 4008 1684 4087 stacta,
1724 4003 2020 4069 nondum
2053 4005 2232 4069 criti-
