2594 4537
217 202 487 323 '056
605 344 608 353 Ι
740 250 1401 319 MARKLANDI
1446 248 1575 317 ET
1618 248 2083 319 GEsNEm

428 377 520 441 VI
527 424 542 439 .
579 371 872 438 Orationi
911 368 994 434 ad
1038 370 1325 452 Quirites
1364 384 1809 459 paupertatem
1861 368 2213 458 quamdam
2253 370 2393 451 obj
2402 371 2523 434 icit

338 497 672 557 accusator
694 476 1128 557 doctissimus,
1152 498 1299 565 quae
1322 491 1459 541 tota
1484 498 1671 563 paene
1698 498 1777 539 ex
1800 476 2001 565 priori
2028 476 2113 541 sit
2137 498 2516 565 expressa:

343 606 412 655 et
465 604 564 651 est
611 607 766 650 sane
815 606 1047 673 magna
1093 582 1266 648 inter
1315 598 1667 671 utramque
1716 581 2097 667 similitudo,
2150 582 2282 649 Sed
2338 582 2517 647 illud

345 699 561 785 ipsum
598 690 841 756 indicio
877 706 974 755 est
993 738 1012 773 ,
1047 706 1211 779 puto
1231 736 1252 773 ‚
1285 712 1424 754 non
1468 712 1624 753 esse·
1653 689 1784 753 hoc
1824 711 1992 778 opus
2037 688 2515 754 declamatoris

345 798 744 880 scholastici,
782 796 848 860 in
895 796 1130 860 umbra
1159 796 1659 861 commentantis
1696 796 1933 879 otiose,
1979 796 2159 885 quod
2200 798 2513 885 placeat,

347 906 554 971 otiose
585 902 978 969 conferentis
1011 902 1232 966 omnia
1261 902 1433 967 inter
1462 924 1637 984 sese,
1668 902 2136 990 comportantis
2162 901 2509 992 undique,

345 1009 668 1099 quidquid
698 1008 780 1075 ad
809 1032 948 1073 rem
981 1010 1189 1097 facere
1221 1008 1569 1072 arbitretur
1597 1029 1613 1073 ε
1644 1007 1757 1071 sed
1784 1007 1903 1073 viri
1934 1008 2135 1073 civilis
2164 1010 2237 1072 in
2266 1009 2508 1075 medio

347 1136 496 1183 actu
535 1133 603 1181 et
645 1117 783 1205 ipsa
819 1115 1240 1181 contentione
1283 1136 1689 1178 summarum
1732 1136 1956 1178 rerum
1993 1115 2313 1179 versantis
2332 1158 2355 1198 ,
2398 1117 2511 1181 cui

347 1224 809 1315 gratulantium
859 1220 1212 1287 multitudo
1230 1268 1250 1305 ,
1289 1219 1397 1285 cui
1444 1208 2001 1287 necessitudinum
2034 1222 2507 1305 salutationes,

345 1331 627 1421 spatium
660 1327 986 1419 cogitandi
1021 1350 1158 1393 non
1193 1325 1495 1392 dederint
1513 1376 1533 1411 ,
1574 1328 1688 1415 qui
1722 1326 1955 1417 plenus
1998 1327 2195 1392 rebus
2238 1328 2409 1415 ipsis
2438 1343 2507 1393 et

343 1436 637 1526 personis
669 1434 918 1500 diversa
942 1433 1026 1499 de
1049 1456 1118 1499 se
1139 1436 1395 1499 ratione
1418 1434 1663 1498 meritis
1680 1482 1697 1516 ‚
1724 1433 1959 1523 plenus
1984 1455 2139 1498 cura
2163 1430 2503 1499 fluctuan-

344 1546 426 1609 tis
473 1543 751 1633 reipubl.
791 1565 928 1605 non
968 1542 1146 1623 ierit,
1183 1542 1254 1605 in
1286 1564 1361 1605 ea
1393 1540 1745 1630 praesertim
1782 1541 2076 1606 oratione
2098 1590 2117 1623 ‚
2162 1560 2371 1630 quam
2413 1540 2497 1607 ad

349 1650 636 1733 Quirites
667 1647 935 1731 habuit,
977 1645 1058 1711 de
1099 1647 1369 1737 singulis
1421 1647 1635 1712 verbis
1677 1648 1747 1710 in
1798 1646 2141 1711 consilium
2163 1696 2181 1729 ‚
2228 1647 2351 1711 sed
2398 1649 2497 1712 uti
2584 1724 2586 1735 Σ

239 1838 244 1843 Ι
347 1754 604 1819 animus
631 1752 723 1817 illi
749 1751 1038 1841 quidque
1063 1752 1449 1833 subjiciebat
1466 1799 1485 1836 ,
1514 1754 1604 1816 ita
1635 1754 2002 1842 protulerit.
2028 1753 2092 1817 N
2095 1774 2168 1817 ec
2190 1755 2495 1842 profecto
2584 1772 2586 1785 ·

346 1858 610 1943 difficile
645 1858 880 1941 suerit,
911 1858 966 1923 si
999 1882 1169 1947 opus
1201 1858 1404 1941 esset,
1439 1858 1730 1946 exempla
1770 1858 2069 1948 colligere
2108 1858 2339 1947 plura5
2373 1860 2490 1925 ubi
2584 1838 2586 1901 ῗ

347 1968 605 2050 Cicero,
627 1966 757 2054 ⁸qui
785 1964 1114 2054 quotidie,
1145 1967 1260 2054 qui
1291 1988 1457 2055 saepe
1484 1967 1835 2055 imparatus
1861 1965 1945 2030 ad
1971 1963 2323 2029 dicendum
2348 1990 2493 2031 sur·
2584 1984 2586 2055 j

346 2088 560 2164 geret,
609 2071 836 2137 eadem
880 2072 1092 2138 verbis
1136 2073 1363 2137 leviter
1405 2072 1761 2137 immutatis
1811 2069 1972 2136 dixit
1992 2120 2010 2154 ,
2058 2090 2204 2159 quae
2246 2072 2491 2137 scilicet
2584 2070 2586 2153 j

347 2196 602 2245 mutare
631 2202 719 2243 ne
749 2178 976 2242 Tironi
1006 2175 1274 2265 quidem
1293 2222 1312 2254 ‚
1345 2198 1480 2265 quo
1514 2196 1765 2241 canone
1796 2178 2185 2265 scriptorum
2212 2198 2487 2243 suorum
2584 2176 2586 2183 ’

347 2286 655 2350 utebatur
689 2284 918 2349 Cicero
937 2332 955 2367 ‚
981 2284 1314 2372 'placuerit
1331 2332 1349 2366 ‚
1384 2306 1468 2347 ne
1504 2285 1789 2348 colorem
1821 2282 2001 2347 illum
2039 2299 2247 2348 extem
2254 2284 2486 2372 porali-

347 2393 494 2457 tatis
519 2437 538 2474 ,
573 2413 658 2454 ne
689 2389 904 2478 gratiae
933 2389 1001 2451 in
1037 2388 1148 2452 tali
1190 2391 1330 2453 viro
1364 2390 1770 2479 negligentioe
1794 2389 2063 2478 vestigia
2094 2389 2477 2454 amitterent.

305 2503 308 2506 ’
347 2495 478 2561 Sed
523 2496 651 2559 hoc
701 2492 968 2580 quidem
1022 2515 1228 2583 genus
1276 2493 1731 2583 disputationis
1778 2494 1891 2560 illo
1940 2495 2477 2583 comprehensum

347 2600 576 2682 velim,
612 2597 796 2687 quod
829 2620 1022 2686 supra
1064 2598 1290 2686 posui,
1332 2598 1512 2686 quod
1546 2601 1616 2663 in
1660 2615 1857 2689 gustu
1892 2599 2179 2688 quodam
2217 2618 2284 2665 et
2320 2602 2475 2666 inte·-

348 2707 520 2770 riore
551 2702 852 2786 judicio
833 2725 1044 2767 inesse
1076 2703 1230 2768 dixi.

437 2811 584 2876 V11.-
617 2809 996 2874 Orationem
1027 2831 1147 2898 pro
1181 2812 1399 2876 Domo
1426 2833 1576 2893 sua,
1617 2811 1800 2901 quod
1828 2813 2028 2877 hebes
2060 2827 2128 2878 et
2152 2811 2322 2877 taedii
2348 2813 2474 2902 ple·

347 2939 509 2981 num
562 2939 726 3006 opus
779 2938 916 2982 esse
965 2933 1154 3005 putat
1197 2916 1615 2984 Marklandus
1632 2965 1653 3002 ‚
1706 2920 2039 3009 multaque
2077 2919 2237 2985 dicit
2274 2922 2471 2986 conti·-

347 3047 535 3108 nere,
575 3045 720 3111 quoe
765 3023 932 3086 nihil
973 3020 1056 3088 ad
1097 3047 1238 3088 rem
1274 3025 1677 3113 pertineant,
1721 3025 1907 3091 valde
1944 3025 2472 3092 commendarunt

348 3132 455 3198 alii
502 3131 625 3196 viri
681 3128 898 3214 docti,
967 3131 1036 3194 in
1101 3132 1341 3219 quibus
1400 3132 1593 3196 etiam
1651 3149 1747 3197 est
1798 3133 1893 3198 M.
1952 3137 2101 3199 Ant.
2161 3133 2468 3198 Fert-atius

348 3238 578 3327 Epistt.
613 3237 692 3318 V,
734 3259 849 3317 10,
876 3258 976 3324 pr.
1009 3237 1218 3302 Nobis
1249 3239 1662 3327 propositum
1690 3255 1821 3322 est,
1846 3237 2064 3304 videre
2086 3238 2318 3304 deinde
2342 3241 2467 3304 sin-

348 3343 650 3434 gulatim‚
697 3343 934 3408 satisne
968 3341 1174 3410 valida
1207 3345 1338 3408 sint
1377 3343 1734 3411 Marklandi
1772 3361 2153 3436 argumenta
2180 3343 2262 3409 ad
2292 3345 2465 3426 abju-

350 3448 690 3516 dicandam
722 3448 896 3514 illam
932 3450 1184 3516 Tullio:
1220 3449 1401 3539 quod
1436 3467 1656 3529 autem
1669 3454 1888 3535 „multa
1920 3470 2151 3542 praeter
2194 3475 2329 3518 rem
2366 3453 2463 3518 hic

347 3556 667 3622 inculcata
717 3578 854 3620 esse
904 3555 1100 3638 dicit,
1154 3579 1291 3621 non
1344 3580 1691 3646 possumus
1740 3583 1919 3624 nunc
1971 3560 2121 3624 satis
2154 3557 2460 3640 judicare,

351 3660 514 3751 quid
537 3675 782 3750 praeter
803 3683 931 3724 rem
963 3661 1161 3726 fuerit
1185 3661 1297 3725 illo
1324 3665 1633 3752 temporis
1666 3664 1956 3730 articulo.
1986 3663 2185 3748 Quod
2214 3665 2465 3753 repetita

353 3768 693 3855 aliquoties
729 3782 886 3832 sunt
913 3766 980 3829 in
1013 3766 1116 3829 his
1145 3782 1299 3855 post
1326 3767 1611 3833 reditum
1639 3768 2045 3834 orationibus
2066 3817 2083 3850 ,
2112 3791 2256 3856 quae
2281 3768 2462 3834 semel

355 3871 588 3936 dixisse
621 3872 772 3937 satis
808 3872 944 3960 ipse
977 3887 1162 3961 putat
1189 3873 1417 3956 fuisse3
1450 3897 1681 3963 parum
1708 3875 1949 3962 cogitat
1969 3922 1988 3955 ,
2020 3875 2086 3937 in
2123 3896 2251 3960 qua
2280 3875 2461 3956 urbe,

351 3977 525 4065 apud
561 3999 730 4065 quos
763 3977 1061 4042 homines
1093 3975 1342 4045 dixerit.
1970 3973 1992 3992 ‘
