2594 4537
319 262 461 335 380
950 266 1045 333 M.
1098 267 1175 333 T.
1228 264 1823 335 CICERONIS

316 385 538 473 urbe,
576 384 849 484 lapides
880 384 1086 478 jacti,
1122 386 1193 480 si*
1220 408 1481 457 manus
1517 384 1775 457 collata
1805 408 1956 455 non
1995 397 2142 472 est,
2185 384 2478 457 idcirco

316 512 401 575 tu
422 496 513 568 ad
536 494 731 567 illam
764 493 999 571 labem
1014 548 1035 582 ‚
1052 509 1275 593 atque
1297 496 1606 568 eluviem
1631 495 1934 567 civitatis
1949 549 1972 582 ‚
1997 498 2155 567 sine
2179 519 2476 567 summa

318 606 391 675 vi
422 604 799 703 pervenire
829 606 1176 703 potuisti?

417 718 607 785 XXI.
658 716 906 803 Quum
954 717 1035 785 in
1076 714 1420 789 tribunali
1459 716 1750 788 Aurelio
1791 714 2300 787 conscribebas
2338 741 2472 815 pa·-

316 823 459 894 lam
499 847 651 895 non
698 822 919 899 modo
962 824 1275 913 liberos,
1329 823 1458 899 sed
1509 828 1725 897 etiam
1775 850 2063 913 servoS,
2103 850 2196 897 ex
2231 830 2474 897 omni-

270 1010 276 1017 ,
316 930 457 1003 bus
492 934 667 1005 vicis
706 938 1135 1019 concitatOS,
1176 936 1324 1007 vim
1359 950 1516 1007 tum
1555 934 1886 1009 videlicet
1921 959 2074 1007 non
2115 934 2472 1033 parabas?

316 1044 565 1133 Quum
600 1045 851 1119 edictis
884 1050 1033 1119 tuis
1072 1044 1407 1119 tabernas
1449 1046 1690 1121 claudi
1720 1045 2030 1141 jubebas
2050 1101 2071 1135 ‚
2112 1072 2270 1119 non
2315 1050 2468 1117 vim

314 1156 663 1251 imperitae
692 1156 1209 1243 multitudinis,
1238 1155 1368 1229 sed
1391 1155 1776 1231 hominum
1801 1155 2282 1229 honestorum
2309 1181 2474 1227 mo-

314 1261 617 1339 destiam
682 1266 1289 1365 prudentiamque
1352 1266 1772 1364 quaerebas?
1827 1271 2074 1360 Quum
2130 1292 2331 1339 arma
2389 1268 2466 1337 in

317 1372 543 1445 aedem
580 1378 894 1448 Castoris
926 1374 1438 1474 comportabas
1463 1431 1484 1466 ,
1527 1377 1712 1449 nihil
1747 1377 1944 1459 aliud
1964 1430 1984 1464 ,
2027 1378 2168 1451 nisi
2211 1378 2320 1449 uti
2371 1402 2468 1447 ne

318 1483 495 1581 quid
536 1511 667 1583 per
716 1487 866 1557 vim
914 1487 1031 1586 agi
1074 1502 1354 1587 posset,
1393 1486 1944 1563 machinabare?
1993 1491 2244 1578 Quum
2287 1510 2468 1557 vero

296 1594 581 1692 ‘gradus
636 1600 951 1669 Castori-s
980 1609 1004 1641 ¹
1064 1598 1460 1674 convellisti
1525 1622 1610 1683 ac
1658 1598 2026 1670 removisti
2047 1651 2068 1686 ,
2125 1612 2284 1669 tum
2303 1652 2324 1685 ‚
2383 1612 2467 1669 ut

314 1705 645 1777 modeste
686 1705 817 1783 tibi
863 1732 1077 1805 agere
1120 1707 1370 1785 liceret
1391 1762 1412 1797 ,
1449 1708 1786 1785 homines
1833 1707 2142 1779 audaces
2175 1707 2270 1779 ab
2305 1708 2466 1804 ejus

314 1815 569 1911 templi
628 1816 831 1887 aditu
886 1832 1106 1915 atque
1160 1818 1516 1891 adscensu
1571 1818 1944 1918 repulisti?
1991 1822 2242 1911 Quum
2296 1843 2464 1905 eOS,

312 1925 443 2021 qui
484 1926 559 1996 in
614 1942 981 1999 conventu
1030 1931 1356 2001 virorum
1403 1927 1774 2000 bonorum
1825 1927 2048 2000 verba
2091 1927 2185 2000 de
2235 1929 2466 2000 salute

312 2060 477 2107 mea
522 2034 883 2125 fecerant,
934 2036 1183 2111 adesse
1230 2040 1546 2136 jussisti,
1593 2062 1994 2137 eorumque
2043 2037 2462 2110 advocatio-

310 2156 531 2233 ῐιθιη2
568 2147 949 2235 manibuS‚
980 2147 1175 2221 ferro
1198 2203 1218 2237 ,
1246 2146 1610 2245 lapidibus
1645 2146 2068 2236 discussisti3
2105 2164 2264 2221 tum
2301 2174 2463 2247 pro-

312 2254 504 2329 fecto
546 2258 968 2349 ostendisti,
1022 2264 1169 2330 vim
1221 2258 1355 2332 tibi
1391 2262 1703 2330 maxime
1739 2257 2142 2358 displicere.
2187 2263 2462 2331 Verum

310 2367 462 2452 haec
512 2366 787 2440 furiosa
836 2369 940 2439 vis
996 2371 1240 2441 vesani
1294 2368 1572 2441 tribuni
1616 2367 1866 2467 plebis
1890 2365 2101 2440 facile
2139 2371 2463 2466 superari

310 2474 693 2573 frangique
750 2479 991 2575 potuit
1038 2479 1367 2564 virorum
1421 2478 1790 2551 bonorum
1835 2476 1952 2548 vel
1997 2479 2270 2549 virtute
2291 2532 2310 2566 ,
2351 2479 2460 2549 vel

312 2585 803 2657 multitudine.
876 2585 1118 2696 Quid?
1176 2613 1410 2689 quum
1478 2586 1795 2660 Gabinio
1855 2589 2058 2686 Syria
2131 2585 2465 2672 dabatur,

309 2694 737 2776 Macedonia
786 2698 1067 2784 Pisoni,
1116 2700 1414 2798 utrique
1455 2697 1824 2772 infinitum
1868 2699 2308 2796 imperium,
2351 2703 2464 2770 in-

310 2829 490 2901 gens
530 2807 881 2904 pecunia,
922 2821 1009 2878 ut
1060 2807 1191 2881 tibi
1249 2811 1493 2881 omnia
1536 2811 2088 2907 permitterent,
2137 2823 2212 2880 te
2262 2808 2462 2904 adju-

316 3042 460 3096 posse
478 3027 717 3092 populum
740 3045 803 3077 ex
822 3045 907 3088 eo,
927 3029 1066 3096 quod
1080 3033 1158 3080 M.
1177 3031 1343 3094 Drusi,
1426 3031 1576 3082 semel
1604 3029 1860 3094 repudiata
1887 3029 2056 3078 fuisset
2073 3063 2092 3090 ‚
2119 3041 2170 3078 et
2198 3040 2430 3096 praterea
2445 3069 2460 3092 ,

314 3107 487 3156 Scauri
532 3119 583 3156 et
626 3108 787 3158 Crassi
824 3109 954 3173 leges
998 3110 1216 3158 eamdem
1271 3110 1339 3158 ob
1429 3125 1492 3158 ne
1513 3125 1628 3171 uns,
1645 3119 1694 3157 et
1715 3108 1884 3158 endem
1909 3111 2170 3177 rogatione
2198 3110 2390 3174 plures,
2409 3127 2460 3158 sc

306 3205 501 3239 cauum
562 3189 747 3237 fuerint
808 3189 1073 3254 abrogatae.
1134 3191 1341 3240 Crassus

310 3265 511 3328 quidem
528 3265 740 3315 triennio
760 3279 877 3332 post
895 3284 911 3330 3
934 3279 988 3316 at
998 3271 1207 3319 Scaurus
1224 3285 1343 3317 eon-

314 3344 423 3404 sul,
449 3348 639 3395 Drusus
656 3355 795 3410 pater
819 3347 1046 3395 tribunus
1068 3347 1227 3413 plebis
1249 3348 1341 3397 suit

315 3425 569 3488 aliquanto
602 3435 716 3474 unte
742 3425 1049 3475 consulatum
1078 3427 1265 3476 Metelli
1292 3438 1343 3476 et

313 3503 469 3554 Didii.
520 3503 642 3553 Non
696 3505 848 3568 igitur
900 3505 1147 3568 abrogatas
1193 3517 1307 3554 sum
1323 3539 1340 3568 ‚

310 3582 445 3648 quod
472 3583 584 3632 lstae
605 3593 765 3630 essem
792 3595 963 3632 contra
996 3583 1150 3648 legem
1187 3585 1340 3634 Circi-

310 3661 424 3710 l‘mn
447 3661 663 3714 Didiam.
681 3663 741 3709 In
758 3663 861 3710 111
879 3661 1057 3710 tabulis
1076 3663 1173 3712 hoc
1193 3664 1338 3718 etium

309 3741 438 3790 inter
478 3741 573 3791 alia
615 3740 769 3790 multa
815 3741 1184 3806 prascribitur:
1222 3759 1336 3790 unc.

310 3835 445 3868 rus.
498 3837 653 3879 qun.
706 3837 792 3872 m.
848 3836 1101 3870 suevum.
1160 3838 1332 3870 anve.

312 3911 487 3954 ssnnt..
526 3915 867 3959 consume-ro,
919 3911 977 3949 ut
1028 3903 1227 3964 opinor,
1272 3916 1336 3948 ne

310 3974 433 4024 ferre
458 3976 633 4026 iterum
658 3979 825 4028 liceret
849 3978 910 4027 de
933 3979 1097 4028 eadem
1123 3996 1201 4043 re,
1226 3995 1336 4045 qun

1431 3187 1729 3239 diverse-m
1747 3189 2306 3258 comprehenderentur.
2317 3191 2462 3255 Quod

1431 3269 1474 3315 si
1498 3268 1644 3316 etiam
1663 3267 1770 3315 aliis
1791 3267 1983 3332 legibus
2003 3267 2138 3316 idem
2160 3279 2338 3334 postes
2357 3287 2462 3318 esu·

1429 3358 1536 3396 tum
1563 3347 1732 3396 fuisset
1743 3381 1765 3404 ,
1788 3345 1896 3397 illas
1913 3347 2094 3412 procul
2111 3347 2272 3396 dubio
2294 3350 2462 3400 Cicero

1429 3424 1758 3488 nominasset,
1783 3426 1868 3490 qui
1897 3424 2024 3473 nihil
2051 3426 2242 3474 mittit
2269 3443 2458 3481 eorum,

1395 3520 1539 3576 ¹quse
1573 3503 1690 3572 huic
1729 3516 2020 3567 argumento
2061 3505 2258 3570 aliquid
2296 3507 2462 3556 addere

1427 3583 1662 3648 ponderis
1689 3583 2002 3632 videbantur.

1500 3663 1645 3713 xxl.
1697 3678 1742 3710 1.
1797 3663 1998 3711 Gradus
2046 3665 2282 3714 Castor-is.
2331 3667 2463 3728 Quos

1425 3741 1618 3806 ligneos
1643 3752 1694 3790 et
1723 3743 2037 3808 exemptitios
2055 3742 2206 3794 fuisse
2219 3746 2384 3794 multis
2401 3761 2458 3792 ex

1423 3821 1547 3870 locis
1569 3819 1872 3884 intelligitur.

1497 3917 1548 3948 α.
1569 3900 1972 3950 Advocationem.
1993 3904 2220 3966 Amicos,
2241 3921 2268 3952 s
2283 3902 2457 3968 quibus

1427 3978 1642 4028 comitati
1671 3995 1733 4028 eo
1762 3991 2012 4030 venerant.
