2594 4537
517 294 1158 362 ORATIOPRO
1207 294 1286 362 L.
1341 294 1777 363 FLACCO.
2082 288 2207 387 157

100 412 392 485 latibulis
415 414 874 485 occultorum
907 413 1270 502 locorum,
1309 414 1435 485 sed
1464 417 1681 485 etiam
1708 428 2217 512 tempestatum

99 524 580 595 moderatione
615 539 690 594 et
727 524 1226 595 conversione.

179 641 361 708 XIV..
392 636 780 733 Reliquum
811 652 916 709 est
935 688 957 727 ,
991 651 1074 706 ut
1102 652 1487 734 quaeratur,
1514 652 1759 709 utrum
1791 638 1925 709 ista
1946 637 2223 722 classis,

101 770 302 816 cursu
343 760 419 817 et
460 748 717 832 remi5‚
755 761 1186 843 aii-sumptu
1221 762 1509 818 tantum
1536 762 1611 819 et
1635 748 1859 820 literis
1880 759 1897 791 ¹
1932 749 2221 844 naviga-

103 858 195 925 rit.
224 860 419 928 Num
449 854 523 926 id
553 859 778 953 igitur
805 858 1052 952 negari
1076 872 1316 954 potest
1333 912 1353 941 ‚
1388 858 1589 953 cujus
1614 862 1719 930 rei
1745 873 2003 931 cuncta
2023 861 2223 929 testis

103 981 194 1035 est
223 968 380 1037 Asia
401 1020 420 1049 .,
463 965 813 1065 bipartito
843 968 1140 1038 classem
1176 967 1636 1038 distributam
1670 966 1921 1057 fuisse,
1961 982 2045 1039 ut
2079 992 2223 1039 una

103 1098 246 1170 pars
269 1101 488 1174 supra
517 1076 916 1173 Ephesum,
943 1078 1167 1163 altera
1195 1077 1379 1147 infra
1409 1077 1777 1175 Ephesum
1812 1078 2221 1175 navigaret?

103 1190 232 1257 Hac
267 1186 488 1259 classe
528 1192 622 1257 M.
673 1190 1001 1272 Crassus,
1037 1187 1148 1257 vir
1184 1187 1663 1284 amplissimus
1687 1241 1706 1273 ‚
1748 1186 1839 1257 ab
1874 1192 2097 1259 ΙΕῐιο2
2145 1188 2225 1257 in

107 1299 322 1365 Asiam
349 1349 369 1380 ‚
407 1295 520 1365 his
557 1295 861 1367 navibus
894 1292 1233 1367 Flaccus³
1277 1320 1369 1367 ex
1403 1298 1566 1367 Asia
1608 1298 1681 1366 in
1725 1297 2227 1369 Macedoniam

105 1407 463 1501 navigavit.
508 1409 594 1477 In
629 1430 782 1502 quo
823 1406 1046 1501 igitur
1080 1407 1403 1502 praetoris
1439 1420 1547 1477 est
1581 1405 1949 1502 diligentia
1984 1407 2223 1502 requi-

109 1514 354 1586 renda?
391 1520 478 1585 In
518 1540 826 1587 numero
861 1519 1154 1587 navium
1177 1570 1196 1603 ‚
1232 1531 1307 1587 et
1354 1520 1429 1587 in
1462 1515 1948 1614 descriptione
1984 1539 2225 1612 aequa-

109 1624 216 1695 bili
263 1629 649 1724 sumptus?
704 1624 1102 1697 Dimidium
1165 1628 1361 1721 ejuS‚
1428 1651 1579 1723 quo
1631 1629 2015 1725 Pompeius
2077 1640 2229 1697 erat

110 1760 261 1806 usus
289 1792 309 1824 ‚
352 1738 758 1834 imperavit.
797 1742 993 1809 Num
1029 1741 1274 1835 potuit
1309 1737 1640 1833 parcius?
1674 1738 2067 1835 Descripsit
2100 1762 2225 1808 au-

115 1860 238 1915 tem
297 1849 682 1944 pecuniam
737 1848 826 1917 ad
883 1850 1208 1945 Pompeii
1263 1852 1661 1934 rationem,
1716 1872 1876 1944 quae
1929 1845 2068 1918 fuit
2106 1872 2229 1919 ac·-

114 1957 548 2029 commodata
603 1960 682 2027 L.
743 1957 954 2027 Sullae
1017 1958 1487 2054 descriptioni
1527 1984 1544 2027 z
1608 1960 1785 2052 qui‘*
1851 1980 2081 2053 quum
2148 1957 2229 2026 in

117 2088 342 2137 omnes
393 2068 578 2138 Asiae
631 2068 950 2138 civitates
999 2091 1137 2164 pro
1189 2069 1529 2166 portione
1581 2068 1921 2164 pecunias
1956 2064 2226 2136 descri-

117 2178 345 2270 psisset
363 2232 384 2263 ‚
421 2175 618 2248 illam
641 2179 998 2249 rationem
1033 2178 1106 2247 in
1127 2176 1557 2276 imperando
1584 2190 1885 2274 sumptu
1914 2192 1988 2246 et
2018 2180 2231 2246 Pom-

117 2287 334 2382 peius,
373 2303 448 2357 et
487 2289 782 2359 Flaccus
815 2303 1166 2386 sequutus
1201 2303 1347 2373 est3
1400 2311 1641 2384 neque
1688 2300 1794 2356 est
1844 2286 2083 2358 adhuc
2122 2300 2229 2355 ta·

117 2419 260 2467 men
319 2423 406 2470 ea
463 2423 747 2468 summa
800 2398 1184 2495 completa.
1243 2400 1411 2470 Non
1471 2395 1694 2468 refert
1742 2420 1912 2468 vero
1932 2391 1982 2466 ⁵4
2034 2393 2231 2485 Quid

117 2503 456 2578 lucretur?
495 2533 724 2605 quum
763 2508 956 2580 enim
993 2533 1220 2605 genus
1251 2512 1615 2607 imperatae
1643 2507 1967 2605 pecuniae
1998 2493 2238 2577 susciss

119 2617 249 2708 pit;
296 2617 413 2705 id,
471 2618 676 2714 quod
739 2634 820 2690 tu
877 2619 1152 2689 crimen
1206 2643 1361 2690 esse
1417 2621 1564 2703 vis,
1619 2615 2029 2690 confitetur.
2086 2617 2233 2707 Qui

121 2726 310 2821 igitur
353 2726 646 2826 probari
694 2743 963 2824 potest,
1017 2729 1092 2798 in
1144 2751 1228 2798 ea
1265 2732 1577 2825 pecunia
1620 2751 1771 2799 non
1812 2725 2189 2798 referenda
2209 2782 2229 2815 ‚

121 2837 360 2910 crimen
414 2835 550 2910 sibi
603 2839 842 2936 ipsum
885 2837 1161 2928 facere,
1202 2842 1279 2909 in
1330 2864 1475 2936 qua
1521 2838 1795 2909 crimen
1843 2851 2030 2908 esset
2072 2837 2230 2907 nul-

181 3071 302 3120 XIV.
360 3091 408 3122 x.
471 3077 553 3121 An
597 3085 788 3138 sumptu
836 3083 1027 3120 tantum
1073 3083 1124 3120 et

125 3147 251 3196 literis
281 3152 538 3217 navigavit.
580 3155 658 3200 An
695 3163 884 3201 tantum
910 3167 1120 3216 expensa

127 3239 164 3272 et
203 3231 360 3280 Flacco
407 3235 566 3282 soluta
614 3235 678 3281 sit
725 3233 932 3298 pecunia
945 3269 960 3292 ,
985 3231 1120 3280 nulla

129 3307 251 3358 classe
276 3312 523 3362 edificata.

187 3405 232 3437 a.
254 3393 332 3438 Ab
356 3393 506 3441 AEno.
535 3391 669 3438 Urbe
691 3390 924 3438 Thracia.

187 3469 228 3516 3.
261 3471 342 3518 His
370 3471 571 3518 navibus
601 3469 818 3518 Flaccus.
857 3469 1120 3532 Navigavit

129 3547 302 3596 Flaccus
335 3550 412 3597 his
444 3550 681 3606 navibus,
718 3565 871 3612 quum
914 3565 974 3594 ex
1003 3550 1118 3596 Asia

131 3626 284 3677 rediret
301 3665 315 3689 ,
335 3645 482 3677 verno
501 3631 606 3690 eius
620 3631 738 3675 anni
754 3639 994 3691 tempore;
1017 3641 1118 3689 quo

129 3701 274 3752 itidem
302 3724 384 3770 per
405 3707 744 3756 Macedoniam
766 3708 858 3753 iter
879 3707 932 3752 in
955 3705 1120 3752 Asiam

132 3781 225 3828 fecit
250 3785 308 3847 Q.
325 3787 496 3834 Cicero
509 3822 524 3844 ‚
543 3786 684 3845 cujus
699 3785 850 3832 literae
866 3801 930 3830 ex
949 3784 1121 3831 itinere

133 3859 236 3908 datae
261 3865 606 3914 Thessalonicae
644 3875 976 3913 memorantur
999 3867 1024 3910 1
1059 3865 1124 3912 ad

135 3942 262 3989 Anio.
298 3959 370 4004 ¹7·
407 3945 580 3992 Utrum
614 3944 694 3992 hic
726 3945 888 3992 statim
924 3943 1124 3991 classem

135 4017 368 4086 dimini-it,
389 4039 487 4074 non
509 4023 711 4088 disputo
722 4039 738 4086 ς
767 4021 854 4072 sed
871 4037 977 4071 enm
997 4031 1126 4070 certe

1209 3072 1357 3120 video
1376 3073 1536 3135 aliqua
1555 3073 1659 3132 eJns
1676 3072 1791 3118 anni
1810 3082 1951 3134 parte
1968 3071 2233 3140 navigasse.

1282 3161 1335 3209 4.
1373 3155 1532 3216 Quum
1558 3151 1609 3199 in
1634 3167 1798 3198 omnes
1826 3152 1958 3198 Asioe
1993 3151 2233 3213 civitates,

1210 3241 1307 3279 ete.
1332 3231 1410 3279 Al.
1448 3253 1473 3272 ιι
1492 3244 1643 3295 quum
1674 3245 1841 3278 omnes
1862 3230 1993 3276 Asiae
2012 3231 2234 3280 civitates

1209 3327 1305 3376 pro
1352 3311 1581 3374 portione
1630 3311 1683 3357 in
1736 3309 2011 3373 provincias
2054 3309 2233 3358 descri-

1208 3391 1381 3455 psisset
1403 3411 1443 3438 ι.
1471 3391 1523 3436 J.
1546 3391 1607 3438 V.
1635 3391 1686 3437 L.
1790 3441 1799 3452 ,

1280 3471 1329 3516 5.
1372 3469 1487 3516 Non
1526 3465 1677 3532 refert
1712 3483 1847 3514 vero.
1892 3468 1951 3514 Id
1988 3461 2231 3527 est‚'non

1205 3549 1353 3596 refert
1377 3547 1503 3594 hanc
1526 3546 1783 3610 pecuniam
1808 3546 1857 3591 in
1885 3545 2073 3591 tabulas
2096 3561 2234 3595 acce-

1208 3629 1280 3690 pti
1303 3639 1351 3674 et
1374 3625 1595 3688 expensi.
1616 3651 1687 3661 -—
1715 3622 1847 3685 Quid
1864 3623 2108 3670 lueretur?
2128 3627 2233 3674 Etsi

1208 3722 1312 3753 non
1340 3705 1558 3762 ‚refer-at,
1598 3703 1828 3766 quidnam
1876 3701 2000 3749 lucri
2046 3703 2191 3754 faciet
2209 3709 2233 3754 Ρ

1210 3799 1363 3847 quum
1388 3783 1517 3830 enim
1538 3795 1694 3845 genus
1720 3779 1739 3844 (
1760 3781 1883 3827 MSS
1914 3780 2031 3843 regii
2064 3799 2187 3832 omes
2208 3787 2231 3852 )

1211 3864 1457 3926 imperatae
1475 3859 1695 3924 pecunie
1722 3859 1953 3922 suscipiu
1980 3860 2157 3910 fatetur
2182 3881 2235 3912 se

1215 3941 1385 3996 secisse
1401 3972 1417 3996 ‚
1452 3937 1589 4001 quod
1624 3947 1677 3982 tu
1711 3946 1955 4002 tamquam
1982 3939 2163 3989 crimen
2191 3942 2237 3990 ei

1217 4019 1409 4079 objici».
