2594 4537
326 290 471 362 618
937 292 1221 361 GASP.
1270 290 1853 362 GARATONII

248 496 259 504 α
328 413 753 502 consequitur
774 434 975 477 unam
1004 413 1181 477 illam
1220 413 1593 477 societatem
1621 414 1818 479 finisse
1838 460 1860 496 ,
1891 434 2036 502 (με
2065 415 2236 479 Λιὶω
2267 416 2470 480 vecti·

328 521 490 610 galia
520 542 601 585 ex
632 520 773 610 lege
803 519 1183 608 Sempronia
1228 519 1635 585 conduxerit.
1673 518 1904 608 Neque
1949 535 2172 585 tamen
2213 542 2298 585 ea
2325 520 2470 613 lege

330 627 495 691 ratio
524 624 814 715 putanda
847 640 983 690 erat
998 674 1019 708 ,
1058 625 1175 691 sed
1214 627 1491 691 omnino
1535 624 1674 715 Iege
1713 628 2026 708 omorio,
2061 648 2194 715 qua
2223 648 2471 715 nempe

334 754 633 797 censores
660 732 1110 821 Semproniam
1140 734 1404 821 sequuti
1433 732 1768 823 vectigalia
1803 733 1910 797 illa
1937 731 2320 798 locaverant
2336 754 2358 797 ε
2387 732 2468 797 de

326 860 457 926 qua
486 854 629 903 tum
670 838 779 915 alii
816 838 989 921 JCti‚
1016 855 1161 903 tum
1192 840 1326 929 egit
1357 836 1622 903 abunde
1661 838 2022 904 Brissonius
2053 836 2140 903 de
2165 838 2466 903 Fon-mul.

324 944 445 1023 vl,
488 944 595 1009 81.
638 944 909 1035 Egregia
950 960 1049 1011 est
1090 946 1161 1010 in
1198 966 1339 1009 rem
1369 960 1660 1010 nostram
1693 944 2030 1009 insuetudo
2059 942 2334 1009 Gabinii
2383 942 2470 1007 de

322 1048 513 1113 Prov,
544 1051 741 1116 Cons.
766 1072 905 1140 cap.
932 1048 1019 1117 5.
1056 1050 1377 1134 «Videtis,
1405 1052 1479 1116 Ρ.
1515 1052 1589 1117 C.
1627 1072 1764 1115 non
1793 1050 2156 1117 temeritate
2195 1048 2468 1115 redem-

322 1154 587 1243 ptionis,
614 1172 731 1221 ant
750 1156 999 1247 negotii
1026 1156 1295 1249 gerendi
1327 1156 1614 1239 inscitia,
1651 1155 1766 1221 sed
1787 1156 2078 1239 avaritia,
2108 1156 2470 1245 superbia,

322 1260 701 1328 crudelitate
724 1260 1018 1329 Gabinii
1012 1282 1211 1353 pone
1233 1260 1566 1329 afflictos
1540 1284 1707 1347 jam,
1727 1278 1925 1351 atque
1955 1284 2220 1327 eversos
2241 1262 2468 1352 publi-

324 1388 554 1432 canos:
578 1368 819 1457 quibus
840 1366 1109 1457 quidem
1132 1390 1248 1434 vos
1266 1369 1335 1433 in
1370 1368 1474 1433 his
1496 1368 1808 1489 angustiis
1833 1369 2040 1432 oerarii
2061 1382 2290 1433 tamam
2315 1368 2470 1433 sub-

319 1474 624 1555 veniatis,
662 1494 923 1539 necesse
968 1490 1134 1540 est...
1172 1476 1273 1540 An
1295 1522 1316 1557 ,
1359 1476 1414 1539 si
1443 1476 1559 1564 qui
1595 1474 1724 1539 frui
1767 1472 2034 1564 publico
2071 1496 2212 1537 non
2241 1474 2468 1563 potnit

320 1602 441 1669 per
462 1580 744 1665 hostem,
768 1582 877 1647 hic
910 1584 1153 1672 tegitur
1172 1583 1312 1671 ipsa
1337 1584 1480 1672 lege
1501 1582 1830 1648 censoria:
1859 1603 2060 1671 quem
2081 1582 2140 1645 is
2163 1580 2302 1645 frui
2325 1602 2464 1645 non

320 1686 475 1751 sinit
488 1732 507 1769 ,
540 1688 656 1776 qui
686 1702 785 1751 est
803 1736 823 1770 ,
848 1688 1099 1753 etiamsi
1130 1710 1267 1753 non
1302 1688 1686 1779 appellatur,
1721 1687 1960 1769 hostis,
1985 1686 2148 1755 hnic
2169 1686 2336 1751 ferri
2359 1710 2466 1751 an-

319 1794 545 1859 xilium
566 1816 703 1859 non
731 1797 1037 1885 oportet?
1067 1829 1093 1855 »
1114 1796 1328 1885 AEqua
1353 1798 1703 1885 postulatio
1720 1844 1738 1879 ,
1775 1816 1972 1885 quam
2002 1794 2060 1859 si
2085 1791 2463 1882 redempto-

318 1920 423 1963 res
458 1900 550 1964 illi
580 1900 883 1967 fecissent
909 1902 1166 1967 Asiatici
1184 1950 1203 1984 ,
1232 1904 1396 1967 Cato
1423 1903 1562 1991 ipse
1585 1924 1720 1966 non
1743 1914 2208 1990 oppugnasset.
2239 1900 2460 1983 Quem

320 2020 537 2069 tamen
577 2005 707 2071 hoc
742 2006 936 2071 etiam
970 2008 1239 2070 nomine
1270 2004 1688 2097 reprehendit
1711 2005 2136 2071 Casaubonus
2168 2004 2256 2068 ad
2283 2005 2458 2069 Suet.

318 2111 443 2175 loc.
480 2111 590 2178 cit.
637 2114 821 2201 quasi
858 2112 1031 2178 bello
1058 2111 1500 2177 Mithridatico
1536 2110 1758 2177 afflicti
1791 2113 2041 2201 egerint
2063 2111 2210 2201 lege
2229 2132 2458 2176 censo·

316 2216 431 2281 ria.
454 2218 729 2286 Summo
758 2218 901 2282 viro
934 2217 1309 2283 scholiastes
1343 2235 1522 2283 nunc
1561 2232 1792 2284 auctor
1820 2216 2131 2299 exoritur,
2169 2230 2251 2282 ut
2291 2214 2456 2282 divi·

322 2345 509 2388 nasse
541 2323 1025 2414 propemodum
1052 2322 1370 2388 videatur.
1409 2321 1536 2388 Sed
1563 2323 2083 2388 commentitium
2121 2321 2254 2388 hoc
2283 2343 2454 2396 esse,

318 2429 499 2492 testis
542 2431 936 2494 certissimus
951 2477 970 2512 ,
1024 2449 1221 2518 quem
1270 2427 1699 2518 produximus
1717 2478 1736 2507 ‚
1767 2429 1994 2494 Cicero
2029 2428 2250 2494 docet.
2291 2428 2452 2512 Quis

270 2575 280 2594 .
314 2550 534 2599 autem
556 2534 941 2623 publicanos
976 2536 1300 2601 existimet
1327 2555 1586 2601 causam
1621 2534 2037 2616 deteriorem,
2075 2535 2291 2599 immo
2335 2549 2451 2599 mr*

308 2659 477 2727 pem,
508 2639 811 2706 allaturos
836 2641 1065 2723 fuisse,
1098 2663 1294 2730 quam
1327 2657 1640 2729 patronus
1673 2641 1812 2730 ipse
1861 2639 2234 2722 damnabat,
2267 2641 2326 2704 si
2343 2641 2447 2723 ju·

314 2759 478 2808 stam
494 2790 513 2825 ,
542 2744 893 2836 legitimam
910 2749 1380 2835 ,usitatamque
1391 2746 1772 2812 habuissent
1791 2746 1944 2835 .)ςυί
1979 2767 2182 2835 porro
2209 2745 2448 2811 habere

316 2857 615 2938 poterant
629 2899 650 2932 ,
685 2873 893 2940 quum
920 2851 1094 2918 bello
1108 2851 1552 2918 Mithridatico
1577 2853 1894 2916 exstincto
1908 2900 1928 2934 ,
1949 2873 2350 2940 reversoque
2371 2849 2446 2916 ad

312 2956 719 3046 triumphum
744 2959 1089 3047 Pompeio,
1105 2959 1272 3024 Asiae
1290 2957 1619 3048 vectigalia
1649 2956 2128 3022 conduxerint?
2159 2959 2334 3023 Nam
2353 2959 2442 3022 lo·

316 3063 483 3127 catio
505 3063 673 3128 facta
692 3064 924 3130 eodem
954 3085 1131 3130 anno
1156 3065 1305 3144 fuit,
1339 3085 1473 3153 quo
1498 3064 1867 3154 postulatio,
1895 3063 2060 3151 692,
2085 3061 2272 3152 quod
2299 3079 2442 3128 ante

314 3189 437 3250 me¹
461 3168 727 3258 Pighius
753 3171 985 3235 Annal.
1027 3185 1075 3234 t.
1104 3170 1236 3254 111,
1268 3193 1334 3258 p.
1375 3169 1526 3257 337,
1558 3191 1637 3234 ex
1661 3169 1854 3234 Tullii
1889 3170 2263 3234 narratione
2305 3191 2444 3234 con·

314 3274 497 3360 sequi
530 3289 661 3338 tam
697 3289 948 3340 certum
976 3275 1240 3358 habuit,
1278 3289 1356 3339 ut
1385 3275 1526 3356 ejus
1555 3276 1650 3339 rei
1682 3297 1874 3340 causa
1901 3293 2205 3340 censores
2238 3295 2440 3340 novos

310 3379 378 3440 in
402 3377 586 3443 illum
610 3403 858 3446 annum
888 3381 1215 3447 induxerit
1235 3431 1254 3465 ,
1286 3402 1573 3469 quorum
1607 3382 1874 3446 nomina
1901 3381 2305 3471 ignoremus.
2333 3383 2439 3445 At·

306 3487 419 3574 qui
452 3503 714 3552 necesse
738 3511 873 3553 non
905 3505 1061 3554 erat.
1091 3489 1158 3554 Si
1182 3490 1423 3556 etenim
1451 3490 1731 3554 lustrum
1771 3505 2032 3579 postero
2063 3510 2243 3553 anno
2283 3509 2438 3552 con-

308 3589 523 3656 ditum
557 3613 632 3657 ex
661 3593 693 3656 Ι
719 3591 801 3658 ad
835 3594 1028 3659 Attic.
1074 3593 1175 3678 18,
1205 3595 1638 3677 observasset,
1693 3595 2077 3660 locationem
2095 3641 2114 3675 ,
2153 3594 2227 3657 in
2261 3617 2440 3683 quar-

308 3707 449 3755 tum
484 3694 695 3758 Cottae
712 3742 731 3776 ,
780 3709 847 3758 et
900 3695 1167 3760 Isaurici
1208 3717 1556 3760 censorum
1588 3715 1837 3760 annum
1871 3692 2162 3759 incidere
2190 3715 2436 3783 perspe

306 3795 517 3874 xisset,
547 3798 925 3888 bellumque
948 3800 1113 3865 illud
1133 3799 1604 3890 impedimento
1625 3801 1846 3884 fuisse,
1875 3801 2232 3890 quominus
2257 3813 2434 3864 antea

306 3897 505 3963 fieret.
536 3903 951 3993 Quamquam
972 3953 990 3987 ,
1031 3906 1283 3972 etiamsi
1322 3929 1497 3972 anno
1540 3909 1875 3997 superiore
1917 3906 2192 3972 fecerint
2208 3955 2228 3991 ,
2255 3905 2430 3978 ‚nihil

312 4015 409 4063 ost
448 4023 683 4090 causei,
742 4029 861 4074 cur
900 4011 983 4076 de
1019 4015 1340 4080 sententia
1379 4011 1858 4079 demoveamur.
1907 4011 2034 4078 Sed
2077 4027 2254 4077 certe
2303 4033 2428 4075 non
2557 4017 2559 4073 1
