2594 4537
361 340 404 382 x
1152 314 1707 383 PRAEFATIO

359 430 612 519 Quum
649 426 840 499 enim
895 424 1433 523 deperditarum
1483 430 1852 499 Ciceronis
1890 432 2303 501 orationum
2354 428 2499 502 fra-

297 576 300 581 -
355 538 648 625 gmenta
699 524 1078 623 complura
1129 525 1204 595 in
1261 524 1740 597 Ambrosiana
1785 523 2182 599 Mediolani
2232 524 2493 600 biblio-

355 624 568 696 theca
594 620 856 722 perdiu
883 620 1335 695 delituissent
1352 677 1372 710 ,
1412 625 1683 694 exstitit
1707 625 1819 695 vir
1852 625 2328 715 acutissimuS,
2362 630 2501 698 An-

401 722 556 795 elus
591 722 862 811 MaiuS,
901 722 1029 819 qui
1065 717 1308 792 abdita
1348 721 1427 791 in
1481 723 1799 819 antiquis
1848 720 2327 821 palimpsestis
2366 748 2499 795 co-

351 748 672 907 dicibuS,
709 817 1012 916 aliisque
1052 820 1407 916 impositis
1445 818 1963 917 scriptionibus
2005 818 2271 892 obruta
2313 822 2501 893 mira

351 932 504 990 arte
561 932 635 989 et
683 915 1058 1014 diligentia
1107 930 1434 1007 erueret,
1487 930 1561 988 et
1620 919 1698 989 in
1753 941 2221 991 communem
2277 942 2494 990 usum

403 1013 730 1088 referret.
787 1018 1026 1106 Quem
1081 1018 1373 1086 inventa
1436 1037 1564 1085 sua
1632 1029 2045 1087 narrantem
2116 1014 2499 1089 audiamus

348 1114 550 1187 icet:
592 1114 1010 1186 «scrutanti
1043 1110 1221 1183 mihi
1266 1109 1758 1184 Ambrosianae
1793 1110 2259 1188 bibliothecae
2286 1112 2495 1186 foru-

347 1210 455 1283 los
531 1212 1114 1312 antiquissimum
1194 1208 1519 1282 codicem
1583 1211 1984 1283 occurrisse
2048 1214 2202 1302 aio,
2272 1236 2495 1309 quem
2588 1282 2590 1287 .

345 1334 576 1408 quum
617 1309 1064 1407 diligentius,
1095 1321 1313 1379 tantae
1348 1308 1724 1379 vetustatis
1752 1323 2047 1407 aspectu
2084 1309 2499 1408 perculsuS,

345 1406 914 1497 considerarem,
953 1408 1144 1478 sensi
1194 1408 1529 1504 protinus
1577 1428 1733 1478 esse
1785 1430 2018 1477 unum
2074 1432 2166 1478 ex
2216 1408 2304 1478 iis
2364 1413 2499 1504 qui

343 1504 792 1604 palimpsesti
834 1518 1213 1576 vocantur.
1251 1507 1490 1601 Atque
1524 1500 1645 1574 hic
1689 1505 2049 1603 originem
2082 1507 2266 1576 tanti
2304 1504 2497 1577 codi-

343 1606 444 1675 cis
485 1604 696 1675 altius
741 1616 1072 1701 repetere
1108 1626 1260 1673 non
1310 1602 1676 1700 ingratum
1725 1600 1885 1675 fore
1933 1601 2329 1676 lectoribus
2373 1627 2497 1674 ar-

341 1700 598 1773 bitror.
645 1701 1302 1798 lnter'Apenninos
1343 1715 1630 1771 montes
1665 1700 1740 1770 in
1788 1701 2075 1798 Liguria
2109 1700 2203 1772 ad
2245 1699 2493 1771 locum

339 1802 468 1897 qui
497 1797 808 1871 Bobium
837 1802 1051 1870 etiam
1074 1798 1478 1896 antiquitus
1502 1812 1971 1896 nuncupatus
1992 1796 2249 1887 fertur,
2278 1796 2495 1870 divus

339 1894 842 1968 Columbanus
879 1921 1077 1968 anno
1111 1911 1282 1994 post
1312 1894 1681 1968 Christum
1732 1909 1986 1968 natum
2033 1896 2175 1967 612
2229 1910 2493 1968 mona-

338 1994 650 2089 chorum
703 1993 1098 2067 claustrum
1153 1992 1504 2066 fundavit.
1569 1998 1671 2065 Ea
1736 2018 1957 2092 porro
2012 1991 2279 2064 familia
2333 2019 2491 2065 non
2588 2064 2590 2067 Α

335 2118 626 2166 morum
671 2090 1186 2167 tantummodo
1231 2092 1743 2182 sanctimonia,
1775 2115 2025 2163 verum
2072 2091 2287 2163 etiam
2321 2090 2488 2163 lite-

333 2216 580 2264 rarum
615 2194 1232 2289 scientiarumque
1269 2187 1514 2261 studio
1534 2244 1553 2279 ,
1600 2203 1957 2288 quantum
1997 2203 2327 2288 tempora
2365 2214 2492 2288 pa-

333 2287 728 2378 tiebantur,
770 2291 1070 2388 insignis
1121 2290 1347 2362 evasit
1388 2287 1516 2385 (1).
1554 2291 1639 2359 Ei
1687 2286 2031 2361 coenobio
2077 2286 2489 2385 studiisque

330 2389 744 2460 monasticis
816 2386 1104 2486 praefuit
1175 2385 1440 2459 saeculo
1510 2400 1679 2484 post
1751 2383 2122 2457 Christum
2196 2385 2489 2458 decimo

328 2483 729 2558 Gerbertus
779 2486 1065 2573 Gallus,
1106 2485 1238 2583 qui
1282 2480 1547 2555 deinde
1592 2507 1970 2555 romanam
2023 2484 2270 2556 sedem
2316 2507 2487 2554 cum
2589 2533 2590 2536 ,

326 2582 646 2656 Silvestri
725 2587 796 2654 ΙΙ
873 2588 1172 2654 nomine
1254 2582 1495 2652 tenuit
1530 2635 1550 2668 ,
1622 2582 1730 2651 vir
1810 2579 2267 2682 temporibus
2333 2583 2489 2654 suis

327 2682 539 2778 plane
577 2682 936 2779 superior,
974 2679 1524 2769 mathematicae,
1550 2677 1953 2767 rhetoricae,
1982 2677 2297 2766 musicoe,
2328 2703 2487 2750 me-

321 2779 615 2868 diciuae,
653 2781 1132 2875 omniumque
1175 2800 1381 2876 paene
1424 2775 1964 2875 disciplinarum
2008 2777 2487 2875 prudentissi-

319 2901 484 2948 mus
519 2877 960 2975 (2)..Quum
1011 2877 1230 2973 igitur
1284 2872 1466 2946 illud
1518 2877 2043 2947 monasterium
2094 2878 2175 2946 in
2222 2872 2486 2946 mediis

325 2976 674 3048 Italorum
723 2972 1042 3047 tenebris
1095 2972 1337 3070 aliqua
1387 2972 1764 3045 literarum
1807 2973 1973 3045 luce
2023 2972 2485 3045 collustrare-

318 3087 461 3162 tur,
505 3071 866 3144 librorum
903 3069 1350 3168 supellectile
1388 3094 1633 3142 carere
1666 3095 1818 3142 non
1848 3075 2113 3168 potuit.
2158 3068 2481 3142 Bobien-

315 3173 408 3243 sis
473 3169 933 3243 bibliothecae
1000 3167 1414 3266 catalogum
1474 3167 1737 3240 saeculo
1808 3166 2118 3240 fortasse
2186 3167 2481 3239 decimo

316 3274 670 3368 scriptum
703 3267 1118 3340 Ludovicus
1143 3269 1587 3339 Muratorius
1614 3264 1892 3363 publici
1913 3267 2101 3360 juris
2127 3263 2299 3337 iecit
2329 3264 2435 3359 (3)
2454 3293 2475 3336 t

319 3369 392 3437 in
429 3391 582 3464 quo
615 3365 810 3438 bene
848 3365 1072 3462 longo
1116 3363 1359 3436 indice
1404 3389 1559 3435 non
1604 3364 1711 3437 rei
1748 3386 1964 3436 sacrae
2005 3365 2247 3435 solum
2290 3364 2478 3434 scri-

314 3478 563 3563 ptores
583 3519 603 3554 ,
657 3487 916 3534 verum
957 3463 1176 3534 etiam
1219 3463 1763 3560 grammaticos,
1824 3459 2213 3533 historicos
2237 3515 2257 3548 ‚
2304 3484 2472 3532 ora·

314 3578 540 3649 torm,
576 3573 831 3659 poetas
852 3614 872 3648 ,
911 3574 984 3632 et
1016 3557 1314 3658 reliquae
1359 3558 1685 3659 profanae
1720 3558 2107 3631 literaturae
2134 3571 2476 3631 auctores

313 3685 465 3733 non
515 3682 788 3758 paucos
831 3656 1361 3757 deprehendes.
1419 3662 1577 3728 Jam
1623 3681 1795 3729 vero
1844 3657 2149 3728 ineunte
2192 3654 2463 3728 saeculo

312 3757 600 3830 decImo
637 3758 984 3854 septimo,
1038 3780 1272 3853 quum
1328 3752 1711 3827 Federicus
1767 3753 2163 3826 cardinalis
2217 3759 2471 3826 Borro-

379 3933 460 4000 (ι)
505 3931 864 3996 Tiraboaecus,
887 3933 1050 3982 scoria
1081 3934 1216 3983 della
1235 3933 1335 3981 leet.
1357 3933 1468 3983 ital.
1484 3927 1608 3983 edit.
1624 3928 1817 3983 Mutia.
1848 3931 1982 4001 1787
2000 3971 2015 3996 ,
2042 3941 2077 3982 t.
2096 3929 2228 3994 ΠΙ,.
2261 3929 2376 3984 131.

379 4007 457 4073 (a)
493 4001 656 4056 Idem
681 4001 870 4056 eodem
896 4013 1077 4066 tomo,
1113 4019 1234 4074 pag.
1269 4002 1390 4054 261.

381 4077 456 4148 (3)
497 4076 761 4148 Antiquit.
785 4073 899 4128 Ital.
923 4071 1068 4127 'med-
1095 4087 1191 4128 sev.
1227 4083 1356 4126 tom.
1382 4071 1499 4138 ΙΙΙ,
1536 4069 1739 4126 dissert.
1762 4073 1862 4138 43,
1890 4091 2008 4146 pag.
2037 4071 2159 4154 8r8.
