2594 4537
412 327 705 396 ORAT.
755 329 895 396 DE
943 329 1385 398 HARUSP.
1443 325 2045 398 RESPONSIS.
2161 323 2305 418 489

167 462 398 518 tatum
446 463 592 538 est,
639 462 754 535 ut,
807 447 1010 546 quod
1057 447 1280 521 frater
1322 449 1614 538 consul,
1660 471 1755 518 ne
1798 443 2040 534 fieret,
2078 443 2304 522 obsti-

169 571 386 644 terat,
415 556 616 653 quod
641 555 872 628 affinis
900 574 970 628 et
995 557 1255 629 sodalis
1271 611 1292 646 ,
1316 561 1423 630 vir
1449 558 1882 631 clarissimus
1899 610 1918 643 ,
1946 558 2071 652 qui
2096 553 2303 625 illum

165 691 376 738 reum
429 691 584 737 non
631 666 980 756 laudarat,
1026 669 1467 758 excluserat,
1526 669 1600 741 id
1652 672 1712 740 is
1761 665 2093 738 consulu
2152 661 2306 736 effi·-
2387 743 2399 753 .

165 791 368 849 ceret
409 778 486 848 in
523 775 898 848 discordiis
935 780 1385 877 principum,
1421 781 1553 877 qui
1590 779 1697 852 illi
1728 801 1923 848 uuus
1960 775 2303 845 inimicis-

165 887 394 958 simus
428 912 582 959 esse
622 886 1008 974 debuerat,
1049 903 1121 959 et
1157 913 1246 960 eo
1284 888 1537 962 fecisse
1570 904 1865 961 auctore
1894 909 1969 957 se
1996 885 2302 972 diceret,

163 999 382 1093 cujus
411 1000 866 1069 'auctoritatis
907 1001 1270 1070 neminem
1324 1015 1567 1099 posset
1612 1001 1989 1098 poenitere.
2032 995 2301 1090 lnjecta

163 1121 284 1178 est
317 1105 436 1179 fax
480 1105 673 1179 foeda
707 1133 790 1180 ac
823 1107 1151 1180 luctuosa
1186 1109 1619 1208 reipublicae.
1663 1111 1891 1180 Petita
1928 1121 2034 1177 est
2068 1119 2306 1177 aucto-

163 1221 344 1289 ritas
381 1233 614 1290 vestra
634 1273 654 1308 ,
686 1221 992 1315 gravitas
1027 1219 1631 1318 amplissimorum
1664 1218 2001 1292 ordinum
2026 1227 2113 1302 ¹²,
2140 1211 2306 1287 coii-

163 1329 410 1400 sensio
451 1327 820 1400 bonorum
853 1331 1219 1418 omnium,
1253 1345 1453 1402 totus
1490 1329 1807 1428 denique
1834 1328 2137 1398 civitatis
2160 1339 2304 1396 sta-

163 1453 308 1510 tus.
370 1443 536 1510 Haec
593 1442 788 1510 enim
850 1456 1047 1512 certe
1111 1439 1555 1538 petebantur
1588 1438 1673 1530 ¹³,
1730 1461 1957 1536 quum
2018 1437 2094 1505 in
2142 1459 2259 1505 me
2286 1489 2307 1522 ,

161 1551 616 1646 cognitorem
658 1549 912 1620 harum
957 1552 1284 1620 omnium
1336 1575 1580 1622 rerum
1607 1605 1627 1638 ,
1664 1548 1785 1620 illa
1826 1547 2113 1618 flamma
2153 1545 2307 1615 illo-

159 1683 336 1730 rum
381 1672 792 1756 temporum
839 1659 1381 1755 conjiciebatur.
1418 1656 1735 1759 Excepi,
1787 1673 1861 1729 et
1907 1680 2040 1754 pro
2080 1658 2309 1753 patria

162 1768 370 1840 solus
419 1773 650 1839 exarsi
682 1795 699 1838 :
745 1771 850 1840 sic
887 1784 1132 1841 tamen
1160 1823 1181 1858 ,
1223 1784 1309 1840 ut
1348 1794 1520 1858 voS,
1562 1769 1817 1841 iisdem
1850 1764 2139 1864 ignibus
2174 1765 2309 1835 cir-

161 1881 566 1978 cumsepti,
607 1903 725 1950 me
755 1881 1074 1978 primum
1109 1883 1337 1952 ictum
1374 1905 1511 1979 pro
1553 1878 1762 1952 vobis
1800 1894 1875 1952 et
1907 1875 2309 1949 fumantem

162 1989 530 2061 videretis.
1662 1999 1677 2016 ⁸

267 2103 494 2170 XXII.
522 2103 689 2173 Non
723 2097 1166 2173 sedabantur
1190 2098 1605 2172 discordiae:
1630 2096 1758 2170 sed
1796 2097 2007 2168 etiam
2044 2117 2310 2166 cresce-

163 2210 303 2283 bat
330 2211 408 2280 in
435 2234 560 2283 eos
596 2209 888 2301 odium,
920 2236 961 2283 a
987 2210 1260 2310 quibus
1300 2235 1435 2283 nos
1473 2206 1767 2282 defendi
1790 2217 1812 2250 ¹
1847 2203 2304 2305 putabamur.

165 2324 394 2408 Ecce,
439 2321 694 2393 iisdem
740 2322 1193 2413 auctoribus,
1234 2323 1579 2421 Pompeio
1614 2320 1983 2419 principe,
2021 2320 2146 2414 qui
2184 2340 2307 2387 cu-

164 2431 494 2528 pientem
541 2431 860 2521 Italiam,
907 2432 1264 2533 populum
1318 2455 1703 2504 romanum
1740 2426 2263 2502 desiderantem
2290 2480 2310 2515 ,

166 2540 577 2637 flagitantes
617 2567 747 2614 vos
769 2598 788 2631 ,
826 2566 978 2615 non
1015 2546 1441 2616 auctoritate
1473 2568 1601 2615 sua
1634 2540 1867 2613 solum
1889 2594 1908 2629 ,
1942 2537 2067 2613 sed
2100 2539 2313 2609 etiam

167 2648 512 2748 precibus
541 2651 632 2723 ad
670 2678 904 2725 meam
945 2653 1246 2725 salutem
1283 2654 1656 2741 excitavit,
1687 2652 1999 2723 restituti
2036 2673 2306 2721 sumus.

168 2761 281 2830 Sit
325 2757 845 2833 discordiarum
881 2760 1046 2833 finis
1086 2763 1521 2860 aliquand03
1559 2788 1599 2833 a
1641 2761 2002 2833 diuturnis
2034 2758 2313 2831 dissen-

168 2868 503 2942 sionibus
540 2875 1159 2969 conquiescamus.
1205 2876 1375 2945 Non
1415 2874 1584 2945 sinit
1620 2871 1871 2944 eadem
1910 2872 2044 2942 ista
2080 2868 2313 2956 labes;

169 3002 296 3049 eas
331 2978 554 3051 habet
586 2982 976 3053 conciones
1000 3036 1019 3071 ,
1063 3008 1147 3054 ea
1175 2986 1426 3055 miscet
1451 3008 1533 3054 ac
1558 2980 1805 3053 turbat
1824 3034 1844 3069 ,
1880 2994 1963 3051 ut
1990 3002 2065 3050 se
2098 2978 2317 3049 modo

168 3086 443 3159 vendat
493 3088 605 3161 his
625 3100 684 3179 ²,
735 3090 956 3163 modo
1008 3092 1196 3165 illis:
1248 3118 1383 3165 nec
1420 3106 1661 3163 tamen
1705 3093 1843 3178 ita,
1881 3104 1961 3160 ut
2007 3112 2083 3159 se
2119 3091 2316 3187 quis-

171 3222 399 3295 quam
423 3252 444 3287 ,
481 3201 542 3269 si
572 3196 664 3271 ab
701 3200 840 3275 isto
875 3200 1208 3275 laudatus
1241 3203 1370 3293 sit,
1409 3199 1881 3275 laudatiorem
1914 3212 2160 3297 putet3
2191 3198 2319 3271 sed

255 3418 278 3451 1
295 3418 340 3452 ι.
375 3406 428 3451 Is
457 3405 647 3453 consul.
681 3406 842 3456 Cam
861 3441 878 3467 ,
916 3408 1004 3473 qui
1041 3418 1206 3457 tamen
1293 3426 1390 3475 que
1415 3425 1442 3456 a
1465 3408 1633 3458 Tullio
1652 3408 1769 3467 dici,
1799 3419 1945 3473 atque
1972 3407 2039 3456 ita
2066 3418 2315 3469 uenatum,

172 3482 224 3532 ei
249 3492 456 3549 propter
493 3484 664 3533 uxoris
705 3498 930 3551 stuprum
968 3489 1020 3535 in
1055 3488 1208 3537 Bona
1294 3490 1510 3554 equites,
1538 3488 1762 3537 tribunos
1788 3489 1986 3537 aerarios
2013 3488 2325 3552 comprehen-

171 3566 300 3613 Dee
325 3562 474 3610 neeri·
512 3564 756 3613 detectum
792 3566 866 3615 vel
896 3568 1106 3615 maxime
1131 3568 1208 3614 in·
1297 3568 1375 3625 di,
1394 3568 1610 3616 ostendit
1646 3567 1891 3615 verissime
1922 3568 2078 3614 Gron.
2112 3565 2173 3613 nd
2195 3566 2320 3615 Gen.

175 3643 334 3689 fectus
357 3658 460 3690 eno
485 3642 772 3706 debuisset,
809 3654 860 3693 et
888 3646 1007 3709 qui,
1055 3662 1208 3711 quum
1297 3648 1389 3707 lv,
1412 3662 1457 3707 ι,
1485 3648 1626 3708 euius
1648 3656 1946 3695 contractam
1974 3656 2142 3693 notam
2174 3644 2323 3694 dede-

175 3721 486 3785 perfecisset,
510 3722 778 3771 excusandi
795 3726 870 3771 sui
887 3741 1048 3785 caan,
1063 3727 1209 3773 Pom·
1299 3736 1417 3773 runt
1437 3727 1599 3775 Graev.
1616 3736 1667 3774 et
1684 3725 1853 3774 Burm.
1874 3724 1935 3772 nd
1956 3726 2091 3773 Suet.
2110 3724 2147 3773 l.
2170 3740 2214 3772 c.

175 3801 300 3864 pelo
336 3816 388 3848 ae
424 3812 624 3850 auctore
655 3818 794 3851 usum
830 3802 1090 3854 simulavit.
1131 3804 1210 3855 ct.
1376 3805 1457 3853 13.
1495 3803 1597 3853 Alii
1615 3838 1632 3866 ‚
1656 3805 1929 3869 petebatur.
1958 3802 2010 3849 J.
2023 3803 2086 3849 V.
2112 3806 2168 3851 L.

179 3880 337 3926 Dion.
362 3881 640 3939 xxxvn,
673 3882 756 3933 51.
1368 3884 1538 3931 xxn.
1571 3900 1619 3933 1.
1650 3883 1756 3932 Nos
1795 3880 2007 3949 defindc‘.
2046 3878 2204 3942 Olim,
2234 3900 2324 3931 nos

263 3974 282 4005 z
297 3974 344 4007 2.
371 3960 604 4009 Gravitas
634 3961 1038 4027 ampliue'momm
1072 3962 1208 4011 ordi·
1300 3960 1504 4029 defensi.
1530 3966 1563 4013 J
1566 3998 1581 4013 .
1596 3965 1656 4012 V.
1680 3966 1737 4011 1..
1936 3958 1939 3961 ’

183 4052 325 4087 num.
357 4038 692 4102 Amplissimos
726 4041 926 4091 ordines
941 4042 1058 4091 alibi
1079 4060 1210 4109 quo·
1372 4059 1401 4091 α
1414 4075 1427 4094 .
1456 4043 1539 4093 Al.
1560 4054 1615 4093 ut
1633 4040 1779 4093 modo
1794 4041 1987 4093 vendat
2007 4039 2117 4090 illis.
2136 4042 2167 4089 J
2172 4042 2250 4089 Ν.
2274 4043 2329 4092 1..
