2594 4537
307 269 446 344 336
971 264 1768 338 ARGUMENTUM.

457 397 752 454 Summam
781 388 905 468 ejus
928 388 1206 467 persequi
1230 386 1468 447 difficile
1494 400 1584 447 est
1608 403 1853 467 propter
1878 386 2085 446 miram
2098 386 2463 447 varietatem

379 510 578 552 rerum
594 533 613 564 ,
637 506 768 567 quae
794 485 856 544 in
885 504 956 543 ea
978 484 1317 565 perplexius
1352 486 1609 545 confusae
1633 499 1797 559 sunt3
1833 484 1943 543 etsi
1978 484 2276 563 pleraeque
2306 484 2463 544 illuc

379 588 672 669 pertinent
685 631 704 659 ‚
729 596 795 641 ut
822 582 1180 641 consecratio
1197 580 1313 640 ista
1330 581 1463 659 jure
1484 594 1547 641 et
1574 581 1683 641 rite
1707 581 1859 639 faeta
1886 599 2014 641 esse
2030 593 2295 661 negetur.
2325 582 2457 642 Sed

381 706 476 745 res
502 683 577 743 ad
607 692 828 760 septem
855 692 1050 760 partes
1085 678 1208 739 fere
1245 677 1323 737 ab
1360 684 1559 759 Intpp.
1595 677 1943 757 rediguntur.
1956 722 1976 751 ‚
2016 698 2163 757 quas
2188 680 2457 739 Manutii

381 785 576 863 potius
602 798 776 859 quam
797 776 1011 836 nostris
1037 774 1236 835 verbis
1260 794 1605 855 percensere
1634 776 1844 854 placet.
1870 774 2059 855 Igitur
2084 777 2275 855 prima
2304 796 2457 855 pars

382 876 696 957 respondet
721 872 927 937 Clodio
943 916 961 947 ,
980 872 1082 951 qui
1098 872 1259 951 apud
1279 872 1585 951 pontifices
1600 892 1671 931 ea
1689 872 2125 951 vituperaverat
2138 914 2156 943 ,
2184 893 2314 953 que
2336 892 2461 952 per

378 975 508 1034 illos
539 972 662 1033 dies
689 971 892 1031 Cicero
918 969 981 1029 in
997 982 1200 1029 senatu
1222 968 1299 1029 de
1331 968 1631 1050 republica
1647 1011 1665 1042 ,
1690 967 1753 1026 id
1781 981 1904 1043 est,
1930 968 2007 1027 de
2032 973 2139 1028 Cn.
2158 970 2457 1049 Pompeio

387 1070 472 1129 rei
495 1066 882 1129 frumentariae
905 1064 1278 1147 praeficiendo
1293 1106 1312 1135 ,
1338 1067 1624 1125 sensisset.
1652 1063 1921 1125 Secunda
1947 1063 2023 1124 de
2044 1065 2179 1145 jure
2204 1064 2459 1145 publico

386 1167 534 1245 agit,
563 1165 626 1224 in
671 1183 853 1245 eaque
884 1161 1240 1236 ostenditur,
1280 1158 1507 1240 legibus
1552 1160 1664 1233 iis,
1708 1159 1926 1241 quibus
1961 1180 2208 1221 romana
2245 1162 2463 1222 civitas

385 1276 610 1337 utatur,
636 1280 757 1321 non
782 1280 952 1340 posse
973 1276 1326 1339 quemquam
1352 1258 1537 1319 civem
1556 1277 1665 1337 per
1688 1258 1811 1319 vim
1832 1258 1983 1339 ejici,
2008 1272 2111 1318 aut
2128 1258 2463 1339 quidquam

389 1362 446 1419 in
477 1372 653 1439 caput
678 1372 739 1417 et
763 1356 922 1417 bona
946 1356 1288 1435 cujusquam
1314 1355 1491 1415 statui
1514 1356 1639 1415 sine
1650 1355 1875 1435 judicio
1901 1369 2133 1415 senatus
2148 1398 2166 1427 ,
2206 1368 2311 1416 aut
2337 1374 2487 1436 po·-

385 1458 530 1536 puli,
557 1470 660 1517 aut
682 1475 912 1528 eorum,
936 1454 1040 1533 qui
1061 1451 1138 1512 de
1160 1472 1393 1533 quaque
1416 1472 1483 1511 re
1506 1452 1806 1513 constituti
1830 1453 1949 1512 sint
1968 1452 2221 1532 judices.
2250 1458 2321 1513 In
2350 1472 2461 1513 ea—

387 1556 523 1615 dem
559 1554 889 1613 afferuntur
929 1551 1185 1610 rationes
1209 1592 1228 1623 ,
1275 1570 1385 1609 cur
1418 1548 1749 1609 tribunatus
1780 1550 1976 1611 Clodii
2002 1550 2203 1611 nullus
2240 1550 2459 1624 fuerit,

390 1650 710 1731 adoptione
737 1648 861 1728 ejus
893 1660 1098 1708 contra
1115 1647 1212 1726 jus
1238 1660 1301 1707 et
1324 1646 1409 1707 fas
1433 1647 1805 1709 tumultuarie
1841 1647 2013 1707 facta.
2050 1647 2251 1709 Tertia
2278 1666 2457 1727 pars,

391 1748 484 1807 vel
515 1746 564 1809 si
595 1746 862 1807 tribunus
887 1746 968 1825 pl.
994 1759 1052 1804 et
1077 1764 1187 1826 per
1213 1744 1493 1825 auspicia,
1522 1757 1581 1805 et
1603 1764 1712 1824 per
1732 1745 1889 1825 leges
1915 1745 2159 1807 Clodius
2180 1765 2304 1805 esse
2334 1766 2461 1825 po-

393 1844 572 1904 tuerit
587 1887 610 1915 ‚
665 1843 719 1902 ei
761 1854 955 1917 tamen
995 1841 1183 1921 legem
1220 1840 1567 1902 nominatim
1610 1841 1686 1901 de
1726 1842 1918 1921 capite
1956 1842 2099 1901 civis
2137 1842 2461 1903 indemnati

393 1943 548 2003 ferre
579 1961 700 2002 non
727 1940 960 2001 licuisse
976 1984 996 2013 ‚
1028 1939 1425 2001 demonstrat:
1457 1939 1521 2000 id
1552 1940 1708 2001 enim
1738 1940 2112 2021 privilegium
2136 1955 2255 2016 est,
2294 1941 2461 2021 quod

393 2040 535 2100 ferri
561 2052 800 2099 sacratae
822 2040 978 2120 leges
998 2051 1060 2099 et
1086 2042 1210 2099 XII
1228 2037 1443 2099 tabulae
1458 2051 1679 2099 vetant.
1700 2042 1908 2118 Neque
1928 2057 2077 2097 vero
2100 2050 2321 2098 tantum
2343 2038 2465 2097 hoc

391 2150 597 2197 contra
623 2138 808 2217 leges,
851 2135 954 2196 sed
981 2135 1128 2196 illud
1155 2136 1331 2196 etiam
1347 2177 1365 2206 ,
1403 2134 1565 2215 quod
1596 2134 1672 2195 de
1699 2133 1825 2214 ejus
1859 2136 2051 2216 capite
2093 2135 2465 2213 fortunisque

391 2233 697 2308 omnibus,
741 2233 844 2315 qui
865 2253 1059 2313 neque
1085 2231 1288 2294 adesse
1311 2230 1387 2293 sit
1402 2230 1629 2310 jussus,
1673 2252 1866 2312 neque
1891 2246 2193 2294 accusatus
2213 2276 2232 2308 ,
2274 2232 2463 2312 legem

394 2332 556 2392 illam
573 2330 816 2391 Clodius
837 2329 1051 2388 tulerit.
1073 2330 1230 2404 Quin
1259 2329 1435 2387 etiam
1461 2329 1672 2388 vitiosa
1690 2341 1828 2388 sunt
1851 2328 2035 2390 verba
2058 2329 2219 2409 legis,
2237 2329 2463 2410 quippe

393 2429 554 2488 haec:
586 2425 868 2500 -velitis,
903 2424 1190 2504 jubeatis,
1223 2439 1289 2484 ut
1320 2427 1405 2484 M.
1432 2425 1628 2487 Tullio
1667 2444 1820 2506 aqua
1848 2438 1911 2486 et
1940 2427 2061 2508 igni
2087 2425 2465 2486 interdictum

395 2527 473 2584 sit
485 2553 508 2576 n
528 2547 543 2582 :
561 2542 712 2598 non,
736 2521 899 2602 quod
915 2521 1252 2602 ponendum
1266 2533 1425 2595 erat,
1443 2521 1916 2587 «interdicatur».
1936 2527 2029 2583 Ita
2048 2521 2355 2604 peccatum
2378 2535 2469 2582 est

395 2622 458 2680 in
493 2623 682 2680 forma
700 2618 843 2699 legis
868 2641 882 2676 ε
913 2618 1057 2697 quid
1085 2619 1148 2678 in
1169 2618 1300 2699 ipsa
1323 2619 1607 2680 veritate?
1632 2625 1767 2682 Non
1794 2619 1986 2682 minus
2012 2642 2028 2680 :
2056 2620 2352 2700 objectum
2380 2633 2467 2680 est

398 2715 554 2777 enim
589 2716 897 2791 Ciceroni,
947 2742 971 2766 ι
994 2716 1202 2776 falsum
1237 2721 1296 2778 S.
1323 2718 1387 2777 C.
1419 2716 1496 2776 ab
1523 2737 1596 2776 eo
1620 2717 1871 2778 relatum
1894 2737 2021 2779 esse
2038 2741 2098 2793 »3
2140 2718 2295 2777 hanc
2320 2735 2467 2776 vero

403 2813 596 2873 fictam
639 2810 1103 2872 eriininationem
1133 2829 1259 2870 esse
1272 2855 1290 2885 ‚
1334 2825 1567 2872 senatus
1596 2817 1752 2892 ipse,
1797 2833 1981 2892 quum
2018 2831 2153 2872 eum
2178 2812 2431 2872 restitnit
2446 2855 2466 2884 ,

393 2908 695 2988 judicavit.
736 2912 960 2983 Quarta
991 2926 1129 2987 pars
1159 2905 1533 2968 maledictum
1559 2908 1779 2984 Clodii,
1825 2907 2086 2970 exsulem
2126 2909 2465 2969 Ciceronem

402 3007 780 3089 appellantis,
828 3006 1044 3066 refellit
1079 3003 1309 3066 duabus
1336 3007 1557 3084 causis,
1602 3010 1700 3069 vel
1738 3008 1900 3088 quod
1937 3029 2010 3072 ex
2051 3021 2294 3090 peccato
2314 3051 2331 3080 ‚
2372 3009 2465 3068 vel

401 3104 561 3186 quod
583 3124 658 3163 ex
674 3101 1045 3162 damnatione
1072 3101 1352 3162 subeatur
1369 3104 1583 3164 exsulis
1603 3123 1837 3164 nomen.
1848 3107 2121 3166 Peccasse
2141 3125 2253 3180 me,
2261 3105 2463 3184 inquit,

402 3213 616 3282 negant
636 3219 872 3273 omnes3
923 3198 1142 3279 optime
1184 3198 1260 3259 de
1295 3201 1489 3279 patria
1529 3202 1801 3262 meritum
1820 3245 1839 3276 ,
1871 3215 2141 3276 senatus,
2186 3203 2465 3281 equam-is

409 3299 630 3358 ordinis
643 3341 660 3371 ,
683 3295 1006 3356 scribarum
1023 3339 1042 3371 ,
1071 3296 1261 3377 plebis
1283 3296 1557 3374 urbanae,
1578 3299 2062 3379 municipiorum,
2086 3299 2465 3374 coloniarum,

411 3397 590 3455 totius
612 3395 797 3454 Italiae
822 3393 1055 3454 decreta
1092 3393 1167 3454 ad
1195 3415 1288 3456 me
1314 3395 1709 3466 revocandum
1734 3397 1885 3457 sacta
1915 3395 2232 3458 declarant.
2276 3399 2346 3456 In
2379 3397 2463 3455 fe-

407 3491 589 3552 renda
611 3505 805 3551 autem
825 3491 951 3569 lege
969 3533 987 3562 ,
1017 3512 1133 3571 qua
1159 3492 1223 3551 in
1251 3492 1553 3572 pristinam
1576 3493 1922 3572 dignitatem
1950 3494 2319 3566 restituerer,
2338 3513 2463 3574 qnae

413 3588 716 3650 celebritas
737 3588 1130 3660 comitiorum,
1155 3602 1411 3669 quantus
1427 3591 1616 3650 omnis
1634 3591 1859 3672 generis
1878 3589 2205 3663 hominum,
2220 3603 2464 3664 aetatum,

407 3688 680 3748 ordinum
705 3687 985 3767 splendor
1011 3687 1154 3747 fuit!
1185 3687 1363 3763 Quod
1386 3689 1460 3749 ad
1481 3689 1912 3750 damnationem
1928 3689 2156 3762 attinet,
2170 3691 2333 3748 exsul
2350 3709 2461 3749 non

413 3809 541 3848 sum
569 3811 584 3846 ε
635 3787 938 3848 incolumis
983 3788 1137 3848 enim
1187 3799 1247 3847 et
1294 3787 1664 3850 indemnatus
1706 3789 1974 3864 discessi3
2019 3810 2194 3852 nemo
2234 3811 2326 3850 me
2350 3791 2462 3850 ulla

415 3903 689 3965 umquam
715 3885 841 3964 lege
868 3885 1282 3964 interrogavit,
1315 3905 1489 3945 nemo
1526 3887 1877 3966 postulavit,
1904 3905 2078 3946 nemo
2106 3886 2261 3946 diem
2288 3886 2459 3946 dixit:

409 3979 732 4042 libertatem
761 4001 903 4092 vtero
933 3996 1033 4074 aut
1059 3982 1351 4044 civitatem
1378 3983 1646 4044 amittere
1674 3985 1817 4046 civis
1845 4003 2125 4045 romanus
2162 4001 2333 4043 nemo
2358 4001 2459 4062 po·
