2594 4537
581 268 967 338 ORATIO
1016 269 1214 337 PRO
1269 266 1685 336 ARCHIA.
2070 290 2203 363 109

77 404 302 461 motus
321 444 342 481 ‚
363 388 954 487 celeritatemque
971 389 1433 488 ingeniorum
1452 389 1900 487 negligemus
1915 392 1945 441 4
1962 386 1991 458 Ρ
2008 390 2201 480 Quo-

81 504 198 572 ties
225 525 362 599 ego
398 500 602 571 hunc
629 500 966 571 Archiam
993 499 1178 589 vidi,
1201 498 1480 595 judices
1509 500 1714 596 (utar
1744 498 1936 569 enim
1964 516 2197 571 vestra

79 608 506 707 benignitate
522 607 577 697 ⁵,
643 610 988 707 quoniam
1053 635 1164 681 me
1219 611 1294 681 in
1346 609 1488 681 hoc
1540 634 1734 681 novo
1784 633 2049 705 genere
2096 611 2199 682 di-

82 720 272 792 cendi
328 737 482 791 tam
533 720 914 818 diligenter
966 719 1414 815 attenditis),
1475 716 1759 817 quoties
1812 742 1945 816 ego
2002 718 2202 791 hunc

81 829 240 919 vidi,
277 855 514 928 quum
561 830 840 902 literam
893 831 1288 929 scripsisset
1330 828 1629 918 nullam,
1676 853 2021 927 magnum
2064 855 2199 900 nu-

85 964 346 1011 merum
387 940 836 1039 optimorum
879 964 1220 1012 versuum
1264 938 1353 1010 de
1390 939 1503 1011 his
1548 940 1720 1038 ipsis
1752 938 2005 1029 rebuS‚
2038 966 2199 1038 qua».

85 1065 220 1120 tum
255 1065 686 1149 agerentur,
729 1052 966 1123 dicere
1013 1076 1102 1122 ex
1139 1051 1519 1149 tempore?
1570 1052 1856 1147 quoties
1904 1075 2198 1122 revoca·

81 1160 268 1231 tum⁶
313 1161 638 1235 eamdem
683 1186 836 1234 rem
875 1162 1154 1249 dicere,
1195 1162 1658 1234 commutatis
1693 1159 1941 1231 verbis
1981 1176 2199 1258 atque

85 1274 484 1345 sententiis?
531 1276 710 1363 Quae
753 1298 928 1345 vero
967 1287 1296 1343 accurate
1334 1271 1791 1367 cogitateque
1812 1282 1838 1326 7
1879 1271 2201 1367 scripsis-

83 1395 218 1468 set,
263 1406 348 1453 ea
399 1383 502 1453 sic
550 1381 698 1453 vidi
739 1382 1077 1481 probari,
1119 1396 1204 1453 ut
1246 1380 1339 1452 ad
1384 1394 1711 1451 veterum
1765 1381 2198 1478 scriptorum

83 1489 353 1563 laudem
389 1494 874 1592 pervenirent.
911 1498 1122 1564 Hunc
1157 1516 1311 1563 non
1348 1514 1483 1590 ego
1522 1490 1855 1588 diligam?
1894 1516 2043 1569 non
2077 1490 2197 1561 ad-

83 1601 332 1674 mirer?
365 1628 520 1675 non
551 1606 754 1675 omni
784 1605 1061 1676 ratione
1094 1600 1627 1674 defendendum
1667 1600 1961 1699 putem?

167 1708 432 1811 Atqui⁸
489 1715 586 1787 sic
632 1740 674 1787 a
729 1717 1028 1787 summis
1085 1712 1508 1785 hominibus
1558 1711 2201 1809 eruditissimisque

89 1827 512 1922 accepimus,
556 1839 958 1897 ceterarum
1005 1850 1248 1897 rerum
1304 1824 1573 1911 studia,
1611 1839 1685 1893 et
1725 1824 2050 1893 doctrina
2073 1876 2092 1907 ‚
2129 1838 2203 1895 et

90 1938 440 2033 praeceptis
463 1990 486 2021 ,
520 1950 594 2007 et
628 1952 779 2009 arte
825 1936 1196 2023 constare3
1243 1949 1533 2033 poetam
1584 1949 1839 2004 natura
1881 1935 2035 2031 ipsa
2070 1958 2195 2003 va-

89 2039 218 2115 lere
239 2056 292 2133 9,
347 2060 422 2118 et
467 2048 732 2119 mentis
780 2045 1054 2117 viribus
1108 2045 1509 2131 excitarim,
1564 2058 1637 2113 et
1688 2046 1896 2140 quasi
1951 2040 2199 2113 divino

93 2154 382 2249 quodam
429 2157 692 2255 spiritu
737 2157 974 2228 inflari
997 2167 1082 2227 ¹¹.
1128 2157 1372 2247 Quare
1410 2177 1543 2224 suo
1581 2152 1747 2245 jure
1788 2167 2039 2223 noster
2081 2151 2201 2224 ille

92 2267 344 2339 Ennius
370 2281 658 2340 sanctos
683 2266 996 2367 appellat
1021 2281 1271 2366 poetas
1296 2275 1383 2352 ¹²,
1422 2259 1621 2361 quod
1660 2264 1861 2360 quasi
1895 2259 2197 2333 deorum

94 2375 312 2474 aliquo
371 2377 571 2450 dono
629 2394 848 2476 atque
904 2401 1204 2450 munere
1255 2372 1739 2446 commendati
1789 2371 2006 2444 nobis
2046 2397 2215 2458 esse⁸

93 2487 470 2562 videantur.

153 2661 198 2710 4.
231 2655 558 2722 Negifgemus.
593 2657 702 2706 Nos
738 2657 782 2704 si
819 2655 945 2704 adeo
985 2657 1086 2702 Ro·
1177 2653 1312 2700 davit
1330 2653 1493 2716 Atque
1521 2650 1593 2698 sic
1622 2667 1655 2698 a
1672 2649 1885 2698 summis.
1902 2650 2016 2699 Sine
2038 2667 2195 2699 causa.

95 2733 225 2783 seium
247 2748 448 2802 propter
474 2735 603 2784 hanc
627 2737 764 2801 qnasi
795 2746 956 2800 gestus
981 2735 1087 2782 elo·
1249 2748 1300 2795 9.
1326 2735 1528 2779 Poetam
1546 2741 1729 2778 natura
1746 2730 1855 2794 ipsa
1871 2729 2058 2778 valere.
2084 2732 2197 2778 Vim

95 2817 309 2876 que-itiam
362 2815 649 2876 dileximus3
701 2826 886 2881 quanto
937 2815 1089 2877 magis
1131 2846 1140 2866 ,
1175 2821 1337 2876 poetae
1392 2821 1561 2858 natura
1601 2809 1706 2872 ipsa
1744 2809 1912 2856 tribui.
1967 2811 2027 2855 In
2073 2809 2199 2858 hanc

97 2893 271 2944 Archias
314 2907 522 2961 propter
563 2895 747 2959 ingenii
799 2893 1086 2942 celeritatem
1177 2890 1465 2938 sententiam
1529 2888 1909 2952 pulcherrimum
1985 2887 2203 2937 Platonis

99 2971 340 3038 diligendus
363 2987 435 3024 est
449 2977 474 3023 Ρ
1175 2969 1345 3016 locum
1364 2969 1583 3016 conferre
1608 2983 1710 3014 non
1736 2966 1999 3014 absurdum
2024 2967 2197 3026 suerit,

155 3057 198 3103 5.
226 3043 392 3104 Vesim
419 3051 726 3120 bem‘gnieate.
764 3053 989 3102 Notanda
1012 3069 1090 3101 ars
1177 3063 1323 3110 quem
1360 3047 1411 3094 in
1438 3046 1720 3110 praefatione
1755 3043 1819 3092 ad
1854 3045 1980 3092 hanc
2008 3045 2193 3092 oratio-

99 3137 274 3182 oratoris
289 3169 304 3194 ,
327 3137 412 3199 qui
440 3135 560 3183 dum
581 3133 832 3183 audientes
851 3132 912 3182 ab
931 3144 1087 3181 atten-
1175 3143 1286 3174 nem
1314 3126 1673 3190 exscripsimus.

99 3209 207 3260 tione
234 3214 399 3264 huda
414 3252 430 3276 ‚
462 3225 677 3264 attento„
709 3215 916 3262 mxime
949 3213 1082 3276 ficit,
1252 3221 1333 3254 10.
1360 3203 1535 3252 Mentis
1552 3200 1739 3250 viribus
1755 3200 1983 3250 excitari.
2009 3205 2196 3268 Ingenii

100 3314 156 3326 —
175 3294 302 3344 Novo
322 3311 504 3362 genere
523 3293 736 3342 dicendi,
764 3293 1007 3341 Inusitate
1033 3293 1086 3340 in
1174 3283 1403 3333 ficulla&
1422 3283 1560 3346 efigi-

99 3368 248 3422 sorengi
264 3377 502 3424 ontioue,
744 3391 778 3422 ι,
1249 3379 1271 3410 1
1285 3379 1330 3410 1.
1354 3361 1544 3430 Itgflan'.
1569 3359 1720 3422 Quod
1743 3361 1901 3408 Graeci
1919 3378 2021 3409 uno
2044 3363 2196 3409 verbo

155 3454 197 3502 6.
229 3455 533 3504 Remorum.
576 3453 782 3501 omum
796 3486 811 3510 ,
837 3461 892 3499 ut
920 3451 1085 3499 eadem
1172 3441 1304 3490 idem
1351 3450 1557 3488 sonante
1593 3439 1871 3502 exprimunt
1911 3437 2192 3495 ἐνθουσιάζε-

102 3527 232 3580 denno
243 3533 436 3584 diceret.
459 3533 734 3583 Translatio
751 3532 812 3580 ab
825 3530 1088 3588 actoribus,
1174 3522 1299 3570 σθαι.
1348 3519 1448 3568 Alii
1486 3517 1666 3566 habent
1703 3540 1729 3558 ιι
1750 3517 1905 3565 afflari
1924 3539 1971 3566 a.
2014 3521 2195 3582 Regius

101 3612 168 3669 qui
183 3612 259 3660 ubi
274 3631 436 3664 versus
453 3613 693 3678 quosdam
716 3613 877 3660 denuo
896 3611 1088 3659 recitari
1173 3619 1303 3649 unns
1327 3599 1485 3648 codex
1510 3619 1537 3640 α
1557 3595 1841 3644 inflammari
1868 3618 1910 3644 ι.

99 3678 294 3742 iubentur
309 3729 324 3756 ,
349 3697 570 3743 revocari
597 3693 840 3742 dicuntur.
869 3690 971 3738 Alii
998 3691 1086 3738 ha·
1253 3697 1333 3729 12·
1379 3683 1581 3728 Sancto-5
1624 3677 1841 3739 appellat
1877 3687 2069 3739 poetas.
2112 3680 2194 3727 Sic

101 3763 196 3818 bont
213 3793 236 3814 ιι
248 3784 512 3823 revoc-nm
529 3795 574 3836 a,
589 3771 726 3836 quod
739 3775 899 3822 minus
913 3769 1088 3836 placet,
1177 3759 1403 3818 Ovidius,
1416 3781 1443 3801 α
1454 3759 1523 3807 At
1533 3754 1655 3804 8110τί
1669 3764 1820 3814 vates,
1828 3765 1876 3801 et
1895 3753 2059 3803 divum
2079 3773 2191 3806 cura

161 3863 204 3908 7.
226 3851 448 3917 Cogitate
479 3854 661 3916 Magna
679 3867 788 3900 cum
809 3866 924 3898 eura
939 3881 956 3908 ,
983 3860 1088 3897 nu.
1173 3849 1430 3898 vocamur3
1454 3839 1577 3886 Sunt
1603 3833 1749 3883 etiam
1779 3835 1867 3898 qui
1892 3850 1984 3881 nos
2011 3851 2191 3884 numen

105 3924 172 3972 dio
190 3941 232 3977 et
245 3933 659 3982 commentatione.
1172 3926 1352 3976 habere
1377 3934 1552 3990 putant
1573 3943 1618 3972 ι.
1644 3923 1709 3970 Et
1734 3922 1905 3970 eodem
1932 3939 2075 3971 sensu
2102 3926 2198 3972 Ar-

161 4003 208 4056 8.
225 4011 368 4076 Aeqm‘
381 4012 498 4062 sica
514 4009 732 4060 summis.
748 4011 905 4074 Ilgen.
926 4025 1086 4056 emen·
1175 4007 1306 4055 chius
1324 4007 1431 4072 ipse
1452 4001 1571 4072 ἱορὸν
1592 4001 1726 4071 γένυς
1744 4017 1834 4051 eoa
1854 4013 2017 4051 vocat.
