2594 4537
336 299 476 393 492
968 298 1065 366 M.
1117 298 1195 365 Τ.
1248 297 1842 369 οιεΕΒοΝιε

430 422 616 488 Tum
660 440 837 488 vero
876 431 986 489 est
1019 431 1217 489 ratus
1238 472 1259 501 ,
1301 442 1377 489 se
1415 442 1628 517 posse
1645 474 1666 507 ‚
1709 418 2058 516 quoniam
2079 415 2110 461 ⁵
2155 431 2484 515 togatum

334 529 711 600 domestici
746 525 921 598 belli
958 530 1469 601 exstinctorem
1505 528 1784 601 nefario
1821 528 2090 601 scelere
2119 525 2484 611 foedasset,

332 639 537 709 illum
590 638 803 707 etiarn
828 690 848 725 ‚
898 636 1103 709 illum
1154 652 1619 711 externorum
1669 638 2068 725 bellorum,
2119 636 2484 709 hostium·

334 772 479 843 que
526 749 871 817 victorem
892 800 912 835 ‚
962 746 1326 846 affligere:
1369 764 1524 821 tum
1579 764 1688 821 est
1731 749 1850 820 ina
1896 751 1971 820 in
2021 748 2322 846 templo
2357 751 2481 819 Ca-

333 854 545 926 storis
596 856 939 928 scelerata
998 872 1071 929 et
1118 882 1324 956 paene
1375 858 1680 931 deletrix
1723 859 1947 955 hujus
1999 860 2302 955 imperii
2349 860 2482 929 sica

332 964 805 1063 deprehensa.
842 973 1026 1038 Tum
1064 968 1220 1058 ine,
1262 972 1384 1041 cui
1415 970 1610 1041 nulla
1645 970 1962 1041 hostium
1995 968 2288 1039 diutius
2315 968 2482 1039 urbs

330 1100 679 1173 umquam
718 1075 857 1149 fuit
894 1077 1168 1165 clausa,
1208 1083 1336 1175 qui
1367 1104 1622 1153 omnes
1648 1082 2055 1178 angustiam,
2094 1102 2372 1151 omnes
2397 1080 2485 1149 al-

332 1185 714 1276 titudines,
752 1190 1081 1260 omnium
1118 1188 1404 1287 objecta
1443 1192 1624 1281 tela,
1671 1214 1958 1290 semper
1992 1193 2064 1259 vi
2101 1204 2182 1260 et
2211 1190 2480 1261 virtute

330 1295 711 1395 perfregit,
766 1296 1101 1371 obsessus
1146 1314 1256 1373 est
1311 1304 1466 1399 ipse
1519 1300 1752 1387 domi3
1809 1322 2076 1397 meque
2119 1298 2480 1369 nonnulla

331 1406 831 1506 imperitorum
892 1411 1422 1508 vituperatione
1471 1408 1866 1481 timiditatis
1901 1433 2120 1495 meae,
2172 1408 2480 1479 consilio

330 1531 404 1589 et
434 1516 627 1589 facto
650 1543 785 1590 suo
823 1518 1172 1591 liberavit.
1214 1523 1396 1591 Nam
1421 1576 1441 1607 ‚
1483 1524 1542 1593 si
1577 1525 1708 1593 Cn.
1737 1519 2122 1617 Pompeio,
2162 1520 2329 1589 viro
2357 1518 2478 1588 uni

327 1631 657 1699 omnium
691 1626 1119 1719 fortissimo,
1154 1632 1603 1729 quicumque
1638 1632 1788 1701 nati
1825 1640 2029 1713 sunt,
2073 1624 2479 1697 miserum⁶

328 1740 553 1833 magis
582 1734 762 1827 fuit,
797 1764 1015 1836 quam
1046 1754 1292 1837 turpe,
1329 1738 1682 1839 quamdiu
1717 1738 1838 1809 ille
1867 1736 2206 1809 tribunus
2239 1736 2480 1833 plebis

326 1843 493 1931 suit,
526 1846 760 1919 lucem
795 1874 948 1920 non
981 1849 1347 1948 adspicere
1365 1905 1385 1936 ‚
1415 1872 1658 1921 carere
1685 1847 1984 1947 publico
2005 1900 2025 1935 ‚
2052 1846 2292 1917 minas
2319 1846 2482 1940 ejus

325 1954 689 2053 perferre3
748 1984 980 2057 quum
1025 1964 1104 2032 in
1150 1958 1628 2033 concionibus
1675 1958 1990 2044 diceret,
2041 1953 2229 2026 velle
2269 1978 2350 2026 se
2397 1958 2480 2026 in

326 2067 603 2139 Carinis
642 2067 994 2142 aedificare
1012 2082 1039 2128 ⁷
1078 2070 1376 2141 alteram
1413 2070 1772 2169 porticum
1797 2122 1818 2157 ‚
1851 2091 2016 2165 quae
2046 2065 2320 2136 Palatio
2355 2090 2482 2137 re-

326 2177 762 2273 sponderet3
808 2196 1001 2253 certe
1032 2180 1212 2253 mihi
1244 2182 1441 2253 exire
1478 2178 1700 2251 domo
1739 2202 1931 2266 mea,
1979 2176 2070 2248 ad
2111 2180 2480 2275 privatum

324 2285 655 2362 dolorem
698 2291 837 2364 fuit
872 2293 1283 2366 luctuosum
1303 2347 1324 2383 ,
1359 2291 1451 2364 ad
1483 2295 1838 2363 rationem
1871 2287 2293 2388 reipublicae
2317 2287 2480 2386 gio-

320 2419 623 2469 mosum.

420 2511 675 2579 XXIV.
722 2508 997 2584 Videtis
1028 2516 1274 2609 igitur,
1305 2511 1680 2584 hominem
1719 2535 1851 2610 per
1885 2535 1961 2580 se
2005 2511 2242 2606 ipsum
2278 2507 2478 2603 jam-

321 2615 605 2713 pridem
642 2615 983 2692 afflictum
1013 2647 1096 2694 ac
1124 2623 1520 2718 jacentem,
1555 2621 1981 2720 perniciosis
2007 2621 2478 2716 optimatium

324 2725 699 2799 discordiis
760 2733 1056 2803 excitari
1095 2759 1111 2803 ε
1172 2731 1380 2828 cujus
1439 2731 1646 2806 initia
1693 2727 1962 2800 furoris
1985 2739 2008 2770 ¹
2073 2726 2473 2798 dissensio-

320 2831 537 2906 nibus
581 2862 839 2910 eorum
859 2849 915 2926 ²,
962 2841 1093 2939 qui
1132 2853 1288 2912 tum
1329 2865 1372 2912 a
1412 2838 1622 2911 vobis
1663 2839 1972 2935 sejuncti
2003 2833 2474 2926 videbantur,

396 3063 449 3114 5.
474 3065 733 3128 Quaedam.
754 3067 971 3118 Pertinet
985 3067 1051 3118 sd
1066 3067 1199 3118 illam
1218 3068 1349 3132 vim,
1433 3067 1670 3132 Vulpium
1695 3065 1812 3114 vide
1835 3063 1900 3114 sd
1934 3064 2142 3114 similem
2165 3063 2354 3114 ctum
2387 3066 2468 3115 lo·

324 3157 421 3208 qus
454 3145 660 3195 Clodius
696 3157 799 3196 erut
840 3165 956 3196 usus
1009 3149 1061 3196 iu
1104 3147 1345 3208 Tullium,
1437 3161 1580 3202 cum.
1613 3147 1828 3203 LXVII,
1851 3145 1935 3194 3⁰·

321 3237 468 3288 qusm
527 3227 745 3277 eamdem
807 3229 1045 3294 Pompeio
1109 3229 1352 3276 intentsre
1514 3241 1563 3287 ⁶7.
1586 3226 1644 3272 In
1661 3223 1852 3272 Carinis
1880 3221 2152 3290 oedg'ficm.
2179 3223 2240 3269 Iu
2271 3221 2467 3270 &riuis

320 3304 495 3369 eoepit,
524 3316 781 3370 postquem
806 3306 1067 3356 verborum
1090 3305 1346 3355 insecutio
1433 3315 1539 3353 eret
1574 3304 1749 3353 domus
1785 3303 1882 3352 Cu.
1923 3301 2178 3364 Pompeii,
2209 3315 2366 3364 quss-
2389 3303 2466 3350 Π.

320 3382 366 3430 ei
402 3383 527 3432 bene
549 3397 866 3449 processerat.
1431 3384 1683 3434 Antonius
1718 3391 1888 3446 postes
1904 3413 1918 3438 ,
1953 3379 2088 3428 vieto
2123 3389 2174 3427 et
2201 3379 2466 3428 interfecto

392 3463 443 3510 6.
474 3461 720 3512 Mae'semm.
758 3465 831 3512 Its
866 3463 1143 3513 emendavit
1168 3465 1346 3513 Manu·
1431 3461 1688 3526 Pompeio,
1725 3459 1982 3524 posseditg
2018 3469 2193 3506 suctor
2229 3457 2356 3518 Dio,
2375 3457 2463 3506 lib.

318 3539 447 3602 tius,
466 3550 517 3588 et
550 3543 738 3604 primus
764 3541 920 3590 edidit
944 3542 1167 3592 Lsmbiu.
1192 3559 1344 3607 quum
1432 3541 1665 3590 vam.
1689 3540 1880 3589 Casino
1906 3547 2042 3585 erant
2081 3537 2136 3586 iu
2171 3537 2302 3584 valle
2331 3537 2464 3584 intes·

321 3630 463 3667 nutes
506 3634 696 3683 semper
737 3621 923 3668 editum
973 3621 1160 3670 vide-m
1198 3623 1344 3672 fuisse
1431 3619 1636 3669 Callum
1675 3629 1728 3667 et
1767 3617 2008 3683 Esquilias
2045 3617 2176 3666 eires
2209 3617 2370 3666 ed·-
2407 3618 2458 3666 S.

316 3695 639 3746 miserrimum
653 3735 670 3761 ‚
705 3709 761 3747 ut
794 3709 867 3747 est
910 3700 963 3748 iu
1000 3699 1173 3750 codiee
1198 3701 1342 3751 Bsrb.
1431 3701 1709 3760 Clementis,
1735 3701 1800 3750 sd
1825 3702 1985 3766 ipsum
2013 3699 2460 3764 amphitheatrum,

318 3775 457 3841 quod
496 3788 789 3826 revocsrunt
828 3789 982 3843 repet.
1021 3779 1245 3831 Lsmbiu.
1274 3783 1345 3829 At
1429 3780 1521 3830 ubi
1545 3791 1648 3829 erut
1667 3781 1862 3830 initium
1881 3781 2040 3829 Secu-n
2065 3779 2178 3830 vin.

319 3857 559 3904 Gruterus
588 3855 735 3905 rediit
768 3857 835 3906 sd
868 3857 997 3906 haue
1036 3859 1340 3908 emendatio·
1499 3861 1698 3910 XXIV.
1727 3877 1774 3910 ε.
1799 3857 2170 3925 Iniciaftmm.
2193 3859 2350 3906 Prima
2371 3859 2458 3906 tri·

318 3947 429 3980 nem
450 3965 467 3991 ,
509 3949 605 3998 pro
638 3951 740 3998 quo
796 3951 943 3986 neruo
992 3935 1147 3984 ullum
1206 3938 1341 3987 Msti
1427 3938 1640 3988 bunstus
1667 3950 1904 4004 tempora.

316 4011 599 4077 suffragium
642 4013 841 4074 ntulit,
884 4014 971 4064 sed
1012 4017 1199 4080 optims
1246 4027 1336 4065 est.
1500 4033 1552 4068 2.
1591 4019 1787 4066 Eorum.
1837 4015 2082 4080 Cannis,
2135 4015 2360 4082 Pompeii
2407 4025 2456 4062 es
