2594 4537
574 296 956 364 ORATIO
1007 297 1206 364 PRO
1265 295 1571 364 DOMO
1622 297 1843 366 SUA.
2124 297 2268 384 413

135 437 362 511 quem
389 410 576 486 forte
597 424 622 458 ¹
663 413 856 486 illius
893 416 1262 488 castissimi
1299 395 1732 488 sacerdotis²
1778 419 2269 515 superstitiosa

135 523 498 596 dedicatio
533 522 871 597 deterret.

240 639 305 704 Ο
337 659 528 721 rem,
568 659 785 732 quam
817 635 1148 706 homines
1189 636 1406 706 soluti
1450 635 1685 707 ridere
1716 661 1867 706 non
1902 634 2235 711 desinant
2256 695 2275 726 ,

137 745 496 816 tristiores
531 757 770 840 autem
809 750 962 816 sine
993 747 1310 816 maximo
1341 744 1593 816 dolore
1632 745 1880 816 audire
1914 768 2065 817 non
2108 773 2273 846 pos·

140 852 324 924 sint!
384 852 776 927 Publiusne
831 855 1128 927 Clodius
1151 909 1170 943 ,
1220 857 1347 952 qui
1400 879 1489 926 ex
1533 851 1941 952 pontificis-'⁶
1983 861 2273 929 maximi

141 964 369 1035 domo
405 965 826 1062 religionem
875 969 1140 1064 eripuit
1165 1019 1184 1052 ‚
1217 969 1280 1036 is
1313 969 1387 1036 in
1416 988 1653 1036 meam
1682 964 1925 1037 intulit
1940 969 2011 1037 ⁴?
2050 968 2279 1039 hunc-

143 1073 286 1144 cin'
324 1097 492 1162 vos,
538 1079 666 1172 qui
715 1079 883 1147 estis
933 1077 1284 1148 antistites
1330 1078 1899 1148 caerimoniarum
1944 1091 2019 1148 et
2048 1103 2279 1152 sacro-

141 1207 351 1270 rum,
401 1199 774 1256 auctorem
827 1183 1110 1258 habetis
1160 1201 1232 1258 et
1283 1187 1700 1282 magistrum
1752 1184 2060 1283 publicae
2110 1188 2279 1259 reli·

145 1295 436 1391 gionis?
493 1299 558 1365 Ο
608 1295 708 1366 dii
753 1296 1192 1367 immortales
1231 1296 1407 1382 (vos
1448 1295 1641 1366 enim
1678 1293 1833 1366 haec
1872 1295 2123 1368 audire
2160 1321 2281 1369 cu-

145 1407 278 1501 pio
299 1401 366 1498 )!
407 1409 483 1475 P.
531 1405 824 1476 Clodius
858 1421 1092 1478 vestra
1130 1429 1327 1476 sacra
1362 1405 1615 1476 curat?
1648 1418 1965 1475 vestrum
2006 1429 2277 1478 numen

145 1514 456 1584 horret?
491 1539 606 1587 res
635 1538 888 1587 omnes
915 1515 1267 1587 humanas
1293 1515 1639 1614 religione
1665 1529 1898 1585 vestra
1926 1515 2281 1586 contineri

147 1623 414 1721 putat?
473 1627 604 1695 Hic
667 1648 818 1694 non
869 1623 1106 1696 illudit
1153 1625 1562 1696 auctoritati
1602 1623 1865 1694 horum
1914 1625 2241 1695 omnium
2264 1678 2285 1709 ,

149 1735 284 1830 qui
328 1733 630 1822 adsunt,
676 1759 1126 1806 summorum
1161 1737 1529 1806 virorum?
1564 1759 1717 1805 non
1746 1747 1981 1805 vestra
2002 1790 2022 1822 ,
2050 1737 2285 1832 ponti-

149 1841 356 1930 fices,
384 1848 726 1940 gravitate
755 1843 1244 1916 abutitur?Ex
1268 1846 1407 1916 isto
1432 1869 1561 1916 ore
1584 1844 1949 1940 religionis
1976 1842 2281 1916 verbum

151 1954 509 2042 excidere,
541 1968 666 2025 aut
706 1952 894 2026 elabi
931 1956 1211 2053 potest?
1247 1979 1465 2052 quam
1502 1970 1585 2026 tu
1608 1952 1639 1996 ⁵
1679 1952 1935 2026 eodem
1966 1980 2137 2043 ore,
2172 1980 2283 2027 ac·

153 2064 477 2136 cusando
537 2081 902 2154 senatum,
956 2065 1155 2163 quod
1211 2090 1454 2136 severe
1506 2063 1597 2135 de
1644 2063 1992 2160 religione
2035 2065 2283 2136 decer-

153 2189 363 2247 neret
383 2228 402 2257 ,
441 2175 920 2274 impurissime
955 2177 1469 2273 teterrimeque
1508 2172 1805 2244 violasti.

253 2290 402 2355 XL.
442 2285 805 2385 Adspicite
827 2342 847 2377 ,
885 2287 1264 2386 adspicite,
1307 2283 1719 2386 pontifice5‚
1766 2284 2135 2355 hominem
2177 2310 2284 2356 re-

158 2394 496 2494 ligiosum
522 2450 542 2484 ‚
589 2412 661 2468 et
683 2451 730 2499 ,·
756 2400 817 2469 si
868 2396 1074 2471 vobis
1133 2397 1415 2469 videtur
1464 2394 1720 2493 (quod
1764 2408 1869 2465 est
1914 2392 2279 2467 bonorum

158 2504 673 2602 pontificum),
697 2522 990 2579 monete
1020 2532 1212 2597 eum,
1238 2506 1539 2578 modum
1573 2501 1961 2603 quemdam
1990 2526 2143 2574 esse
2172 2528 2285 2574 re·

159 2614 486 2712 ligionis3
533 2616 837 2687 nimium
875 2642 1025 2689 esse
1063 2618 1638 2716 superstitiosum
1662 2623 1686 2658 ¹
1734 2638 1887 2685 non
1922 2628 2285 2710 oportere.

232 2762 481 2812 xmx.
509 2780 554 2813 ι.
569 2764 682 2813 Nisa·
704 2764 1184 2831 quemforteffrans-
1269 2765 1441 2813 fuisset
1475 2760 1856 2827 superstitiosus,
1884 2759 1969 2823 qni
1985 2758 2196 2808 voluerit
2214 2760 2289 2806 vi·

161 2842 260 2892 itio
273 2854 348 2893 eet
358 2843 422 2892 ad
436 2862 540 2893 enm
553 2856 738 2911 partem
756 2860 850 2908 qna
871 2846 1012 2893 nullo
1033 2845 1184 2893 modo
1273 2845 1387 2893 dere
1420 2841 1649 2907 mysteria
1666 2876 1681 2898 ‚
1715 2857 1823 2904 quae
1843 2838 1965 2886 nulli
1989 2838 2099 2886 viro
2123 2838 2290 2886 videre

167 2924 444 2975 dedicatam
471 2925 670 2974 domum
704 2924 850 2972 fuisse
882 2924 1077 2988 probat.
1272 2924 1345 2971 fas
1379 2930 1467 2970 eet.
1502 2923 1667 2984 Atque
1705 2922 1738 2968 J
1742 2904 1929 2967 u‘stinus
1956 2918 2097 2965 etiam
2124 2930 2287 2980 super-

242 3020 296 3055 2.
329 3004 588 3053 castissimi
617 3004 897 3053 sacerdotis.
936 3002 1188 3053 Allnditur
1271 3000 1513 3050 ustionem
1535 3014 1631 3062 pro
1654 2997 1887 3059 religione
1906 2996 1983 3043 bis
2008 2994 2261 3059 usurpavit
2282 3030 2298 3055 ,

165 3082 374 3133 scalmo
385 3085 548 3134 Clodii
575 3085 799 3145 facinori,
811 3084 896 3149 qui
914 3085 967 3133 in
986 3084 1185 3133 domum
1273 3080 1361 3145 qui
1400 3078 1633 3126 xxm
1657 3108 1673 3135 ,
1716 3076 1774 3131 3,
1833 3096 1856 3118 ι
1902 3074 2293 3137 superstitionem

165 3164 518 3225 Casu-isdum
542 3180 674 3213 secra
695 3166 844 3213 Bone
858 3167 973 3213 Deoe
993 3162 1183 3221 fierent,

169 3244 338 3293 furtim
367 3255 415 3292 et
443 3258 532 3308 per
554 3254 777 3310 stuprum
802 3250 1150 3308 penetraverat.

240 3326 298 3373 3.
323 3326 406 3373 Ex
431 3324 671 3393 pontificis
696 3322 909 3372 maximi
938 3322 1098 3371 domo.
1129 3320 1186 3369 C.

173 3406 401 3468 cmx-1⁸,
413 3420 566 3469 quum
589 3406 640 3451 in
666 3414 890 3469 opertum
907 3402 1056 3450 Boon
1074 3402 1190 3449 Deae

173 3486 422 3550 ingressus
447 3495 534 3532 eut.

1273 3158 1443 3224 templi
1456 3180 1481 3201 ιι
1512 3156 1667 3214 dixit3
1690 3166 1741 3203 et
1756 3156 1871 3202 xm
1889 3188 1905 3215 ,
1933 3156 1961 3202 3
1976 3189 1993 3215 ,
2012 3175 2038 3196 ιι
2054 3154 2104 3201 in
2127 3168 2296 3217 ouper-

1273 3237 1587 3295 sationibus,
1612 3244 1759 3297 atque
1794 3248 1909 3281 cura
1936 3232 2141 3281 deorum
2164 3248 2291 3296 prae·

1275 3318 1421 3383 cipue
1452 3314 1679 3365 omnibus
1714 3312 1963 3360 veneratio
1987 3321 2061 3360 est
2086 3333 2130 3361 ι.
2154 3312 2294 3374 Virg.

1279 3396 1470 3446 AEueid.
1514 3397 1645 3456 111,
1682 3394 1779 3453 817
1822 3406 1835 3441 :
1875 3412 1897 3435 ι
1922 3392 2111 3452 Adiuro
2138 3389 2297 3453 stygii

1281 3486 1431 3541 eaput
1454 3472 1757 3539 implacabile
1790 3470 1966 3531 fontis3
1998 3472 2103 3519 Una
2132 3484 2298 3533 nuper·

254 3574 304 3623 4.
348 3567 408 3611 In
445 3578 604 3611 meam
631 3560 807 3611 intulit.
835 3562 1090 3609 Exstructn
1113 3556 1195 3605 Li-

175 3644 382 3694 bes-tntis
398 3642 515 3691 πᾶα.

251 3724 302 3773 5.
329 3724 486 3786 Quam
510 3732 582 3769 tu.
605 3720 724 3778 Alii,
756 3732 902 3784 quum
928 3728 995 3765 m.
1016 3716 1196 3764 Emen-

179 3805 429 3853 dationem
450 3799 670 3849 Lambini
687 3808 953 3864 sequuntur
973 3794 1074 3842 fere
1090 3809 1199 3841 om·

177 3900 286 3931 nen.
313 3884 434 3932 J.v.
466 3883 520 3930 1..

249 3962 360 4009 110.
395 3978 442 4009 1.
470 3956 866 4023 δημνεείεἰοηιω.
900 3952 1090 4001 Tullius
1117 3950 1202 3998 hie

182 4040 305 4087 sabe
345 4038 557 4104 exagitat
588 4034 840 4094 Clodium,
887 4032 1022 4097 quasi
1059 4030 1204 4080 n'unis

1281 3557 1419 3604 otitio
1438 3554 1625 3618 superis
1642 3566 1753 3617 quae
1772 3550 1959 3598 reddita
1979 3550 2105 3597 divi·
2118 3570 2165 3595 a.
2186 3546 2295 3594 Ma-

1285 3634 1427 3683 zoch.
1447 3632 1670 3697 Spicileg.
1692 3630 1805 3679 Bib.
1826 3642 1945 3679 tom.
1972 3632 2047 3678 ΙΙΙ
2062 3664 2077 3687 ,
2097 3644 2151 3691 p.
2180 3624 2302 3674 265.

1285 3716 1362 3763 Ita
1395 3714 1539 3760 etiam
1582 3710 1886 3759 intellexerat
1919 3708 2009 3757 cel,
2046 3708 2302 3762 Emeoms,

1286 3794 1373 3857 qui
1400 3801 1528 3839 reete
1554 3790 1781 3838 observat
1808 3784 2193 3851 superstitionem
2210 3798 2305 3847 pro

1288 3870 1523 3932 religione
1556 3869 1695 3918 bono
1732 3882 1873 3915 sensu
1909 3882 1936 3913 a
1971 3861 2135 3911 'Tullio
2160 3876 2304 3909 usur-

1289 3950 1395 4016 pari
1413 3951 1465 3997 in
1482 3951 1629 3996 Verr.
1647 3948 1737 4006 IV,
1765 3948 1822 3994 5¹
1837 3982 1847 3993 .
1872 3946 2101 3996 Ceterum
2123 3940 2307 3999 confer,

1291 4045 1417 4093 quos
1434 4028 1515 4077 ille
1542 4028 1660 4077 citet
1672 4060 1687 4087 ,
1705 4036 1755 4074 et
1772 4024 1933 4074 vossii
1952 4020 2235 4089 Etymolog.
