2594 4537
326 258 473 331 366
972 258 1067 325 Μ.
1122 258 1202 323 Τ.
1252 256 1840 325 CICERONIS

328 380 485 457 bis⁶
536 404 613 453 se
650 378 813 451 fieri
864 402 1017 449 non
1064 378 1328 451 licere?
1371 377 1908 474 angustiorem⁷
1951 376 2087 449 sibi
2131 400 2290 451 esse
2355 406 2497 479 pe-

327 497 659 565 titionem
698 489 1161 563 consulatus?
1194 489 1275 560 in.
1309 486 1792 559 sacerdotium
1826 510 2056 584 quum
2089 494 2324 587 possit
2363 518 2494 564 ve-

328 606 523 691 nire,
563 602 732 698 quia
774 599 1073 698 patricio
1110 624 1264 669 non
1302 598 1392 668 sit
1425 598 1665 686 locuS‚
1695 622 1848 670 non
1877 600 2173 672 venire?
2198 606 2300 673 Ut
2333 606 2492 673 cui·

330 740 478 812 que
516 710 789 808 aliquid
826 707 1202 795 acciderit,
1250 730 1475 805 quare
1512 708 1966 779 commodius
2006 713 2098 779 sit
2134 734 2292 781 esse
2333 711 2494 808 ple-

330 824 581 897 beium
602 875 623 909 ‚
655 818 871 893 simili
903 821 1183 891 ratione
1220 816 1710 914 adoptabitur.
1749 822 1858 889 Ita
1893 820 2212 916 populus
2247 846 2488 891 roma·

332 958 473 1005 nus
521 931 727 1003 brevi
774 944 1143 1027 tempore,
1196 952 1438 1023 neque
1487 951 1732 1024 regem
1785 950 2194 1015 sacrorum,
2239 954 2488 1027 neque

332 1044 703 1129 flamines,
748 1066 887 1115 nec
940 1035 1199 1111 salios⁸
1248 1036 1590 1123 habebit,
1645 1064 1782 1111 nec
1821 1064 1912 1110 ex
1951 1055 2154 1134 parte
2189 1040 2490 1111 dimidia

333 1154 657 1250 reliquos
698 1149 1145 1235 sacerdotes,
1196 1172 1438 1245 neque
1483 1160 1863 1219 auctores9
1907 1153 2484 1223 centuriatorum

336 1278 411 1335 et
443 1264 889 1335 curiatorum
929 1258 1431 1343 comitiorum;
1480 1260 2025 1357 auspiciaque¹⁰
2065 1262 2325 1360 populi
2365 1288 2484 1333 ro-

338 1376 571 1459 mani,
603 1375 663 1444 si
690 1372 1147 1469 magistratus
1178 1369 1457 1465 patricii
1487 1369 1705 1439 creati
1732 1394 1880 1441 non
1915 1371 2096 1461 sint,
2125 1372 2488 1444 intereant

338 1508 634 1557 necesse
668 1496 809 1571 est,
846 1504 1081 1577 quum
1120 1480 1442 1551 interrex
1469 1479 1716 1551 nullus
1755 1480 1881 1569 sit,
1917 1480 2116 1576 quod
2149 1497 2222 1553 et
2248 1483 2484 1580 ipsum

340 1596 723 1692 patricium
774 1614 929 1661 esse
952 1642 971 1677 ‚
1008 1604 1082 1661 et
1116 1614 1159 1661 a
1212 1591 1520 1687 patricio
1560 1588 1774 1688 prodi
1817 1614 2107 1664 necesse
2151 1608 2286 1665 est.
2323 1594 2480 1664 Dixi

338 1704 535 1803 apud
601 1699 983 1801 pontifices
1011 1755 1031 1790 ‚
1098 1702 1308 1771 istam
1379 1699 1850 1800 adoptionem
1915 1701 2122 1773 nullo
2192 1703 2480 1775 decreto

339 1813 561 1910 hujus
616 1812 897 1907 collegii
955 1810 1342 1909 probatam
1371 1864 1392 1899 ‚
1446 1827 1698 1887 contra
1753 1837 1968 1885 omne
2027 1813 2476 1913 pontificium

332 1926 453 2021 jus
488 1922 785 2007 factam,
828 1946 964 2019 pro
1006 1920 1238 1993 nihilo
1276 1946 1432 1993 esse
1469 1921 1878 1995 habendam
1914 1951 1934 1993 τ
1977 1950 2124 2021 qua
2167 1925 2472 2007 sublata,

341 2034 721 2132 intelligis,
758 2047 998 2104 totum
1040 2032 1487 2103 tribunatum
1534 2048 1738 2104 tuum
1779 2034 2202 2105 concidisse.

441 2150 592 2219 XV.
652 2146 890 2217 Venio
950 2142 1041 2213 ad
1092 2166 1402 2240 augures
1423 2151 1446 2185 ¹
1495 2169 1511 2212 ε
1571 2168 1886 2240 quorum
1937 2168 2074 2242 ego
2120 2142 2379 2231 libros,
2421 2144 2470 2215 si

418 2397 471 2444 6.
510 2391 662 2450 Velie,
716 2389 956 2438 tribunum
1008 2387 1186 2452 plebis.
1238 2388 1342 2437 Alii
1356 2424 1371 2446 ,

340 2457 502 2524 'venes
522 2505 537 2532 ,
565 2470 811 2518 tribunum
826 2467 997 2532 plebis.

426 2569 471 2612 7.
503 2552 601 2599 Cur
625 2547 755 2596 em'm
796 2548 1057 2612 quisquam
1096 2546 1251 2594 vellet
1286 2549 1377 2595 tri-

349 2633 531 2680 bunum
562 2628 634 2692 pl.
660 2645 710 2675 se
716 2626 842 2694 fieri
876 2641 975 2673 non
1000 2625 1143 2674 licere
1164 2631 1191 2673 ι’
1226 2643 1383 2692 angen·

350 2712 569 2760 stim-em.
607 2709 764 2770 Hujus
788 2707 891 2756 loci
918 2706 1235 2768 sententiam,
1262 2707 1380 2771 quia

350 2788 685 2840 obscuriorem
731 2785 975 2852 plerisque
1026 2784 1183 2832 videri
1235 2787 1341 2834 scio
1360 2822 1378 2849 ‚

350 2867 627 2935 explicabo.
676 2869 818 2915 Prius
865 2876 1028 2913 sutem
1088 2864 1342 2914 sciendum
1361 2901 1378 2926 ,

348 2950 568 3020 plebeios
590 2948 736 2996 binos
758 2946 982 2996 consules
1002 2945 1107 2994 fieri
1126 2949 1373 3010 potuisse:

350 3030 587 3096 patricios
606 3063 621 3087 ,
669 3044 771 3076 non
822 3028 972 3085 item,
1025 3024 1112 3074 sed
1160 3025 1379 3091 singulos

350 3121 541 3158 tantum
557 3142 572 3167 ,
619 3118 667 3156 et
692 3108 900 3172 patricio
927 3121 1031 3153 non
1056 3104 1249 3152 licuisse
1272 3103 1380 3154 fleri

350 3188 634 3246 tribunum
678 3197 783 3234 tum
824 3185 921 3234 hoc
962 3185 1341 3250 supponendum
1361 3218 1377 3245 ,

352 3283 520 3316 omnes
545 3265 768 3313 homines
797 3264 917 3312 utile
942 3264 1100 3328 sequi.
1130 3263 1220 3310 His
1246 3264 1380 3328 posi-

320 3339 328 3348 ’
353 3347 418 3396 tis
434 3381 450 3404 ‚
474 3344 723 3394 Ciceronis
750 3359 918 3391 sensus
954 3341 1129 3407 planus
1156 3353 1252 3400 est;
1280 3341 1377 3390 hoc

352 3425 480 3476 enim
507 3422 782 3488 significat:
818 3444 841 3464 e
862 3423 915 3470 si
941 3419 1059 3468 tales
1086 3420 1380 3485 adoptiones

349 3503 719 3572 probabuntur,
757 3517 923 3548 omnes
946 3497 1114 3546 volent
1140 3515 1203 3546 ex
1228 3500 1378 3564 patri-

351 3587 439 3634 ciis
465 3583 569 3631 fleri
591 3579 786 3646 plebeii.
818 3579 919 3628 Cur
955 3578 1083 3625 enim
1121 3579 1378 3642 quisquam

351 3679 449 3716 tam
484 3657 665 3712 stultus
708 3669 863 3717 esset,
901 3668 957 3705 ut
998 3655 1141 3704 vellet
1185 3674 1378 3707 manere

349 3744 608 3810 patricius,
645 3750 695 3788 et
731 3739 793 3786 its
824 3752 925 3784 uon
960 3735 1055 3784 sibi
1087 3736 1234 3786 licere
1274 3735 1382 3785 fleri

352 3825 602 3872 tribunum
618 3857 633 3881 ,
658 3830 705 3868 et
731 3818 1061 3882 angustiorem
1094 3817 1187 3865 sibi
1215 3818 1379 3865 locum

351 3899 683 3950 circumscribi
713 3896 776 3946 sd
802 3895 1107 3945 consulatum
1148 3897 1377 3946 obtinen-

352 3981 469 4029 dum
490 4015 504 4038 ,
561 3989 610 4025 et
666 3974 992 4025 sacerdotium
1038 3977 1255 4040 opimum
1322 3994 1379 4026 ac

1465 2387 1770 2440 fructuosum
1778 2392 2019 2454 amittere,
2027 2392 2144 2456 quis
2157 2393 2224 2442 sit
2233 2393 2468 2458 patricius?

1539 2472 1588 2519 8.
1612 2471 1857 2520 Flumine-5
1871 2507 1886 2533 ,
1911 2471 2088 2520 Salios.
2113 2474 2254 2536 Quos
2273 2489 2428 2522 omues
2445 2487 2470 2518 e

1467 2551 1684 2614 patriciis
1707 2551 1860 2600 creari
1885 2562 2104 2616 oportet.

1539 2645 1588 2693 9.
1615 2631 1792 2695 Neque
1817 2643 2064 2682 auctores.
2096 2634 2198 2695 Qui
2221 2632 2470 2698 probabant

1469 2725 1548 2770 ea,
1579 2725 1690 2772 quae
1716 2711 1998 2760 centuriatis
2027 2713 2324 2776 cus-istisque
2340 2711 2472 2760 coni·

1469 2787 1550 2836 tiis
1587 2785 1808 2848 fiebaut3
1844 2807 1968 2854 quos
2006 2807 2068 2838 ex
2102 2793 2308 2855 antiquo
2333 2805 2466 2846 mois,

1469 2883 1620 2932 quum
1639 2880 1836 2918 senatus
1855 2887 1882 2918 e
1909 2869 2028 2918 solis
2051 2871 2272 2936 patriciis
2297 2880 2470 2918 consts-

1467 2945 1580 3006 δεῖ,
1618 2948 1850 3011 patricios
1887 2967 1991 2998 esse
2027 2951 2304 3015 oportebat.
2343 2946 2472 3012 Quod

1469 3037 1628 3076 tamen
1647 3028 1731 3088 jus
1757 3043 1926 3092 magna
1959 3045 2022 3078 ex
2045 3040 2210 3094 purte,
2244 3028 2471 3079 Ciceronis

1467 3116 1634 3164 etate,
1661 3105 1989 3158 obsoleverat.
2011 3109 2158 3159 Conf.
2183 3111 2236 3158 J.
2254 3113 2308 3160 Β.
2332 3109 2470 3157 Grou-

1466 3185 1614 3236 Obss.
1635 3187 1682 3244 1,
1713 3187 1796 3236 25.

1543 3281 1620 3314 10.
1643 3266 1991 3330 Auspiciaque.
2019 3267 2148 3316 Nam
2177 3265 2286 3316 fleri
2307 3275 2466 3332 potent,

1466 3355 1522 3393 ut
1543 3345 1667 3394 nulli
1691 3357 1918 3396 creentur
1946 3349 2260 3412 magistratus
2277 3347 2465 3412 patricii,

1467 3425 1602 3488 apud
1639 3441 1766 3489 quos
1802 3437 1920 3476 sunt
1953 3428 2174 3492 suspicis
2201 3442 2216 3476 ε
2269 3439 2404 3486 mue,
2435 3425 2465 3472 εἰ

1467 3503 1591 3552 nulli
1633 3516 1746 3552 sunt
1787 3506 2009 3569 patricii,
2045 3524 2074 3555 a
2100 3507 2286 3572 quibus
2309 3544 2324 3568 ,
2357 3515 2398 3554 et
2417 3518 2466 3552 ex

1467 3583 1647 3646 quibus
1673 3583 1822 3647 prodi
1851 3587 2010 3650 possit
2047 3587 2270 3636 interrex
2307 3586 2366 3634 ad
2401 3583 2464 3630 hs·

1465 3660 1626 3710 benda
1661 3663 1888 3724 comitis,
1933 3664 2152 3712 interrex
2184 3665 2348 3714 nulius
2369 3661 2459 3716 erit,

1467 3741 1552 3788 sed
1594 3755 1752 3804 neque
1797 3744 2130 3806 magistratus:
2173 3745 2308 3794 unns
2343 3743 2462 3807 igitur
2559 3763 2561 3776 ·

1467 3819 1699 3883 auspicis.

1537 3901 1653 3948 XV.
1683 3915 1726 3948 1.
1753 3899 1911 3948 Venio
1939 3901 2014 3949 ad
2029 3917 2262 3966 augures.
2283 3899 2459 3950 Aderant

1467 3979 1691 4041 profecto
1726 3995 1957 4043 augures,
1985 3991 2042 4028 ut
2067 3997 2180 4045 cap.
2207 3983 2270 4032 13
2295 3989 2455 4030 testatus
