2594 4537
233 353 238 356 .
299 295 394 394 xij
627 297 1178 368 PRAEFATIO
1236 297 1505 368 Novl
1560 297 2104 375 EDITORIS.

301 407 562 484 saeculo
617 411 852 508 prima
907 413 1277 484 Ciceronis
1344 414 1704 510 scriptura
1764 414 1841 486 in
1910 413 2163 488 codice
2224 415 2449 492 fuerit

301 521 624 596 entatu,
657 509 824 606 quis
850 506 1155 582 indubia
1183 509 1598 605 conjectura
1626 513 2105 608 pronuntiet?
2142 518 2309 612 Ipsa
2332 541 2447 592 re·

299 610 584 682 centior
625 604 898 680 Sedulii
939 606 1299 705 scriptura
1342 608 1597 678 miram
1644 631 1721 680 sa
1775 611 1835 680 it
1887 613 2443 710 antiquitatem:

298 719 374 780 et
423 720 670 780 tamen
709 707 904 778 inter
956 729 1033 776 se
1068 718 1425 803 quantum
1462 705 1576 778 hae
1608 703 1676 778 d·
1743 705 2000 780 erunt!
2044 715 2265 784 Certe
2322 713 2447 786 hic

274 803 572 877 sedulii
607 801 838 876 codex
872 817 1040 876 ante
1077 802 1420 876 saeculum
1450 802 1815 879 decimum
1842 807 1923 878 in
1956 807 2445 884 Bobieusibus

295 901 564 1002 pluteis
615 902 972 976 exstitisse
1020 899 1331 974 videtur.
1382 903 1715 1000 Namque
1768 905 1845 974 in
1892 903 2018 978 illo
2064 908 2399 1007 catalogo
2421 965 2442 998 ‚

297 1023 520 1098 quem
549 1025 636 1072 su
691 1001 884 1074 erius
923 999 1236 1072 diximus
1259 1024 1303 1070 a
1332 1001 1737 1072 Muratorio
1770 998 2084 1090 editum,
2120 1019 2443 1102 quatuor

295 1096 566 1170 Sedulii
594 1097 638 1170 l·
701 1123 822 1172 ros
855 1097 1102 1172 videre
1129 1111 1260 1170 est.
1289 1100 1517 1195 Atqui
1544 1097 1698 1194 hic,
1726 1096 1817 1170 de
1850 1125 1997 1196 quo
2035 1100 2441 1199 loquimur,
2562 1127 2565 1138 ·

291 1195 408 1268 bis
441 1197 753 1294 scriptus
795 1194 1028 1270 codex
1066 1209 1384 1293 quatuor
1426 1196 1697 1268 scilicet
1736 1199 1873 1268 etsi
1925 1199 2224 1290 mutilos
2266 1225 2444 1274 con-

255 1353 262 1364 .
297 1295 480 1366 tinet
521 1292 796 1368 Sedulii
845 1293 1095 1366 libros.
1146 1297 1341 1390 Ergo
1386 1290 1585 1364 hunc
1624 1294 1949 1370 codicem
1998 1296 2145 1392 jam
2188 1297 2361 1371 inde
2398 1324 2442 1370 a

291 1393 774 1464 vetustissima
819 1405 1026 1465 aetate
1071 1389 1464 1464 Bobienses
1520 1392 1859 1468 monachi
1912 1393 2437 1492 possederunt:

294 1495 480 1588 quin
523 1504 598 1564 et
635 1488 885 1577 iidem,
921 1503 1006 1562 ut
1038 1486 1384 1562 credibile
1422 1485 1569 1578 est}
1603 1489 1753 1585 jam
1794 1493 1945 1564 anti
2000 1492 2110 1564 uis
2152 1493 2445 1566 Cicero·

291 1589 406 1658 nis
493 1587 937 1660 membranis
1034 1585 1331 1659 alteram
1408 1590 1845 1686 scripturam
1925 1614 1971 1660 o
2028 1588 2439 1677 duxerunt,

291 1691 813 1782 summumque
868 1697 1234 1758 oratorem
1289 1709 1459 1755 cum
1511 1699 1729 1782 poeta
1784 1710 1937 1758 non
1985 1687 2191 1760 bono
2234 1713 2441 1765 com-

291 1796 778 1856 mutaverunt.
822 1786 1098 1856 Verum
1142 1780 1595 1879 temporibus
1637 1781 1963 1857 barbaris
2005 1789 2214 1858 irasci
2253 1789 2439 1886 quid

291 1881 632 1954 interest?
679 1884 965 1953 Nostrae
1008 1883 1254 1976 potius
1304 1880 1751 1974 gratulemur
1792 1885 2019 1974 aetati,
2068 1885 2187 1954 cui
2235 1890 2440 1958 Deus

290 1981 612 2078 optimus
655 1978 1014 2050 maximus
1059 1975 1250 2052 hanc
1309 1975 1593 2050 laudem
1644 1978 1937 2067 tribuit,
1990 1995 2075 2052 ut
2120 1980 2196 2052 hi
2310 2007 2441 2054 rae-

287 2076 710 2149 stantissimi
753 2075 1092 2147 humanae
1132 2077 1399 2148 mentis
1438 2074 1661 2154 foetus
1702 2076 1797 2150 ab
1829 2077 2215 2153 oblivionis
2255 2005 2439 2152 iate·-

287 2173 440 2250 bris
476 2199 677 2246 nunc
713 2173 1012 2246 demum
1055 2187 1538 2272 emergerent.
1561 2206 1594 2240 »

381 2271 610 2346 Valde
647 2287 890 2345 autem
926 2272 1280 2370 praeclarae
1312 2296 1397 2347 ac
1426 2297 1633 2345 novae
1666 2298 1757 2349 ex
1796 2272 1940 2346 hoc
1976 2298 2172 2349 novo
2206 2278 2438 2349 inter-

285 2385 490 2472 prete
521 2372 796 2443 notitiae
823 2367 1198 2444 accedunt.
1239 2369 1680 2455 Absolvitur‚
1708 2369 1835 2445 illo
1876 2371 2221 2464 docente,
2254 2400 2437 2449 con-

283 2470 669 2557 troversia,
724 2469 889 2566 quis
939 2483 1208 2564 praetor
1262 2468 1537 2541 Archiae
1601 2492 1889 2539 causam
1953 2468 2437 2565 judicaverit3

285 2591 520 2666 quum
561 2567 924 2658 Quintum
955 2568 1327 2641 Ciceronis
1364 2563 1663 2664 fratrem
1699 2563 2064 2665 praefuisse
2106 2594 2308 2641 nunc
2344 2574 2441 2643 sit

289 2680 746 2766 compertum
781 2691 798 2735 ε
827 2678 924 2752 et,
949 2678 1038 2735 ut
1069 2678 1314 2737 cetera
1338 2678 1611 2736 taceam
1636 2717 1655 2751 ‚
1684 2662 2217 2741 nobilissimum
2253 2683 2437 2740 tunc

281 2765 598 2863 primum
632 2759 872 2835 editur
901 2766 979 2835 C.
1007 2760 1317 2836 Gracchi
1351 2758 1879 2859 fragmentum,
1916 2778 2001 2835 ut
2040 2779 2435 2851 vetustate,

281 2864 382 2933 ita
421 2860 732 2933 dicentis
768 2862 1064 2959 ingenio
1113 2862 1424 2933 maxime
1481 2858 2000 2934 venerandum.
2056 2862 2221 2935 Illas
2256 2888 2434 2961 ergo

283 2959 790 3033 adnotationes
853 2958 1251 3055 unicuique
1332 2958 1644 3031 orationi
1730 2964 2249 3059 supposuimus
2271 3015 2291 3049 ‚
2358 2978 2437 3035 et

277 3057 490 3153 justae
540 3070 703 3129 tum
797 3057 1065 3129 rimum
1109 3057 1482 3131 Ciceronis
1538 3054 1842 3132 editioni
1892 3057 2425 3156 conjunximus.

279 3160 556 3228 Verum
595 3179 690 3227 ne
779 3156 1003 3227 iutius
1040 3154 1118 3229 in
1163 3152 1307 3227 hoc
1334 3152 1585 3226 limine
1612 3179 2180 3243 commoremur,
2204 3154 2432 3229 ferme

279 3253 463 3325 nihil
495 3252 586 3325 de
629 3267 947 3351 quatuor
974 3250 1437 3327 orationibus
1470 3250 1857 3341 addemus,
1896 3278 2057 3351 quae
2093 3255 2433 3327 Ciceroni

279 3376 318 3421 a
363 3350 790 3424 Marklando
829 3364 906 3423 et
949 3348 1218 3427 Wolfio
1267 3348 1817 3446 abjudicantur,
1860 3374 1903 3423 a
1946 3353 2311 3424 Gessnero
2356 3368 2433 3427 et

275 3448 595 3521 Weiskio
637 3447 1180 3538 defenduntur3
1229 3447 1322 3520 de
1374 3448 1868 3524 controversia
1906 3446 2043 3521 hac
2082 3447 2314 3525 fusius
2352 3451 2430 3520 in

279 3550 439 3658 ipso
467 3549 890 3619 orationum
927 3546 1184 3619 harum
1224 3546 1427 3619 aditu
1458 3544 1809 3631 diximus;
1858 3570 2078 3644 quam
2104 3544 2427 3645 disputa-

280 3660 552 3717 tionem
592 3670 682 3718 ex
723 3644 1120 3719 doctissimi
1155 3645 1290 3715 viri
1324 3648 1384 3715 J.
1413 3647 1500 3717 V.
1541 3648 1642 3715 Le
1682 3643 1883 3719 Clerc
1917 3668 2230 3717 excursu
2264 3644 2427 3744 ple-

277 3767 444 3815 rum
500 3768 593 3816 ue
635 3740 1148 3843 depromptam
1199 3741 1261 3813 si
1305 3739 1515 3815 adeat
1551 3742 1815 3831 lector,
1864 3744 2297 3817 sententiam
2334 3741 2429 3815 de

280 3855 434 3913 tota
587 3865 628 3913 c
684 3848 897 3915 causa
958 3836 1162 3915 facile
1222 3839 1537 3913 laturum
1596 3864 1765 3914 eum
1816 3863 2237 3937 speramus3
2298 3841 2426 3939 qui

281 3938 498 4015 nobis
535 3942 812 4011 utinam
860 3937 1097 4013 faveat
1116 3991 1135 4025 ‚
1173 3950 1577 4033 nostroque
1608 3939 1879 4037 aspiret
1914 3934 2178 4009 labori!

966 4108 1760 4146 Q
