2594 4537
324 289 465 358 208
1106 279 1664 354 EXCURSU&

322 408 599 473 niodum
629 404 1027 495 pertrahant.
1053 403 1276 469 Primo
1299 421 1518 470 narrat
1541 405 1869 486 Valerius,
1897 404 2010 470 lib.
2043 406 2161 490 lx,
2187 405 2266 474 L.
2295 397 2462 472 Len·

322 516 537 580 tulum
592 510 997 579 consularem
1056 507 1435 576 damnatum
1491 509 2000 600 repetundarum
2027 557 2048 594 ,
2111 533 2461 578 censuram

316 639 540 710 postea
560 618 787 709 populi
809 615 1131 706 suffragiis
1160 618 1540 681 obtinuisse.
1564 620 1678 702 At,
1702 617 2044 706 inquiunt,
2063 620 2462 706 posteriores

318 707 491 817 leges
515 725 714 788 Acilia
738 739 806 787 et
830 721 1089 787 Servilia
1108 721 1356 785 crimen
1379 744 1519 786 esse
1551 721 1820 810 capitale
1837 722 2206 806 jusserunt,
2245 747 2460 811 quum

323 849 510 897 antea
564 852 697 895 non
746 845 947 910 esset3
995 826 1226 908 audio,
1262 827 1378 891 sed
1421 825 1584 892 illud
1627 828 1970 892 verisimile
2003 843 2138 893 non
2173 829 2458 912 videtur,

321 937 565 1003 nullam
599 959 636 1000 a
668 936 981 1000 Cicerone
1011 934 1149 1014 ejus
1182 933 1275 996 rei
1301 934 1703 998 mentionem
1735 935 1967 998 factam
2001 933 2460 1024 fuisse,quum

320 1061 454 1110 tam
489 1045 728 1106 multos
760 1039 1136 1122 hujusmodi
1166 1061 1314 1103 reos
1349 1033 1752 1123 defenderit3
1781 1055 1848 1104 et
1878 1037 2142 1128 aliquod
2175 1059 2278 1106 est
2303 1065 2462 1131 prae-

319 1150 640 1232 judicium
698 1148 769 1212 in
824 1145 1253 1228 adversarios,
1291 1146 1347 1209 si
1395 1145 1791 1210 concedatur
1837 1145 2080 1210 crimen
2131 1143 2295 1211 illud
2348 1149 2461 1212 ali-

328 1253 594 1345 quando
614 1253 881 1344 capitale
899 1267 1035 1316 non
1060 1251 1278 1316 fuisse.
1299 1250 1602 1316 Secundo
1617 1293 1638 1334 ,-
1665 1251 1934 1317 Verrem
1957 1271 2092 1315 non
2113 1247 2460 1334 exsulasse,

326 1361 525 1428 refert
554 1360 799 1424 Plinius
830 1357 942 1422 lib.
970 1356 1276 1437 XXXIV,
1302 1377 1443 1444 cap.
1469 1379 1508 1420 2
1523 1404 1542 1438 ,
1577 1377 1776 1444 quem
1816 1357 2258 1445 proscriptum
2301 1357 2463 1423 dicit

322 1449 362 1532 a
406 1467 500 1533 M.
548 1465 839 1531 Antonio
892 1462 1232 1527 triumviro
1282 1485 1428 1526 eam
1478 1462 1566 1526 ob
1615 1484 1876 1526 causam
1897 1510 1916 1539 ,
1965 1460 2146 1550 quod
2187 1463 2282 1528 illi
2313 1485 2460 1528 vasa

328 1572 625 1664 quaedam
662 1570 998 1635 Corinthia
1032 1565 1211 1633 dono
1249 1567 1403 1634 dare
1445 1569 1768 1664 noluerit,
1808 1569 2077 1634 Verrem
2108 1585 2328 1634 autem
2363 1593 2462 1635 re-

325 1679 765 1771 petundarum
810 1677 1189 1743 damnatum
1241 1695 1437 1742 nemo
1480 1675 1824 1742 inficiatur.
1870 1679 1976 1742 An
2023 1679 2198 1744 enim
2233 1677 2461 1743 ‹licen-

328 1787 512 1867 dum,
532 1783 782 1848 exsules
814 1783 1045 1864 etiam,
1079 1781 1325 1846 nedum
1349 1783 1516 1846 cives
1535 1804 1699 1846 rom.
1727 1780 2200 1871 proscriptione
2225 1785 2462 1848 trium-

321 1891 503 1956 virali
539 1891 733 1953 fuisse
764 1887 1141 1977 perculsos?
1182 1887 1408 1952 Tertio
1433 1935 1452 1969 ,
1495 1887 1606 1952 lib.
1641 1887 1675 1950 Ι
1715 1885 1797 1951 ad
1845 1889 2276 1972 Herennium,
2325 1891 2462 1956 haec

326 1998 525 2062 habet
570 1995 798 2060 Cicero
824 2043 843 2077 ,
891 2011 1007 2058 aut
1054 1993 1456 2083 quicumque
1505 1991 1768 2058 tandem
1820 1992 1992 2059 illius
2044 2011 2278 2060 auctor
2321 2013 2418 2060 est
2438 2020 2458 2061 ε

329 2136 356 2162 a
376 2107 506 2170 Lex
533 2117 740 2184 vetat,
776 2123 967 2182 eum,
1000 2100 1115 2188 qui
1146 2099 1231 2164 de
1256 2099 1550 2188 pecuniis
1577 2098 1954 2187 repetundis
1987 2098 2335 2167 damnatus
2360 2103 2463 2184 sit,

332 2211 401 2275 in
434 2209 748 2275 concione
793 2206 1155 2271 orationem
1200 2204 1478 2287 habere3
1516 2204 1710 2268 altera
1749 2204 1852 2271 lex
1879 2205 2100 2287 jubet,
2143 2221 2463 2298 augurem

330 2319 401 2382 in
432 2314 761 2381 demortui
794 2314 1050 2394 locum,
1082 2312 1197 2399 qui
1226 2327 1436 2399 petat,
1468 2312 1536 2375 in
1569 2311 1884 2377 concione
1917 2313 2260 2379 nominare
2283 2346 2330 2382 ..-
2354 2318 2468 2381 Re-

334 2419 613 2512 spondet
645 2418 1017 2499 ManutiuS,
1050 2416 1382 2482 rhetorem
1405 2416 1486 2481 ad
1513 2432 1760 2482 veteres
1781 2418 1990 2506 leges,
2023 2434 2090 2483 et
2111 2420 2244 2500 jam
2271 2420 2466 2486 abro-

333 2545 508 2617 gatas
530 2573 549 2607 ,
582 2547 717 2588 non
750 2520 833 2587 ad
864 2524 1288 2611 posteriores,
1328 2522 1568 2612 quibus
1602 2546 1790 2613 poena
1819 2524 2043 2613 capitis
2071 2523 2316 2591 inflicta
2348 2542 2466 2609 est,

331 2626 724 2719 res'pexisse3
756 2628 941 2708 cujus
968 2650 1093 2717 ego
1118 2628 1507 2714 conjecturae
1542 2650 1675 2692 non
1701 2627 2076 2717 adquiesco.
2107 2632 2244 2695 Cur
2269 2632 2468 2710 enim,

334 2758 542 2826 quum
572 2735 709 2798 aliae
740 2734 960 2797 multae
990 2748 1447 2822 suppeterent,
1485 2735 1854 2821 exemplum
1883 2752 1963 2797 ex
1987 2734 2298 2824 abrogata
2329 2736 2470 2825 lege

337 2840 743 2929 desumpsit?
774 2841 905 2903 Cur
930 2839 1141 2927 legem
1164 2837 1576 2925 Calpurniam
1601 2834 1686 2902 de
1711 2838 2086 2927 repetundis
2109 2841 2245 2920 jam
2274 2842 2473 2906 abro-

332 2962 543 3039 gatam
582 2968 731 3011 cum
776 2944 1061 3009 Domitia
1104 2941 1188 3007 de
1220 2942 1628 3025 sacerdotiis,
1667 2966 1813 3031 quae
1855 2944 2190 3030 manebat,
2223 2928 2472 3013 temere

332 3052 711 3135 conjunxit?
742 3052 878 3116 Cur
906 3050 989 3114 de
1021 3051 1199 3138 lege,
1232 3072 1378 3137 quse
1409 3048 1588 3113 nulla
1621 3066 1793 3132 erat,
1837 3052 2081 3140 quippe
2111 3074 2148 3116 e
2182 3074 2326 3141 rep.
2359 3076 2472 3118 su·-

330 3162 523 3244 blata,
560 3158 789 3238 Vetat,
823 3157 1039 3245 inquit
1057 3204 1076 3238 ,
1121 3176 1259 3219 non
1305 3156 1606 3236 vetabat,
1657 3154 1740 3220 ad
1777 3172 2034 3247 tempus
2064 3157 2474 3246 praeteritum

332 3260 879 3357 significandum?
924 3258 1237 3327 Praeterea
1256 3310 1277 3343 ,
1325 3262 1379 3326 si
1421 3263 1518 3326 lex
1571 3261 1768 3327 Acilia
1799 3263 2046 3327 crimen
2083 3264 2476 3352 repetunda·-

332 3395 485 3437 rum
530 3370 798 3458 capitale
848 3370 1033 3450 fecit,
1086 3383 1166 3431 ut
1212 3364 1557 3433 adversarii
1615 3366 2025 3433 contendunt
2043 3416 2062 3450 ,
2123 3384 2190 3433 et
2242 3368 2476 3436 eadem

331 3476 530 3543 Acilia
560 3490 712 3540 ante
736 3474 1069 3539 Serviliam
1102 3476 1229 3537 lata
1256 3488 1388 3554 est,
1422 3488 1502 3536 ut
1529 3488 1784 3537 constat
1813 3494 1890 3537 ex
1915 3473 2190 3539 Verrina
2214 3474 2355 3558 111,
2385 3498 2475 3541 se·

333 3584 581 3672 quitur,
620 3579 1033 3669 Calpurniam
1071 3581 1283 3667 legem
1314 3600 1433 3666 per
1465 3578 1634 3643 hanc
1663 3579 1926 3643 alteram
1967 3580 2239 3644 Aciliam
2276 3582 2475 3647 abro-

334 3705 547 3775 gatam
582 3686 782 3750 fuisse
801 3734 820 3765 ,
865 3700 1214 3771 antequam
1250 3684 1576 3748 Domitius
1621 3684 1728 3764 jus
1779 3683 2209 3749 creandorum
2257 3708 2476 3752 sacer-

332 3796 563 3859 dotum
596 3818 633 3857 a
664 3792 947 3881 collegiis
978 3790 1358 3856 transferret
1380 3789 1464 3855 ad
1490 3790 1808 3880 populum
1833 3814 1851 3872 ;
1885 3807 2026 3855 tum
2053 3814 2212 3857 vero
2243 3794 2474 3859 Cicero

330 3900 479 3963 loco
506 3896 765 3963 laudato
792 3896 951 3962 duas
980 3896 1333 3961 contrarias
1360 3896 1532 3985 leges
1560 3896 1903 3976 allaturus,
1932 3919 2277 3985 perperam
2301 3920 2475 3964 com·

331 4017 751 4083 memorasset
782 4002 1197 4090 Calpurniam
1219 4051 1237 4086 ,
1280 4032 1307 4059 «ι
1335 4001 1434 4067 Ne
1465 4001 1806 4067 damnatus
1851 4002 1936 4067 de
1977 4004 2362 4092 repetundis
2405 4005 2468 4067 in
