2594 4537
420 296 706 368 ORAT.
759 298 896 366 DE
947 298 1379 369 HARUSP.
1433 299 2025 370 REsroNsls
2172 295 2311 395 457

161 423 356 492 riam
379 441 664 491 causam
697 441 854 490 esse
886 417 1198 491 dicendi.
1230 422 1631 520 Reperietis
1652 420 1847 492 enim
1876 445 1963 492 ex
1987 419 2131 492 hoc
2155 434 2313 494 toto

165 530 510 630 prodigio
548 543 770 627 atque
811 552 1200 626 response,
1243 551 1379 601 nos
1413 529 1507 602 de
1542 531 1745 601 istius
1786 529 2051 602 scelere
2087 553 2171 601 ac
2204 527 2319 600 fu-

163 667 382 730 rore,
423 665 504 712 ac
535 639 628 712 de
672 639 1266 738 impendentibus
1310 641 1645 739 periculis
1668 641 2029 728 maximis,
2080 663 2315 738 prope

161 754 318 847 jam
363 776 544 824 voce
585 753 784 822 Jovis
844 751 1100 848 optimi
1143 753 1437 822 maximi
1485 750 1936 850 praemoneri.
1984 747 2124 820 Sed
2166 752 2318 847 pri-

166 886 382 933 mum
410 858 722 960 expiabo
758 861 1186 958 religionem
1215 860 1478 933 aedium
1499 884 1825 934 mearum
1842 914 1863 949 ,
1894 860 1954 933 si
1980 858 2054 930 id
2082 857 2317 931 facere

168 995 348 1043 vere
366 1024 387 1059 ‚
433 995 518 1042 ac
547 973 702 1042 sine
727 971 1156 1068 cujusquam
1187 970 1638 1044 dubitatione
1662 987 1945 1070 potero.
1971 971 2095 1041 Sin
2124 994 2321 1042 scru-

169 1081 394 1180 pulus
424 1082 892 1153 tenuissimus
911 1082 1225 1154 residere
1245 1083 1505 1181 aliquis
1520 1081 1911 1172 videbitur,
1926 1106 2078 1154 non
2094 1079 2318 1153 modo

171 1193 482 1288 patienti
503 1245 524 1280 ,
568 1191 692 1264 sed
753 1195 969 1264 etiam
1015 1191 1273 1265 libenti
1320 1194 1565 1265 auimo
1610 1195 1963 1292 portentis
2010 1190 2317 1263 deorum

169 1300 696 1372 immortalium
725 1299 1207 1399 religionique
1235 1302 1537 1402 parebo.

271 1413 395 1480 VI.
439 1409 583 1482 Sed
620 1434 784 1508 quae
821 1411 1112 1484 tandem
1153 1427 1260 1485 est
1291 1417 1369 1484 in
1400 1412 1537 1484 hac
1571 1411 1755 1484 urbe
1782 1427 1980 1484 tanta
2013 1410 2315 1500 domus»,

171 1517 270 1592 ab
309 1523 445 1592 ista
484 1521 851 1618 religionis
893 1525 1308 1621 suspicione
1342 1538 1491 1601 tam
1524 1548 1745 1597 vacua
1774 1537 1995 1620 atque
2014 1532 2037 1566 ¹
2083 1521 2317 1619 pura?
2384 1609 2392 1618 Ι

171 1634 633 1728 Quamquam
679 1647 932 1704 vestrae
958 1632 1253 1720 domuS,
1302 1649 1541 1734 patres
1581 1634 2011 1733 conscripti,
2044 1647 2318 1704 cetero·

169 1765 486 1838 rumque
524 1743 826 1831 civium,
862 1743 1096 1814 multo
1135 1746 1447 1816 maxima
1488 1770 1579 1816 ex
1622 1759 1825 1844 parte
1864 1759 2035 1816 sunt
2069 1741 2315 1815 liberas

169 1850 560 1947 religione,
597 1865 841 1923 tamen
887 1877 1035 1924 una
1091 1876 1254 1924 mea
1309 1852 1571 1926 domus
1621 1853 1909 1949 judiciis
1974 1849 2318 1924 omnibus

171 1957 511 2047 liberata,
551 1961 627 2031 in
648 1961 784 2033 hac
806 1960 1026 2051 urbe,
1062 1963 1214 2034 sola
1240 1977 1369 2034 est.
1400 1969 1501 2036 Te
1536 1962 1731 2034 enim
1763 1961 2049 2061 appello
2068 2016 2087 2051 ,
2127 1966 2317 2032 Len-

173 2069 363 2158 tule,
396 2085 468 2140 et
496 2086 604 2159 te,
641 2070 1004 2170 Philippe:
1027 2097 1118 2143 ex
1141 2072 1284 2143 hoc
1316 2072 1780 2171 haruspicum
1810 2097 2161 2171 responso
2194 2070 2319 2141 de-

172 2180 400 2250 crevit
431 2196 753 2271 senatus,
808 2195 890 2251 ut
940 2180 1032 2253 de
1083 2181 1257 2254 locis
1315 2185 1529 2254 sacris
1575 2180 1925 2280 religiosis
1980 2180 2070 2252 ad
2119 2181 2319 2252 hunc

173 2290 510 2363 ordinem
536 2291 904 2365 referretis
943 2320 958 2362 :
995 2296 1391 2391 potestisne
1423 2290 1691 2365 referre
1735 2292 1825 2364 de
1859 2317 2019 2363 mea
2052 2290 2317 2363 domo?

169 2426 338 2499 quae
381 2403 506 2498 (ut
537 2402 686 2474 dixi
726 2402 756 2499 )
803 2403 989 2490 sola,
1037 2407 1114 2475 in
1173 2404 1311 2475 hac
1358 2404 1544 2476 urbe
1576 2458 1597 2493 ,
1662 2405 1863 2475 omni
1922 2401 2315 2500 religione,

174 2510 522 2583 omnibus
558 2511 885 2607 judiciiS,
930 2514 1230 2586 liberata
1267 2529 1375 2585 est
1418 2540 1435 2583 z
1481 2538 1701 2611 quam
1739 2515 2061 2611 primum
2089 2513 2322 2581 inimi·

175 2646 304 2693 cus
331 2624 519 2719 ipse,
542 2625 618 2693 in
654 2623 770 2694 illa
797 2637 1224 2721 tempestate
1235 2628 1337 2694 ”ac
1356 2637 1572 2695 nocte
1601 2621 2055 2721 reipublicae,
2082 2646 2315 2720 quum

175 2745 413 2805 cetera
467 2732 736 2804 scelera
787 2732 974 2828 stylo
1034 2733 1158 2804 illo
1213 2735 1503 2832 impuro
1534 2788 1553 2823 ,
1608 2738 1801 2805 Sext.
1858 2733 2131 2804 Clodii²
2193 2756 2319 2803 ore

174 2838 492 2931 tinct03,
550 2844 1120 2940 conscripsisset,
1173 2869 1268 2915 ne
1318 2869 1465 2915 una
1498 2842 1797 2940 quidem
1835 2845 2066 2940 attigit
2109 2844 2317 2916 litera

174 2952 646 3049 religionis⁴z
690 2952 956 3024 deinde
998 2952 1330 3025 eamdem
1363 2952 1667 3025 domum
1714 2953 2033 3075 populus
2076 2976 2316 3024 roma·-

175 3086 355 3149 11113,
399 3064 599 3159 cujus
619 3076 728 3133 est
761 3086 1043 3133 summa
1071 3078 1393 3161 potestas
1426 3064 1751 3135 omnium
1770 3062 2055 3151 rerum,
2096 3066 2319 3134 comi-

177 3172 292 3243 tiis
315 3172 750 3255 centuriatiS,
769 3179 1099 3245 omnium
1121 3188 1411 3245 aetatum
1427 3173 1917 3270 ordinumque
1936 3172 2316 3287 suffragiiS‚

177 3280 500 3353 eodem
474 3307 636 3378 Jure
679 3306 832 3354 esse
862 3284 1107 3379 jussit,
1149 3309 1302 3381 quo
1335 3283 1607 3356 fuisset.

247 3486 338 3533 vl.
367 3500 415 3534 1.
443 3488 608 3551 Atque
627 3504 777 3552 pura.
811 3488 1014 3552 Ulpian.
1049 3488 1202 3537 Pand.
1297 3489 1359 3537 de
1386 3489 1527 3550 enjus
1550 3488 1877 3553 impurissimo
1900 3484 1993 3537 ore'
2019 3489 2136 3538 satis
2167 3488 2317 3537 multa

183 3564 292 3621 XI,
324 3580 372 3625 7,
402 3580 458 3623 a,
476 3564 508 3631 S
529 3574 595 3620 4:
625 3568 817 3615 «Purus
841 3567 983 3616 locus
1008 3567 1204 3627 dicitur,
1296 3568 1529 3615 dicuntur
1570 3583 1666 3631 pro
1710 3568 1899 3628 Domo,
1936 3584 2044 3631 cap.
2083 3568 2177 3625 183
2222 3582 2317 3631 pro

180 3643 268 3708 qui
293 3658 454 3706 neque
482 3658 639 3705 sacer,
675 3662 834 3710 neque
867 3660 1064 3697 sanctus
1102 3659 1204 3706 est,
1295 3646 1416 3696 Coel.
1452 3662 1558 3711 cap.
1593 3646 1681 3696 32.
1709 3646 1920 3695 Proinde
1946 3650 2085 3695 Sext.
2114 3645 2319 3695 Clodius

181 3737 336 3785 neque
387 3722 673 3787 religiosus,
729 3725 814 3773 sed
862 3726 923 3774 ab
979 3726 1206 3777 omnibus
1292 3726 1423 3790 leges
1449 3726 1659 3773 scribere
1704 3728 1761 3775 P.
1789 3724 1967 3775 Clodio
2003 3724 2202 3773 tribuno
2240 3724 2319 3789 pl.

178 3801 462 3860 hujusmodi
477 3804 762 3853 nominibus
775 3821 946 3855 vacare
958 3808 1205 3856 videturav
1295 3806 1467 3853 solitus
1491 3816 1611 3854 erat-

251 3894 301 3925 a.
322 3880 450 3939 Alii,
477 3882 690 3931 Clodius.
1369 3888 1417 3946 4.
1444 3886 1522 3932 Ne
1544 3901 1644 3933 una
1672 3885 1864 3949 quidem
1891 3882 2056 3949 attigit
2085 3882 2227 3933 litera
2251 3901 2321 3930 re-

253 3958 303 4005 3.
338 3960 436 4007 Ore
463 3961 633 4009 tincto.
651 3964 1018 4012 Amarissimam
1037 3966 1203 4012 convi-
1300 3962 1510 4029 ligiom's.
1546 3964 1625 4013 Ne
1660 3982 1753 4015 una
1797 3965 1992 4031 quidem
2028 3963 2164 4014 litera
2198 3962 2312 4011 reli-

183 4034 311 4085 cium
326 4053 342 4097 ς
359 4038 496 4101 quod
519 4040 705 4115 optime
729 4040 784 4089 iu
802 4042 936 4092 Sext.
951 4042 1202 4102 Clodium,
1295 4046 1475 4109 giosam
1494 4046 1626 4094 fecit.
