2594 4537
384 289 513 360 17²
1000 267 1102 334 Μ.
1156 265 1234 332 Τ.
1288 263 1874 336 CICERONIS

374 385 675 486 perandi
715 381 927 456 fundi
976 387 1259 483 paterni
1309 390 1558 458 venire
1593 387 1686 459 ad
1722 388 2220 460 testimonium
2270 387 2526 460 dicen·
2558 371 2559 408 ³

376 499 555 570 dum
619 497 911 594 coegisti
951 523 969 565 ι
1034 499 1163 593 qui
1218 501 1568 595 quoniam
1623 499 2116 570 testimonium
2179 499 2528 570 nondum

374 606 587 695 dixit,
622 605 973 704 quidnam
1005 609 1095 678 sit
1128 607 1489 697 dicturus,
1519 623 1881 708 exspecto.
1905 613 2092 680 Novi
2123 632 2380 706 genus
2407 609 2530 678 ho-

376 720 657 790 minum
679 771 699 804 ‚
728 718 901 787 novi
922 717 1556 805 consuetudinem,
1583 722 1750 790 novi
1787 716 2192 790 libidinem.
2220 723 2530 815 Itaque,

374 832 509 902 etsi
548 843 761 900 teneo
785 825 871 915 ¹⁵,
906 829 1084 925 quid
1114 830 1207 900 sit
1234 827 1474 901 dicere
1509 829 1837 928 paratus,
1861 829 2042 900 nihil
2068 843 2332 900 tamen
2365 853 2532 900 con·

379 954 491 1012 tra
530 937 917 1035 disputabo
954 940 1191 1038 priua,
1224 965 1446 1036 quam
1485 939 1746 1036 dixerit
1777 967 1794 1010 ε
1833 955 2068 1010 totum
2101 941 2310 1010 enim
2355 963 2530 1010 con-

376 1063 609 1122 vertet
632 1045 719 1136 ¹⁶,
758 1062 977 1146 atque
1011 1050 1147 1121 alia
1180 1047 1429 1148 finget.
1469 1048 1967 1142 Quamobrem
1997 1063 2069 1120 et
2099 1049 2225 1121 ille
2261 1063 2532 1134 servet,

378 1156 583 1254 quod
626 1161 943 1255 paravit;
980 1173 1053 1230 et
1086 1182 1221 1258 ego
1256 1185 1375 1232 mc
1411 1161 1500 1232 ad
1537 1161 1612 1232 id
1635 1215 1655 1250 ‚
1692 1159 1892 1258 quod
1931 1159 2256 1231 attulerit
2279 1216 2302 1248 ‚
2343 1163 2526 1231 inte·

378 1293 587 1366 grum
628 1268 1102 1341 conservabo,
2125 1291 2132 1296 '

476 1383 696 1451 XXII.
718 1380 950 1456 Venio
994 1406 1193 1454 nunc
1236 1381 1328 1454 ad
1365 1407 1522 1454 eam
1561 1383 1916 1454 civitatem
1945 1435 1964 1467 ‚
2005 1383 2080 1451 in
2119 1402 2358 1478 quam
2397 1403 2530 1476 ego

380 1491 609 1562 multa
656 1507 729 1564 et
780 1516 1041 1588 magna
1098 1491 1336 1562 studia
1387 1505 1462 1564 et
1513 1489 1753 1563 officia
1795 1491 2108 1576 contuli,
2161 1503 2236 1561 et
2299 1511 2529 1586 quam

382 1625 588 1671 meus
632 1599 851 1672 frater
889 1603 967 1671 in
1004 1602 1255 1699 primis
1307 1601 1480 1672 colit
1533 1615 1751 1698 atque
1790 1600 2068 1698 diligit:
2113 1619 2284 1696 quae
2323 1601 2392 1669 si
2429 1602 2528 1668 ci-

378 1711 557 1784 vitas
592 1735 727 1808 per
762 1713 949 1782 viros
984 1709 1223 1783 bonos
1260 1733 1652 1809 gravesque
1683 1709 2020 1782 homines
2059 1709 2408 1806 querelas
2441 1705 2526 1776 ad

380 1845 512 1892 vos
546 1820 955 1911 detulisset,
996 1822 1241 1920 paullo
1277 1843 1774 1893 commoverer
1807 1823 2052 1918 magis.
2097 1825 2318 1894 Nunc
2351 1843 2524 1890 vero

376 1931 561 2028 quid
611 1933 907 2030 putem?
954 1933 1393 2005 Trallianoe¹
1447 1931 1838 2004 Maeandrio
1887 1952 2169 2003 causam
2209 1931 2522 2002 commi-

378 2045 587 2130 sisse,
624 2043 921 2114 homine
952 2047 1229 2140 egenti,
1267 2041 1598 2128 sordide,
1633 2043 1792 2113 sine
1830 2040 2110 2112 honore
2131 2092 2151 2123 ‚
2185 2041 2351 2110 sine
2381 2040 2524 2109 exi·

374 2153 833 2239 afflatione„
884 2154 1041 2226 sine
1098 2154 1370 2225 censu?
1424 2151 1568 2224 Ubi
1620 2166 1824 2224 erant
1881 2152 1984 2222 illi
2037 2141 2518 2248 Pythodori²‚

382 2262 733 2351 AEtideni‚
777 2260 1251 2361 Lepisones³‚
1296 2265 1521 2335 ceteri
1553 2257 1886 2335 homines
1914 2261 2108 2361 apud
2152 2283 2290 2333 nos
2329 2259 2521 2339 noti,

380 2377 571 2445 inter
596 2398 765 2445 suos
794 2372 1122 2445 nobiles?
1148 2372 1279 2444 ubi
1305 2374 1426 2445 illa
1451 2372 1830 2471 magnifica
1853 2386 1926 2445 et
1953 2374 2260 2470 gloriosa
2285 2386 2518 2445 osten-

380 2488 557 2557 tatio
594 2484 939 2555 civitatis?
976 2487 1241 2556 Nonne
1274 2499 1466 2557 esset
1493 2482 1830 2583 puditum
1849 2532 1890 2571 ‚-
1909 2486 1970 2554 si
2005 2482 2194 2553 hanc
2229 2502 2514 2553 causam

380 2611 675 2692 agerent
708 2620 995 2682 severe,
1040 2620 1191 2666 non
1242 2595 1465 2666 modo
1514 2595 1871 2692 legatum,
1907 2594 2036 2667 sed
2071 2592 2512 2665 Trallianum

382 2710 689 2777 omnino
724 2704 863 2777 dici
906 2704 1418 2793 Maeandrium?
1456 2705 1628 2777 huic
1659 2706 1816 2776 illi4
1859 2705 2130 2803 legate,
2171 2703 2350 2775 huic
2381 2724 2512 2799 pu·

377 2816 573 2887 blico
628 2817 789 2888 testi
846 2830 1235 2917 patronum
1284 2836 1496 2888 suum
1547 2814 1694 2910 jam
1745 2815 1915 2887 inde
1964 2838 2006 2886 a
2049 2828 2258 2913 patre
2298 2828 2512 2908 atque

375 3009 516 3065 lieet,
534 3009 853 3073 hypothecae,
881 3020 931 3057 et
966 3020 1147 3057 secreta
1168 3010 1294 3056 iuter
1313 3024 1400 3055 eoa
1558 2998 1728 3049 xxn.
1755 3015 1802 3048 1.
1829 2996 2123 3047 Trallianos.
2154 2996 2346 3045 Tralles
2376 2992 2508 3059 oppi-

380 3086 609 3155 pactione
649 3090 1023 3149 interveniente,
1054 3100 1111 3136 ut
1128 3123 1143 3147 ‚
1180 3088 1233 3135 ni
1268 3089 1398 3135 intra
1489 3078 1606 3127 dum
1629 3075 1692 3128 nb
1712 3078 1908 3143 Argivis
1935 3090 1984 3126 et
2002 3076 2298 3141 quibusdam
2316 3072 2512 3124 Thraci·

376 3177 564 3215 certum
588 3164 717 3216 diem
751 3168 983 3233 Lysanins
1010 3168 1268 3233 pecuniam
1290 3166 1399 3215 red-
1487 3158 1580 3206 bus
1603 3160 1653 3206 in
1683 3159 1793 3207 Asia
1811 3158 2083 3216 conditum,
2099 3157 2152 3205 in
2167 3152 2506 3221 promontorio

377 3244 587 3294 didisset
606 3281 622 3306 ‚
653 3246 837 3296 fundus
872 3246 1022 3313 pleno
1057 3248 1164 3308 jure
1196 3246 1404 3294 Deciani
1487 3248 1661 3287 nutura
1688 3239 1898 3287 munito.

372 3324 679 3389 efficeretur,
730 3339 781 3376 et
804 3326 858 3375 id
891 3327 1026 3391 quod
1064 3322 1243 3373 fiducia
1270 3336 1400 3384 erat,
1563 3336 1616 3368 α.
1654 3318 1940 3381 Pythodori.
1957 3316 2085 3365 'Vide
2114 3314 2408 3364 Strabonem
2429 3312 2503 3361 lib.

372 3408 597 3454 transiret
618 3408 673 3454 in
701 3407 782 3469 jus
802 3405 906 3455 veri
932 3406 1149 3469 certique
1173 3402 1396 3453 dominii.
1485 3398 1628 3447 xlv.
1651 3398 1893 3463 Singulari
1913 3414 2024 3445 cum
2047 3395 2284 3461 Pompeio
2303 3392 2504 3443 amicitia

374 3486 584 3551 Lysoni·
617 3486 683 3535 nd
717 3486 849 3536 diem
878 3502 983 3534 non
1011 3484 1257 3542 solvente,
1294 3482 1396 3530 De·
1479 3474 1680 3539 iunctus
1705 3474 1814 3526 fuit.
1846 3480 2001 3543 Supra
2041 3474 2142 3524 duo
2175 3474 2332 3521 minin
2371 3474 2508 3522 talen·

370 3566 541 3613 cianus
576 3564 803 3614 fiduciam
841 3565 940 3613 sibi
966 3566 1269 3612 commissam
1296 3578 1399 3609 esse
1487 3564 1590 3603 tum
1609 3553 1909 3621 possidebat.
1929 3555 2090 3605 Caesnr
2101 3552 2231 3601 bom
2247 3554 2292 3613 ej
2301 3568 2357 3600 us
2372 3546 2502 3599 vendi

372 3642 527 3705 dixit,
554 3644 606 3693 id
632 3654 729 3705 est,
752 3644 954 3693 fundum
978 3660 1121 3707 quem
1148 3654 1203 3691 ut
1220 3642 1399 3707 pignus
1485 3636 1652 3695 iussit,
1696 3649 1810 3699 quoe
1831 3644 1998 3699 postea
2025 3632 2234 3680 redemit
2262 3626 2503 3695 Pythodo-

368 3739 400 3770 ἃ
422 3724 629 3787 Lysania
648 3722 902 3789 acceperat
915 3760 929 3783 ‚
952 3740 1055 3771 esse
1070 3738 1229 3771 suum.
1488 3730 1570 3761 ms
1589 3749 1603 3774 ,
1631 3721 1680 3762 et
1703 3716 1890 3779 integra
1913 3708 2028 3761 filiis
2045 3709 2260 3775 reliquit.

450 3803 526 3849 15.
554 3804 662 3850 Etsi
689 3814 848 3851 teneo.
870 3802 1060 3850 Notum
1078 3802 1254 3849 habeo.
1561 3796 1612 3844 3.
1646 3790 1893 3849 AEcidem‘‚
1952 3792 2222 3856 Lepisones.
2271 3788 2500 3840 Niebuhr.

450 3882 530 3929 16.
564 3882 730 3929 Totum
762 3880 891 3930 enim
923 3890 1180 3929 convertet.
1225 3880 1392 3935 Penta·
1482 3876 1682 3936 conjicit
1709 3912 1724 3937 ,
1763 3896 1786 3918 α
1817 3871 2098 3925 Archidemi
2131 3905 2146 3930 ,
2219 3870 2445 3919 Critoncs
2465 3888 2498 3911 ι.

370 3959 572 4023 gathan:
619 3984 644 4003 ι-
662 3970 824 4009 totum
872 3962 1000 4009 enim
1046 3970 1349 4009 converteret
1371 3994 1389 4023 ‚
1481 3954 1602 4003 J.v.
1619 3956 1687 4001 Ἰ..

370 4050 517 4105 atquc
543 4040 635 4088 alin
663 4040 865 4104 fingeret
880 4062 920 4087 ι».
1553 4041 1603 4088 4.
1631 4033 1762 4092 Alii,
1801 4030 1954 4078 ubuic
1977 4027 2062 4076 tali
2078 4050 2118 4074 ι.
