2594 4537
598 269 985 338 ORATIO
1035 269 1246 336 PRO
1296 268 1610 336 DOMO
1660 269 1877 337 SUA.
2160 267 2303 353 425

159 395 476 466 lescente
513 393 904 462 auctoritas
925 444 944 478 ,
999 413 1080 460 ea
1100 444 1120 478 ,
1191 403 1494 487 propter
1533 403 1807 461 tantam
1856 391 2313 486 conjunctio-

159 529 330 575 nem
370 500 765 588 affinitatiS,
793 503 1032 572 minor
1052 514 1158 571 est
1189 498 1533 598 putanda.
1578 503 1703 571 Sin
1742 517 1984 572 autem
2014 504 2312 574 scientia

161 629 269 685 est
308 615 636 708 quaesita,
677 614 842 708 quis
886 624 1037 682 erat
1087 613 1329 680 minus
1388 613 1705 706 perituS,
1754 637 1973 710 quam
2026 616 2125 700 is,
2180 617 2311 709 qui

157 725 408 824 paucis
443 721 584 794 illis
620 720 877 792 diebus
902 722 976 790 in
1007 721 1393 818 collegium
1424 737 1714 821 venerat
1734 722 1905 819 i‘qui
1933 725 2145 792 etiam
2176 720 2313 818 tibi

161 850 316 906 erat
343 833 568 928 magis
601 830 992 903 obstrictus
1024 829 1383 901 beneficio
1418 832 1695 901 recenti
1718 884 1737 919 ,
1772 856 2001 928 quum
2032 853 2107 902 se
2128 886 2148 920 ,
2178 829 2315 901 fra-

161 959 348 1014 trem
377 943 627 1012 uxoris
664 956 838 1030 tuae,
881 940 1082 1012 fratri
1115 956 1246 1010 tuo
1285 965 1633 1037 germano
1678 942 2071 1013 antelatum
2110 941 2313 1014 vide·

157 1052 308 1122 bat.
351 1052 498 1121 Etsi
541 1052 612 1120 in
654 1076 744 1122 eo
775 1049 1148 1148 providisti
1169 1049 1196 1094 5
1224 1106 1244 1140 ,
1294 1077 1388 1122 ne
1418 1050 1638 1124 frater
1669 1067 1741 1122 te
1784 1077 2118 1124 accusare
2146 1078 2314 1152 pos-

157 1177 290 1234 set.
328 1167 525 1232 Hanc
569 1175 645 1232 tu
685 1162 905 1259 igitur
951 1161 1481 1234 dedicationem
1538 1164 1901 1261 appellaS,
1961 1163 2050 1235 ad
2092 1189 2314 1261 quam

159 1297 316 1344 non
352 1272 777 1368 collegium,
823 1297 972 1344 non
1016 1272 1428 1345 honoribus
1477 1275 1733 1372 populi
1771 1277 2056 1346 romani
2098 1301 2314 1346 orna-

160 1399 318 1455 tum
376 1382 834 1481 pontificem,
885 1409 1032 1454 non
1075 1385 1393 1482 denique
1446 1385 1985 1456 adolescentem
2048 1410 2313 1481 quem-

159 1493 470 1592 quamfi,
505 1519 734 1591 quum
763 1492 1078 1566 haberes
1101 1496 1174 1565 in
1207 1495 1515 1593 collegio
1544 1493 2132 1568 familiarissimos
2152 1549 2171 1580 ,
2200 1492 2318 1564 ad-

163 1606 422 1677 hibere
465 1608 812 1703 potuisti?
859 1603 1088 1676 Affuit
1133 1608 1192 1677 is
1222 1662 1240 1695 ,
1295 1609 1353 1676 si
1394 1606 1617 1677 modo
1652 1603 1861 1676 affuit
1898 1661 1917 1694 ,
1953 1629 2177 1704 quem
2238 1619 2321 1674 tu

159 1715 547 1813 impulisti,
589 1741 797 1786 soror
828 1718 1139 1813 rogavit,
1191 1731 1422 1786 mater
1460 1719 1716 1813 coegit.

260 1824 519 1898 Videte
536 1827 775 1922 igitur,
809 1825 1222 1923 pontificeS,
1253 1825 1434 1922 quid
1463 1831 1789 1897 statuatis
1815 1830 1893 1897 in
1912 1852 2073 1898 mea
2102 1851 2318 1898 causa

163 1937 257 2008 de
296 1938 621 2006 omnium
677 1935 1010 2006 fortuniS.
1058 1943 1349 2035 Ergone
1388 1935 1856 2034 pontificem⁷
1900 1940 2207 2035 putatis,
2256 1938 2317 2008 si

159 2050 224 2116 is
265 2059 552 2144 postem
606 2049 919 2116 tenuerit
955 2062 1027 2117 et
1069 2046 1345 2145 aliquid
1388 2047 1687 2135 dixerit,
1720 2047 2022 2117 domum
2062 2050 2317 2118 unius·

161 2157 522 2252 cujusque
562 2181 985 2228 consecrare
1023 2159 1282 2256 posse?
1316 2162 1425 2228 An
1452 2155 1651 2228 istae⁸
1690 2156 2212 2244 dedicationeS,
2243 2173 2317 2228 et

161 2266 608 2365 templorum
689 2283 762 2338 et
828 2267 1310 2341 delubrorum
1360 2272 1781 2367 religiones,
1825 2270 1914 2340 ad
1962 2270 2319 2341 honorem

161 2377 472 2449 deorum
515 2378 1072 2467 immortalium,
1105 2382 1258 2451 sine
1320 2380 1465 2451 ulla
1512 2382 1779 2451 civium
1826 2381 2225 2452 calamitate
2280 2406 2322 2451 a

157 2487 568 2583 majoribus
606 2491 872 2559 nostris
903 2495 1313 2562 constitutae
1347 2492 1689 2563 sunt?Est
1718 2494 2062 2563 inventus
2090 2491 2321 2562 tribu-

159 2624 304 2669 nus
345 2598 608 2696 plebis,
645 2601 774 2696 qui
820 2600 1325 2673 consularibus
1364 2602 1591 2699 copiis
1631 2605 2026 2672 instructus
2052 2658 2069 2687 ,
2119 2601 2321 2671 omni

157 2712 444 2806 impetu
474 2706 741 2779 furoris
761 2711 836 2781 in
866 2736 1034 2782 eum
1063 2717 1294 2783 civem
1316 2714 1633 2798 irruerit,
1650 2739 1870 2811 quem
1900 2714 2319 2809 perculsum

157 2826 318 2918 ipsa
361 2819 774 2918 respublica
813 2824 960 2892 suis
999 2822 1335 2894 manibus
1364 2825 1759 2894 extolleret.

263 2933 510 3002 XLVI.
551 2932 781 3023 Quid,
817 2934 874 3003 si
905 2936 1070 3030 quis
1105 2935 1355 3005 similis
1385 2938 1591 3004 istius
1622 2934 1911 3029 (neque
1941 2934 2136 3002 enim
2170 2932 2318 3025 jam

161 3041 508 3126 deerunt,
543 3044 670 3138 qui
709 3043 968 3113 imitari
1015 3043 1284 3139 velint)
1324 3045 1637 3142 aliquem
1686 3045 1828 3114 mei
1866 3042 2318 3130 dissimilem,

160 3154 286 3223 cui
329 3150 732 3249 respublica
770 3179 919 3223 non
960 3167 1242 3223 tantum
1272 3152 1573 3243 debeat,
1616 3178 1745 3251 per
1779 3154 1923 3221 vim
1953 3149 2321 3237 afflixerit,

159 3371 331 3428 nium,
360 3372 445 3432 qui
475 3369 539 3416 ad
565 3371 852 3435 Virgilium,
889 3350 1084 3419 AEneid.
1111 3372 1201 3421 lib.
1291 3375 1459 3423 Clodii
1489 3372 1693 3423 arbitrio
1724 3386 1910 3429 venena
1938 3371 2100 3418 omnia
2124 3371 2319 3418 tractari

159 3450 291 3496 VIII
315 3482 330 3507 ,
358 3464 485 3497 vers.
511 3452 644 3513 269,
681 3452 828 3499 verba
867 3452 951 3499 illa
997 3452 1202 3501 Cicero·
1293 3454 1441 3501 dieat.
1820 3448 1853 3499 ι’

159 3530 272 3587 nis,
312 3542 425 3591 quae
469 3529 534 3577 ad
574 3530 706 3577 hunc
755 3530 1043 3596 pontificem
1089 3548 1201 3595 per·
1367 3536 1416 3582 6.
1456 3534 1801 3596 Quemquam.'
1828 3531 1931 3593 Qui
1960 3530 2051 3577 tibi
2086 3528 2320 3591 unguine

159 3610 326 3655 tinent
353 3639 370 3665 ,
433 3623 540 3671 cap.
581 3604 644 3655 52
663 3646 676 3667 ,
715 3610 963 3659 Pinarium
1007 3612 1202 3659 Nattam
1293 3612 1586 3672 conjunctus
1611 3626 1716 3658 non
1739 3621 1880 3658 esset.
2288 3660 2297 3667 ,

161 3685 448 3735 describere
475 3686 698 3737 affirmat.
741 3728 760 3745 ,
1368 3708 1416 3751 7.
1446 3692 1573 3748 Alii,
1600 3690 1902 3748 «verbone,
1924 3685 2209 3752 pontifices,
2230 3702 2321 3749 pn-

239 3768 289 3815 5.
318 3768 380 3813 In
400 3782 458 3814 eo
467 3768 741 3832 providisti.
756 3770 1028 3818 Obscurius
1047 3770 1201 3832 enim,
1294 3771 1407 3819 tatis
1424 3791 1469 3819 o.
1492 3770 1688 3818 Lallem.
1712 3786 1739 3816 e
1758 3768 1955 3815 dnobus
1974 3766 2123 3813 codd.
2144 3765 2313 3829 regiis,

161 3846 333 3911 qualia
377 3862 504 3911 saepe
544 3858 762 3897 oratores
811 3850 864 3897 iu
903 3850 1208 3897 adversarios
1295 3851 1569 3898 «Vei-bone
1592 3848 1846 3912 pontificis
1866 3846 2101 3911 putatis..
2118 3882 2129 3892 .
2156 3861 2325 3894 conse-

153 3930 348 3987 jnctare
379 3926 554 3974 solent.
587 3929 798 3977 Videtur
827 3944 1014 3977 veneno
1047 3928 1208 3977 subla·
1297 3929 1425 3977 erari
1444 3922 1620 3993 posse?
1644 3950 1669 3969 a
1690 3928 1739 3974 J.
1756 3928 1821 3972 V.
1845 3927 1901 3972 1..

165 4016 274 4053 tum
323 4021 437 4053 eum
491 4006 722 4065 innuere,
751 4024 902 4070 quum
947 4008 1048 4056 alio
1093 4008 1207 4055 loco
1374 4010 1421 4055 8.
1448 4008 1609 4057 Groev.
1634 4007 1753 4054 Ern.
1784 4011 1847 4053 ‚dt
1864 4004 1985 4051 iseoe.
