2594 4537
570 310 956 378 ORATIO
1003 309 1206 378 PRO
1257 310 1408 379 CN.
1458 311 1949 380 PLANCIO.
2179 307 2316 380 565

181 454 358 528 quae
396 427 742 500 fidelitate
789 430 1182 500 amicorum
1238 447 1659 502 conservata
1700 433 1828 517 sit,
1869 431 2322 504 inimicorum

187 539 549 612 modestia
569 537 632 594 ¹4
673 563 822 610 non
859 563 1012 610 esse
1043 543 1461 637 appetitam.

295 653 511 720 XXX.
577 647 1064 747 Respondebo
1125 648 1258 721 tibi
1315 651 2001 738 nunc„Laterensis
2024 705 2043 740 ‚
2090 654 2331 724 minus

189 756 497 829 fortasse
542 758 1032 847 vehementer,
1086 783 1308 857 quam
1360 757 1489 830 abs
1543 773 1613 832 te
1667 784 1825 831 sum
1866 777 2331 859 provocatus3

193 869 328 941 sed
361 860 689 966 profecto
716 894 854 940 nec
881 869 1328 941 considerate
1360 870 1635 957 minue,
1662 894 1796 941 nec
1820 872 2061 941 minus
2086 873 2331 944 amice.

189 983 382 1052 Nam
415 980 731 1078 primum
763 978 944 1051 illud
972 979 1108 1051 fuit
1135 979 1524 1078 asperius¹,
1551 1003 1668 1050 me
1689 1034 1708 1067 ,
1740 1005 1899 1078 quae
1931 979 2021 1051 de
2044 982 2335 1054 Plancio

193 1089 555 1178 dicerem,
601 1093 933 1179 mentiri,
970 1107 1044 1163 et
1077 1093 1425 1190 temporis
1462 1115 1672 1162 causa
1715 1091 2010 1189 fingere.
2054 1092 2339 1164 Scilicet

193 1199 424 1270 homo
457 1201 742 1298 sapiens
777 1202 1218 1299 excogitavi,
1267 1199 1745 1299 quamobrem
1802 1199 2081 1272 viderer
2126 1206 2338 1274 maxi·

195 1311 338 1382 mis
370 1309 704 1382 beneficii
726 1312 1034 1384 vinculis
1066 1311 1493 1402 obstrictus»,
1527 1335 1752 1408 quum
1789 1309 1974 1382 liber
2008 1335 2235 1388 essem
2268 1328 2340 1385 et

195 1419 500 1494 solutus.
541 1420 735 1511 Quid
777 1423 1018 1494 enim?
1049 1421 1232 1493 mihi
1267 1421 1358 1493 ad
1398 1419 1937 1520 defendendum
1967 1421 2334 1494 Plancium

195 1553 458 1632 parum
500 1530 778 1620 multae,
816 1555 1072 1629 parum
1119 1531 1328 1626 justae
1382 1530 1945 1603 necessitudines
1989 1547 2193 1602 erant
2231 1531 2337 1603 fa-

195 1639 625 1713 miliaritatis
647 1695 666 1730 ‚
709 1641 1090 1712 vicinitatis
1112 1696 1132 1730 ‚
1183 1645 1408 1740 patris
1458 1639 1831 1712 amicitiae?
1874 1664 2033 1737 quae
2084 1643 2143 1710 si
2188 1666 2338 1711 non

198 1766 478 1840 essent,
521 1777 809 1824 vererer
826 1765 884 1842 ²,
925 1751 1182 1838 credo,
1221 1777 1313 1823 ne
1363 1754 1671 1849 turpiter
1707 1748 2017 1822 facerem
2040 1804 2059 1839 ‚
2105 1752 2165 1822 si
2199 1750 2342 1822 hoc

199 1860 592 1959 splendore
653 1871 728 1934 et
793 1861 931 1934 hac
1000 1861 1346 1958 dignitate
1412 1861 1785 1932 hominem
1850 1859 2341 1933 defenderem.

146 1987 156 1996 ‘
199 1972 568 2068 Fingenda
611 1971 749 2044 fuit
789 1971 1008 2061 mihi,
1045 1969 1326 2068 judices
1343 1969 1396 2059 3,
1440 1995 1650 2042 causa
1687 1985 2066 2068 peracute,
2115 1987 2197 2043 ut
2240 1973 2343 2060 ei,

200 2081 460 2181 quem²¹1
474 2082 652 2154 mihi
688 2081 956 2155 debere
1003 2096 1415 2180 oporteret,
1466 2107 1601 2178 ego
1646 2106 1764 2152 me
1800 2084 2041 2152 omnia
2078 2081 2345 2154 debere

199 2193 540 2266 dicerem.
579 2198 672 2265 At
723 2192 795 2263 id
842 2193 1054 2264 etiam
1109 2192 1409 2289 gregarii
1464 2191 1724 2261 milites
1780 2189 2057 2262 faciunt
2103 2193 2345 2283 inviti,

201 2318 290 2377 ut
343 2326 685 2375 coronam
729 2304 904 2375 dent
947 2304 1242 2374 civicam
1266 2357 1288 2389 ‚
1332 2316 1405 2373 et
1459 2328 1533 2372 se
1589 2301 1681 2373 ab
1732 2301 1976 2400 aliquo
2032 2320 2347 2375 servatos

201 2440 360 2487 esse
386 2413 791 2485 fateantur:
835 2437 980 2484 non
1019 2437 1168 2508 quo
1206 2427 1421 2509 turpe
1455 2414 1585 2500 sit,
1624 2426 2033 2509 protectum
2066 2415 2142 2483 in
2170 2414 2346 2501 acie,

203 2526 526 2597 hostium
561 2522 940 2594 manibus4
977 2523 1158 2619 eripi
1183 2523 1228 2617 ⁸(
1254 2545 1421 2593 nam
1467 2520 1543 2592 id
1590 2523 1953 2609 accidere,
2000 2524 2138 2593 nisi
2180 2522 2347 2596 forti

202 2639 404 2723 vim,
456 2648 530 2706 et
577 2639 929 2731 pugnanti
978 2632 1340 2719 cominuS,
1396 2656 1545 2702 non
1598 2634 1937 2729 potest);
1996 2632 2123 2703 sed
2161 2656 2348 2705 onus

201 2742 544 2832 beneficii
592 2741 1106 2828 reformidant,
1159 2740 1357 2839 quod
1406 2764 1877 2838 permagnum
1926 2755 2072 2829 est,
2115 2740 2349 2813 alieno

205 2852 476 2925 debere
512 2851 704 2923 idem
728 2906 747 2939 ‚
790 2850 992 2948 quod
1028 2852 1313 2947 parenti
1336 2846 1387 2919 5.
1436 2854 1588 2947 Ego
1610 2905 1629 2938 ,
1668 2874 1897 2946 quum
1930 2852 2151 2920 ceteri
2182 2877 2349 2924 vera

203 2964 598 3053 beneficia,
626 2964 836 3035 etiam
869 2964 1146 3034 minora
1169 3014 1188 3049 ,
1227 2958 1715 3048 dissimulent,
1750 2984 1842 3030 ne
1873 2957 2169 3056 obligati
2196 2984 2349 3031 esse
2424 2958 2430 2971 '

206 3167 328 3217 edit.
359 3166 588 3233 princepe
601 3202 618 3229 ,
647 3182 815 3215 omne·
833 3165 954 3215 editi
973 3174 1084 3213 ente
1106 3166 1235 3211 Gru-

205 3260 368 3298 terum
401 3248 560 3296 debes.
597 3247 844 3305 Cannium,
883 3247 1041 3311 inquit
1078 3248 1233 3296 Gare-

1397 3162 1446 3210 3.
1475 3159 1589 3209 Fuit
1614 3157 1763 3218 milei,
1781 3156 1989 3225 judices.
2016 3157 2212 3207 Lallem.
2239 3171 2356 3224 poet

1325 3242 1575 3293 Graevium
1606 3256 1633 3287 e
1660 3241 1785 3287 Mss
1810 3254 1959 3285 causa
1973 3250 2233 3302 peracute.
2271 3239 2353 3289 Al.

206 3328 376 3377 tonius
389 3362 404 3386 ,
449 3326 623 3377 Cicero
667 3326 750 3375 hie
793 3326 1059 3390 alloquitur
1077 3360 1091 3385 ,
1130 3340 1232 3373 non
1322 3332 1587 3387 peracuta.
1636 3318 1798 3376 ΜιΙος
1844 3332 2019 3381 nempe
2065 3332 2207 3366 causa
2251 3334 2355 3366 non

205 3406 358 3456 debes
373 3442 388 3468 ‚
417 3421 568 3470 quum
594 3404 704 3453 talin
727 3405 880 3455 homo
905 3406 997 3465 sie,
1027 3404 1235 3468 talisque

207 3486 334 3535 civis
347 3519 362 3544 ,
387 3484 441 3532 id
460 3484 746 3550 prodicere.

287 3571 367 3619 τί.
401 3564 659 3615 Modestia.
687 3564 792 3613 Alii
822 3562 970 3613 codd.
998 3561 1236 3611 exhibent

207 3642 453 3703 molestia,
472 3644 611 3693 mele.

279 3724 452 3777 XXX.
487 3738 534 3769 1.
567 3720 826 3788 Illndftu'e
847 3721 1078 3786 asperius.
1109 3718 1238 3770 Sub-

205 3800 328 3851 aud.
353 3800 544 3849 auditu.

286 3894 335 3928 a.
367 3882 582 3927 Vererer.
617 3881 694 3927 Ita
747 3894 810 3926 ex
852 3880 1034 3929 Erfurt.
1068 3878 1239 3927 codice

207 3958 438 4010 Gravius
464 3956 738 4005 emendavit
755 3990 774 4019 ,
809 3974 961 4022 quum
986 3974 1238 4023 perperam

207 4052 390 4088 vereor
411 4046 554 4085 antee
577 4035 819 4085 ederetur.

1332 3414 1405 3451 eet
1445 3408 1703 3466 peracuta,
1737 3395 1824 3446 sed
1862 3408 2091 3461 peracute
2132 3396 2353 3462 fingitur.

1327 3478 1525 3534 Schiitn.
1548 3477 1669 3541 legit
1686 3486 1966 3541 permeate,
1993 3477 2109 3541 quie
2134 3476 2205 3524 sic
2228 3477 2353 3525 infre

1326 3559 1512 3609 ironice
1534 3572 1548 3605 :
1572 3579 1599 3599 ιι
1616 3571 1708 3620 ego
1729 3556 2090 3605 humectatus
2107 3576 2152 3604 υ.

1404 3647 1451 3695 4.
1500 3636 1722 3685 Hostium
1782 3633 2005 3683 manibus
2066 3632 2216 3698 eripi,
2260 3644 2357 3683 etc.

1328 3721 1502 3769 nav-r.
1546 3738 1571 3760 ο
1598 3733 1661 3765 ex
1698 3716 1919 3764 hostium
1956 3714 2179 3762 manibus
2201 3736 2223 3757 ι
2242 3752 2257 3777 ,
2300 3725 2357 3763 ut

1328 3814 1475 3863 supra
1512 3812 1619 3861 cap.
1654 3812 1745 3844 io:
1786 3816 1809 3838 ι
1830 3812 1894 3843 ex
1932 3794 2096 3859 impiis
2130 3793 2355 3843 menibus

1329 3878 1611 3943 eripuerunt
1639 3896 1684 3924 ι.
1793 3902 1799 3909 ·

1402 3960 1448 4008 5.
1464 3955 1639 4006 Alieno
1655 3954 1827 4004 debm
1838 3953 1987 4015 idem,
2004 3952 2359 4019 quodparenti.

1332 4034 1450 4083 Scil.
1478 4034 1625 4083 vitem
1648 4032 1824 4098 ὅρηαι.
