2594 4537
576 512 1707 623 ARGUMENTUM.

112 752 258 805 «Non
277 788 294 815 ,
319 747 555 825 opinor,
583 744 1035 807 Demosthenem
1071 744 1366 805 orationes
1396 730 1715 816 illustrant,
1751 761 1895 821 quas
1936 742 2211 801 adversus

181 855 384 902 tutores
423 862 560 902 suos
607 843 970 922 composuit:
1017 862 1124 901 nec
1165 841 1540 913 Ciceronem,
1580 858 1851 917 magnum
1892 852 2213 909 oratorem,

179 946 231 1001 P.
260 944 524 1019 Quintius
553 944 826 1005 defensus
852 956 953 1004 aut
981 942 1234 1003 Licinius
1257 940 1506 1001 Archias
1534 939 1790 999 faciunt:
1835 940 2079 1009 Catilina
2099 981 2116 1008 ,
2156 954 2216 999 et

181 1042 312 1099 Milo
326 1085 343 1109 ‚
362 1048 666 1115 etVerres,
690 1054 748 1101 et
761 1041 1078 1115 Antonius,
1099 1040 1251 1099 hanc
1272 1038 1359 1097 illi
1378 1039 1622 1119 sormam
1644 1037 2155 1097 circumdederunt
2170 1064 2214 1095 υ.

179 1144 310 1211 Quae
358 1159 542 1218 quum
595 1140 656 1198 in
707 1136 859 1198 libro
917 1138 990 1197 de
1033 1136 1381 1211 Oratoribus
1434 1135 1593 1217 (cap.
1638 1134 1749 1221 37)
1801 1137 2217 1217 proferuntur,

185 1234 604 1315 intelligendum
639 1249 726 1295 est
763 1248 986 1295 tantum
1029 1234 1286 1293 habitam
1316 1253 1424 1313 pro
1461 1232 1675 1293 Archia
1713 1233 2035 1293 orationem
2086 1253 2216 1291 cum

179 1330 598 1391 absolutissimis
637 1332 724 1390 his
754 1332 984 1411 scriptis
1027 1352 1144 1390 non
1185 1350 1358 1409 posse
1402 1329 1697 1399 conferri:
1736 1343 1985 1389 attamen
2019 1348 2221 1408 quam-

179 1446 334 1505 quam
361 1448 470 1509 pro
503 1429 590 1488 rei
619 1430 1010 1507 magnitudine
1051 1443 1113 1489 et
1138 1428 1476 1488 difficultate
1504 1427 1663 1486 nulla
1690 1440 1777 1486 est
1802 1426 2073 1489 habenda
2110 1427 2223 1485 col-

181 1524 335 1599 latio,
371 1524 669 1585 fatendum
695 1536 783 1585 est
818 1524 1063 1585 sublime
1105 1525 1354 1602 cogitata
1377 1537 1435 1582 et
1460 1522 1967 1601 exquisitissimum
1993 1522 2222 1581 dicendi

183 1640 343 1699 genus
386 1622 702 1681 maximum
741 1620 992 1701 prodere
1023 1632 1316 1681 oratorem
1334 1664 1349 1690 ,
1399 1633 1460 1679 et
1504 1618 1609 1677 uni
1648 1618 1842 1678 Tullio
1878 1618 2053 1680 fuisse
2087 1638 2223 1677 con-

183 1739 385 1779 cessum
427 1721 490 1779 in
543 1742 608 1779 re
651 1718 864 1779 forensi
905 1719 1161 1779 Platonis
1203 1716 1327 1776 vim
1369 1736 1596 1775 omnem
1636 1729 1693 1776 et
1744 1716 2224 1796 magnificentiam

183 1816 472 1894 explicare.
501 1822 708 1896 Itaque
737 1816 956 1876 nullam
985 1815 1190 1895 saepius
1219 1814 1542 1873 orationem
1562 1812 1803 1892 juvenes
1832 1834 1900 1873 ac
1928 1814 2085 1873 docti
2112 1814 2223 1881 viri

185 1912 432 1974 manibus
461 1933 716 1973 versare.

250 2013 498 2085 Tullius,
527 2032 702 2091 quem
731 2022 941 2071 natura
973 2010 1323 2089 scriptorum
1342 2007 1665 2088 principem
1690 2021 1749 2067 et
1778 2022 2075 2067 oratorum
2110 2030 2223 2069 una

187 2124 506 2188 procrearat
526 2153 544 2182 ,
587 2130 705 2168 non
735 2110 884 2168 hanc
915 2122 1068 2169 certe
1099 2106 1216 2167 labi
1244 2107 1471 2181 sivisset
1505 2106 1896 2179 occasionem,
1942 2127 2057 2186 qua
2102 2107 2225 2165 lite-

185 2222 356 2267 ratum
381 2208 567 2267 virum
583 2204 898 2265 defendere
913 2249 928 2277 ,
944 2217 1001 2266 et
1021 2200 1513 2286 palamdoctrinae
1526 2203 1911 2282 patrocinium
1935 2204 2227 2283 suscipere

187 2303 435 2380 dabatur,
466 2326 540 2364 ex
570 2323 686 2382 qua
715 2301 842 2363 laus
872 2313 1062 2372 tanta,
1105 2321 1435 2380 nomenque
1463 2300 1840 2364 clarissimum
1872 2301 2225 2360 effloruerat.

189 2403 358 2460 Multa
375 2420 617 2480 quoque
641 2399 758 2458 huc
790 2397 1180 2467 confluebant,
1201 2419 1333 2477 quae
1362 2417 1493 2456 eum
1524 2416 1634 2476 pro
1662 2395 1875 2456 Archia
1905 2411 2225 2458 moverent.

191 2501 428 2558 Pronum
469 2511 558 2557 est
583 2495 696 2556 hac
742 2497 868 2576 ipsa
907 2517 981 2555 ex
1021 2495 1284 2555 oratione
1326 2495 1457 2574 quis
1490 2495 1589 2555 iue
1618 2495 1796 2556 Tullii
1834 2495 2009 2556 fuerit
2048 2495 2227 2559 cliens

189 2595 457 2674 colligere.

259 2693 342 2752 Ab
375 2675 692 2754 Antiochia
729 2703 924 2750 ortum
961 2689 1223 2764 duxerat,
1261 2711 1395 2769 quae
1422 2710 1455 2749 a
1485 2693 1761 2752 Romanis
1800 2691 1860 2750 in
1892 2691 2229 2751 servitutem

193 2787 426 2860 redacta,
446 2791 628 2851 literis
651 2801 706 2847 et
725 2785 1060 2851 liberalibus
1089 2787 1315 2848 artibus
1344 2788 1613 2847 amissum
1641 2786 1898 2850 Orientis
1924 2787 2232 2869 reparabat

193 2885 500 2964 imperium.
524 2889 700 2944 Anno
733 2885 963 2944 circiter
993 2883 1067 2943 ab
1091 2883 1240 2945 Urb.
1266 2886 1329 2943 C.
1361 2885 1476 2943 633
1503 2898 1703 2958 natus,
1729 2885 1867 2945 Asia
1892 2884 2233 2963 Graeciaque

193 2998 478 3064 peragrata
520 3002 586 3042 ac
623 2983 850 3045 Italiam
889 2981 1091 3062 petiit,
1147 2994 1206 3040 et
1250 2979 1479 3041 civitate
1522 2981 1800 3062 Neapoli,
1837 2987 2093 3042 Tarento
2148 2996 2235 3041 est

195 3077 440 3141 donatus.
475 3081 646 3140 Brevi
677 3085 922 3140 Romam
960 3077 1234 3150 advectus
1265 3077 1609 3138 clarissimos
1635 3078 1789 3138 cives
1814 3091 2095 3157 patronos
2124 3077 2234 3138 ha-

195 3173 332 3250 buit3
355 3198 504 3256 quos
525 3177 678 3236 inter
700 3175 996 3248 Lucullus,
1011 3175 1282 3240 Metellus
1299 3218 1315 3245 ,
1337 3179 1595 3247 Drusus,
1610 3179 1681 3249 Q.
1700 3176 1956 3246 CatuluS,
1972 3179 2235 3254 Catoque
2308 3173 2315 3180 ’

199 3275 464 3334 Uticensis
487 3287 655 3352 pater
681 3273 974 3352 praecipue
1001 3273 1272 3334 eminent.
1295 3277 1443 3334 Mox
1462 3293 1595 3332 eum
1612 3277 1683 3332 L,
1700 3274 1944 3334 Lucullo
1964 3273 2021 3332 in
2040 3273 2237 3334 Asiam

198 3371 476 3446 profectus
500 3383 621 3444 est3
651 3389 770 3448 quo
801 3391 876 3429 ex
905 3370 1004 3430 die
1034 3389 1218 3450 usque
1247 3369 1322 3428 ad
1351 3369 1494 3448 illud
1514 3369 1801 3448 judicium
1840 3370 1981 3428 nihil
2015 3391 2087 3429 ex
2114 3370 2237 3447 ejus

206 3467 308 3528 vita
333 3470 551 3528 clarum
583 3469 974 3528 monumentis
1011 3470 1411 3541 commissum3
1452 3467 1648 3528 forsan
1676 3480 1905 3547 tempus
1933 3466 2077 3526 illnd
2115 3487 2239 3525 car-

201 3567 326 3625 mini
351 3567 546 3638 dedit,
576 3588 696 3648 quo
725 3567 955 3626 Luculli
987 3566 1189 3626 laudes
1217 3566 1444 3624 cecinit.

261 3744 330 3810 (ι)
364 3749 717 3813 Argumentum
745 3747 868 3796 illud
897 3747 1046 3796 verbo
1072 3763 1212 3812 pene
1247 3746 1311 3794 ad
1340 3744 1540 3793 verbnm
1578 3761 1641 3800 ex
1674 3745 1963 3794 nobilissimi
1991 3747 2081 3794 viri
2112 3749 2161 3795 J.
2178 3749 2243 3795 V.

201 3838 371 3886 Leclem
395 3856 600 3888 excursu
627 3839 984 3904 expressimns3
1025 3849 1284 3886 excusatos
1320 3848 1477 3886 antem
1506 3853 1600 3885 nos
1636 3837 1711 3884 vir
1744 3835 2051 3885 doctissimus
2076 3837 2251 3886 habeat

201 3939 448 3985 precamur,
485 3927 526 3975 si
565 3927 822 3992 praeclaras
862 3925 966 3986 ejus
1007 3925 1176 3990 gallice
1217 3925 1421 3989 scriptas
1457 3924 1723 3972 sententias
1767 3924 1910 3989 culpa
1952 3927 2129 3992 saepius
2175 3927 2251 3973 in-

204 4013 319 4072 genii
360 4014 657 4064 invertimus.
