2594 4537
336 247 422 319 52
971 247 1068 314 Μ.
1121 247 1197 314 Τ.
1251 245 1815 315 CICERONIS

329 383 586 444 contra
621 381 902 465 patrem
933 379 1144 436 tuum
1181 389 1436 462 operas
1457 361 1485 407 ⁵
1518 379 1591 435 et
1634 388 1933 436 manum
1982 386 2445 464 comparasse.

327 478 550 572 Quod
590 479 649 550 si
684 475 815 548 tibi
849 500 984 574 ego
1023 473 1413 564 confiteor,
1441 489 1539 546 'tu
1570 474 1751 545 mihi
1788 472 2141 546 concedas
2168 496 2449 546 necesse

327 605 435 662 est
457 643 477 679 ,
507 589 707 659 hunc
727 643 748 676 ‚
787 611 1016 685 quum
1049 584 1371 656 Catilinae
1397 583 1948 681 suffragaretur,
1979 581 2160 654 nihil
2192 581 2283 653 de
2324 606 2447 654 suo

326 697 744 783 consulatu,
783 719 1006 793 quem
1041 694 1315 789 judicio
1366 696 1739 780 amiserat,
1792 719 1925 792 per
1971 696 2117 764 vim
2158 717 2449 790 recupe-
2548 689 2550 694 ’

324 808 557 882 rando
611 807 1054 906 cogitavisse.
1119 809 1374 902 Neque
1432 808 1625 876 enim
1682 805 1989 877 istorum
2053 802 2449 896 facinorum

325 934 696 991 tantorum
715 970 734 1005 ,
773 931 919 988 tam
977 916 1329 988 atrocium
1384 913 1657 986 crimen
1686 968 1707 1003 ‚
1747 914 2027 1010 judices
2045 967 2067 1005 ‚
2120 919 2197 986 P.
2250 914 2453 986 Sunae

323 1052 636 1128 persona
663 1027 959 1124 suscipit
975 1022 1030 1094 ⁶.

420 1144 576 1210 Jam
621 1141 816 1208 enim
851 1134 1144 1222 faciam,
1186 1131 1635 1212 criminibus
1654 1133 1998 1208 omnibus
2046 1133 2199 1206 fere
2236 1134 2455 1207 disso-
2552 1205 2554 1230 Ε

323 1249 578 1337 lutis⁷,
637 1262 886 1318 contra
932 1260 1154 1343 atque
1193 1246 1270 1316 in
1316 1245 1571 1316 ceteris
1614 1248 1841 1317 causis
1884 1243 2043 1316 fieri
2092 1245 2319 1334 solet,
2386 1259 2459 1316 ut

320 1383 521 1430 nunc
558 1356 874 1455 denique
905 1354 996 1429 de
1032 1357 1176 1426 vita
1211 1354 1529 1427 hominis
1574 1380 1659 1427 ac
1700 1354 1791 1428 de
1845 1355 2171 1428 moribus
2204 1356 2453 1429 dicam.

227 1457 238 1466 ’
324 1471 610 1540 Etenim
649 1467 742 1540 de
781 1461 1191 1566 principio8
1233 1463 1513 1537 studuit
1560 1470 1845 1538 animus
1880 1491 2265 1540 occurrere
2313 1489 2457 1538 ma-

326 1576 690 1674 gnitudini
741 1577 1151 1662 criminisv,
1197 1573 1604 1649 satisfacere
1658 1578 2173 1674 exspectationi
2224 1576 2459 1649 homi-

325 1710 544 1776 num3
596 1685 686 1757 de
725 1709 842 1757 me
905 1684 1180 1783 aliquid
1226 1686 1425 1784 ipso,
1480 1689 1608 1783 qui
1653 1701 2025 1758 accusatus
2058 1712 2304 1775 eram,
2356 1685 2459 1758 di-

331 1821 518 1870 cere.
543 1800 758 1870 Nunc
773 1796 924 1892 jam
951 1795 1340 1866 revocandi
1368 1797 1536 1868 estis
1562 1821 1677 1885 ee,
1708 1819 1859 1892 quo
1888 1821 2017 1868 vos
2036 1797 2193 1895 ipsa
2218 1821 2461 1886 causa,
2556 1813 2558 1838 ²

329 1909 546 1982 etiam
587 1909 870 1980 tacente
911 1931 1062 1996 me,
1106 1908 1297 2005 cogit
1346 1909 1632 1978 animos
1683 1921 2109 2006 mentesque
2162 1933 2461 1980 conver-

328 2034 503 2093 tere.

423 2135 648 2202 XXV.
701 2126 1064 2200 Omnibus
1107 2129 1185 2198 in
1229 2126 1451 2200 rebus
1472 2179 1492 2217 ,
1528 2128 1804 2225 judices
1824 2183 1847 2218 ‚
1898 2153 2058 2227 quae
2104 2129 2466 2227 graviores

328 2242 784 2339 majoresque
833 2253 1004 2313 sunt
1024 2292 1045 2328 ‚
1093 2235 1274 2335 quid
1318 2235 1630 2337 quisque
1674 2239 2022 2328 voluerit,
2083 2241 2465 2339 cogitarit,

327 2353 772 2436 admiserit¹‚
799 2374 952 2419 non
981 2374 1072 2419 ex
1109 2348 1409 2419 crimine
1430 2402 1450 2437 ,
1485 2349 1609 2421 sed
1646 2374 1737 2421 ex
1762 2351 2087 2423 moribus
2115 2352 2309 2448 ejus,
2343 2355 2467 2449 qui
2560 2340 2562 2381 ²

329 2462 690 2558 arguitur,
726 2472 834 2528 est
871 2454 1449 2553 ponderandum.
1488 2465 1740 2557 Neque
1770 2463 1965 2533 enim
1994 2477 2237 2561 potest
2270 2464 2467 2561 quis-

332 2594 554 2669 quam
581 2581 910 2639 nostrum
937 2565 1180 2637 subito
1203 2565 1414 2666 fingi,
1434 2594 1677 2667 neque
1704 2574 2134 2669 cujusquam
2166 2588 2468 2671 repente

329 2683 480 2751 vita
515 2679 805 2765 mutari,
845 2691 969 2749 aut
1002 2692 1256 2749 natura
1288 2683 1633 2752 converti.
1686 2686 2229 2782 Circumspicite
2265 2685 2469 2783 paul-

332 2790 553 2887 lisper
607 2785 972 2859 mentibus
1016 2788 1272 2861 vestris
1293 2842 1314 2878 ,
1371 2806 1459 2864 ut
1524 2792 1660 2863 alia
1730 2795 2143 2865 omittamus
2170 2848 2191 2883 ,
2252 2794 2471 2868 hosce

337 3021 562 3073 comitiis
598 3020 780 3070 habitis
815 3030 930 3085 pout
965 3020 1113 3070 Sulla
1153 3020 1357 3071 damna-
1444 3025 1657 3087 crimen,
1692 3026 1755 3075 de
1778 3042 1881 3092 qno
1906 3028 2115 3094 quatio
2132 3040 2235 3089 eet,
2272 3030 2475 3098 omn-gui

340 3104 547 3153 tionem.
1445 3115 1496 3152 et
1524 3104 1745 3154 refutari.

411 3182 462 3229 5.
503 3182 702 3245 Operas.
731 3177 884 3244 Apud
913 3177 1198 3229 Ciceronem
1230 3195 1359 3244 nepe
1518 3199 1569 3245 7.
1604 3183 1877 3235 Dissolueis.
1904 3189 1947 3236 1.
1970 3202 2013 3237 e.
2034 3188 2277 3237 resuntis.

335 3258 559 3309 invenire
579 3258 696 3305 licet
723 3273 894 3321 operas
925 3256 1024 3305 dici
1059 3273 1153 3322 pro
1183 3274 1363 3322 opera-
1522 3264 1575 3310 8.
1618 3266 1694 3311 De
1730 3263 1989 3329 principio.
2048 3266 2251 3315 Scilicet
2294 3284 2476 3318 cauam

338 3338 426 3387 riis
439 3372 456 3401 ‚
497 3350 622 3401 quor
659 3335 935 3385 conducere
973 3336 1224 3397 solebam,
1270 3338 1361 3402 qui
1449 3339 1647 3391 Schiitz.
1672 3344 1917 3409 rercripeit
1932 3361 1966 3391 a
1983 3344 2339 3411 prineipim—
2366 3347 2481 3397 Ani-

337 3418 440 3467 vim
463 3416 674 3481 aliquam
695 3414 1040 3475 moliebantur,
1058 3427 1118 3465 ut
1143 3417 1198 3463 in
1214 3417 1358 3465 Vati-
1445 3436 1571 3469 ωας.
1599 3422 1759 3471 Meus.

338 3498 492 3547 nium.
519 3496 600 3545 An
619 3495 712 3543 erit
732 3493 836 3541 haec
863 3494 1002 3559 optio
1018 3530 1033 3555 ,
1068 3506 1116 3543 et
1140 3506 1359 3561 potestas
1518 3514 1571 3563 9.
1611 3502 1872 3549 occurrere
1892 3502 2219 3567 magnitudini
2240 3502 2477 3554 enh-im.

339 3586 451 3638 tun,
491 3584 547 3623 nt
583 3590 737 3637 quum
775 3571 1034 3621 Clodianas
1075 3590 1274 3638 opem,
1310 3588 1361 3625 et
1447 3577 1509 3627 Id
1535 3590 1637 3638 est,
1664 3580 1927 3630 dissolvere
1952 3582 2167 3645 crimen,
2195 3582 2481 3631 adver-ario

335 3655 721 3703 facinorosorum
742 3652 996 3700 hominum
1018 3670 1210 3701 manum
1229 3654 1363 3702 vide·
1449 3658 1677 3706 refutato.

335 3735 404 3783 ris
422 3770 438 3795 ,
485 3732 718 3781 Milonem
760 3730 891 3779 dicas
925 3732 1275 3795 gladiatoribus
1314 3743 1364 3781 et
1522 3737 1693 3785 XXV.
1716 3752 1759 3785 1.
1796 3738 2031 3799 Voluen'e,
2054 3738 2298 3803 cogitarit,
2317 3740 2481 3789 admi·

337 3812 573 3861 bestiariis
597 3810 841 3859 obredine
867 3826 1020 3875 remp.
1449 3814 1583 3863 serit.
1611 3815 1829 3865 Primum
1860 3819 1989 3865 enim
2016 3816 2267 3877 volumus,
2295 3818 2481 3867 deinde

407 3890 462 3940 6.
487 3890 631 3939 Sulla
651 3904 866 3953 persona
891 3890 1104 3955 suscipit.
1121 3889 1364 3939 Probatu—
1450 3893 1717 3957 cogitamus
1752 3910 1849 3959 qua
1888 3897 2077 3945 ratione
2101 3898 2294 3961 assequi
2314 3898 2479 3963 poeni·

343 3986 428 4019 m
453 3980 528 4019 ent
553 3968 729 4019 Cicero
755 3985 818 4017 ex
846 3968 993 4017 suna
1018 3971 1117 4019 vita
1143 3981 1362 4019 anteacta
1448 3987 1583 4032 mus,
1622 3984 1873 4037 postremo
1918 3974 2233 4025 admittimus.
2280 4004 2354 4015 —
2392 3979 2480 4025 Ea.-
