2594 4537
280 317 413 403 134
902 322 1003 388 M.
1052 321 1129 388 T.
1182 304 1770 390 CICERONIS

266 467 495 540 prope
534 443 1113 540 quingentesimo
1153 451 1400 512 ann0²
1447 437 1900 538 reipublicae,
1942 439 2401 515 retulisset-³?

266 553 409 624 Sed
445 554 505 626 si
540 551 727 624 forte
758 550 1147 650 aliquando
1186 566 1314 622 aut
1349 548 1735 624 beneficii4
1779 549 1998 648 hujus
2035 550 2396 625 obtrecta-

272 679 412 750 tor,
448 677 574 733 aut
608 663 892 734 virtutis
927 663 1193 751 hostis,
1232 675 1360 734 a'ut
1395 661 1626 734 laudis
1657 659 1946 733 invidus
1982 665 2400 736 exstitisset:

272 771 801 860 existimabam,
832 775 925 866 L,
950 773 1201 844 Flacco
1238 771 1721 863 multitudinis
1749 774 1992 871 potius
2019 774 2400 871 imperitae,

272 881 489 953 nullo
528 896 771 954 tamen
817 907 986 954 cum
1042 883 1403 983 periculo,
1451 907 1668 982 quam
1713 884 2401 981 sapientissimorum

273 1007 347 1063 et
382 991 932 1064 lectissimorum
978 997 1299 1064 virorum
1330 992 1676 1088 judicium
1717 1018 1872 1065 esse
1913 991 2397 1066 subeundum.

268 1104 555 1174 Etenim
578 1159 598 1193 ,
648 1102 912 1204 quibus
960 1102 1381 1175 auctoribus
1417 1118 1492 1175 et
1531 1101 2034 1176 defensoribus
2073 1107 2400 1176 omnium

270 1228 429 1283 tum
466 1214 655 1284 salus
684 1228 871 1287 esset
903 1239 1057 1286 non
1092 1217 1357 1285 civium
1395 1213 1667 1301 solum,
1700 1239 1950 1285 verum
1986 1217 2201 1285 etiam
2233 1239 2403 1312 gen·

273 1327 457 1394 tium
505 1323 796 1396 defensa
845 1349 927 1396 ac
978 1338 1300 1413 retenta,
1351 1327 1720 1396 nemiuem
1771 1347 2120 1421 umquam
2157 1327 2402 1420 putavi

274 1459 407 1531 per
456 1459 582 1506 eos
630 1432 881 1532 ipsos⁵
922 1435 1326 1534 perieulum
1367 1433 1583 1530 hujus
1618 1431 1931 1505 fortunis
1973 1449 2190 1532 atque
2230 1435 2401 1505 insi·

273 1542 425 1639 dias
461 1559 896 1616 creaturum.
930 1545 1151 1638 Quod
1189 1545 1251 1614 si
1282 1558 1472 1616 esset
1508 1541 1898 1642 aliquando
1925 1541 2289 1629 futurum,
2327 1559 2408 1614 ut

274 1654 533 1750 aliquis
588 1654 679 1725 de
734 1660 813 1726 L.
872 1639 1101 1726 Flacci
1158 1655 1478 1752 pernicie
1538 1658 1886 1752 cogitaret
1931 1683 1948 1726 ε
2004 1678 2402 1751 numquam

273 1779 520 1837 tamen
564 1766 997 1853 existimavi,
1039 1765 1352 1862 judiceS,
1393 1769 1482 1837 D.
1529 1764 1824 1838 Laelium
1858 1766 2114 1863 optimi
2149 1765 2282 1834 viri
2319 1765 2406 1835 fi-

275 1876 491 1962 lium,
531 1877 805 1974 optima
834 1880 1075 1976 ipsum
1108 1900 1235 1974 spe
1262 1875 1644 1974 praeditum
1675 1899 1973 1945 summae
2006 1875 2408 1972 dignitatis»,

278 2009 434 2056 eam
498 2001 1007 2086 suscepturum
1059 1990 1630 2074 accusationem,
1683 2011 1845 2082 quae
1897 1985 2407 2058 sceleratorum

182 2105 187 2108 '
281 2097 544 2167 civium
600 2101 846 2195 potius
904 2097 1076 2170 odio
1134 2083 1208 2168 et
1256 2093 1557 2185 furori⁶,
1623 2120 1842 2195 quam
1897 2097 2120 2194 ipsius
2160 2099 2410 2169 virtuti

275 2221 496 2305 atque
564 2209 961 2287 institutae
982 2206 1480 2282 adolescentiae
1508 2219 1534 2264 ⁷
1611 2209 2051 2278 conveniret.
2122 2209 2406 2279 Etenim

278 2342 509 2414 quum
551 2344 595 2389 a
627 2318 1032 2390 clarissimis
1083 2319 1249 2389 viris
1299 2318 1726 2413 justissimas
1771 2318 2177 2388 inimicitias
2222 2340 2410 2415 saepe

280 2452 449 2511 cum
504 2428 697 2501 bene
754 2432 1031 2499 meritis
1090 2426 1369 2501 civibus
1418 2427 1780 2525 depositas
1835 2450 1988 2499 esse
2035 2424 2372 2499 vidissem
2392 2482 2410 2516 ,

279 2562 433 2608 non
466 2562 628 2609 sum
662 2537 1088 2627 arbitratus,
1132 2562 1579 2637 quemquam
1613 2540 1922 2608 amicum
1953 2535 2410 2657 reipublicae,

281 2662 753 2747 posteaquam
808 2652 890 2719 L.
953 2642 1177 2721 Flacci
1234 2672 1440 2720 amor
1495 2651 1570 2717 in
1631 2650 1938 2749 patriam
1991 2662 2412 2745 perspectus

262 2773 511 2847 esset,
554 2782 778 2831 novas
825 2748 996 2831 huic
1049 2760 1498 2848 inimicitiaS,
1541 2757 1740 2829 nulla
1782 2772 2073 2854 accepta
2113 2757 2410 2852 injuria,

282 2868 900 2941 denuntiaturum.
947 2870 1127 2959 Sed,
1164 2871 1540 2968 quoniam,
1571 2868 1882 2964 judice5‚
1915 2867 2144 2939 multa
2177 2892 2314 2939 nos
2341 2882 2412 2939 et

352 3090 403 3123 a.
442 3076 601 3138 Prope
631 3072 1009 3141 quingentesimo
1054 3090 1201 3122 aimo.
1240 3074 1295 3121 Ρ.
1462 3076 1512 3135 4.
1537 3076 1643 3120 Aue
1658 3071 1892 3141 beneficii.
1919 3072 1976 3119 Id
1996 3082 2094 3131 est,
2116 3070 2408 3121 officiorum.

281 3151 509 3200 Valerius
526 3152 781 3206 Publicola
798 3186 815 3212 ‚
838 3154 1055 3218 expulsis
1075 3153 1271 3218 regibus
1285 3190 1304 3217 ,
1463 3155 1512 3203 5.
1537 3156 1636 3201 Por
1653 3168 1734 3201 eos
1753 3152 1896 3216 ipsos.
1919 3152 2138 3203 Subaud.
2161 3153 2412 3217 sapientis-

281 3232 375 3279 lnit
401 3232 585 3297 primm
611 3232 783 3281 comui
804 3248 917 3298 cuni
939 3235 1107 3283 Bruto.
1131 3235 1180 3282 A
1200 3250 1302 3299 quo
1389 3236 1538 3285 simos
1561 3246 1612 3285 et
1633 3234 1936 3299 lectissimos.

281 3324 501 3378 tempore
527 3312 587 3360 ad
606 3313 856 3362 Ciceronis
874 3314 1178 3363 consulatum
1198 3315 1302 3371 466
1461 3317 1512 3364 6.
1539 3314 1706 3363 Potius
1731 3308 1844 3361 odio
1865 3309 2112 3377 cesar-ori.
2139 3313 2268 3375 Quia
2295 3312 2409 3363 mira

280 3391 393 3439 anni
414 3405 743 3462 numerantur.
764 3394 936 3443 Cicero
955 3394 1170 3443 rotundo
1186 3410 1306 3443 usus
1391 3406 1494 3443 arte
1513 3405 1564 3442 et
1588 3392 1879 3443 fortitudine
1901 3389 2184 3440 Ciceronem
2210 3392 2411 3454 adjuve-

282 3482 355 3519 ωε
396 3488 600 3521 numero
616 3506 633 3531 ‚
687 3472 820 3537 quod
866 3484 1109 3523 oratorem
1153 3474 1307 3539 nugis
1392 3484 1468 3521 rat
1492 3474 1544 3520 in
1565 3471 1916 3533 coniurationi·
1943 3470 2251 3535 principibus
2280 3470 2412 3520 dete·

285 3550 505 3603 decebat.
1395 3551 1563 3617 gendis
1589 3561 1640 3599 et
1660 3550 1925 3615 capiendis.

356 3632 403 3679 3.
444 3630 710 3681 Retulisset.
752 3633 1075 3693 Renovnsnct,
1118 3633 1308 3681 instan-
1471 3648 1520 3693 ¹7.
1571 3634 1733 3695 Aeque
1776 3630 2009 3679 instincta
2051 3628 2412 3683 adolescentiae.

280 3720 445 3757 ranet-
474 3712 676 3759 Sueten.
707 3712 817 3761 Tib.
846 3713 911 3761 32
944 3726 959 3761 ε
989 3733 1015 3754 ιι
1041 3714 1304 3761 Ptaetorem
1393 3714 1560 3763 Graev.
1581 3711 1810 3775 conjicit,
1827 3712 1933 3759 «nic
1955 3713 2191 3759 instituta
2203 3732 2248 3759 n.
2267 3711 2414 3758 Ratio

282 3787 609 3853 collaudavit,
630 3790 767 3854 quod
790 3790 979 3839 honore
1005 3791 1127 3841 inito
1142 3828 1158 3853 ‚
1180 3808 1303 3841 con·
1390 3792 1680 3858 intelligitur
1693 3808 1788 3857 qua
1803 3792 1978 3841 Laelius
1990 3808 2124 3841 sunm
2138 3791 2420 3840 instituerat

282 3866 583 3923 suetudinem
638 3870 885 3933 antiquam
938 3870 1180 3919 retulisset
1240 3872 1304 3919 de
1390 3874 1796 3935 adolescentiam,
1835 3874 2025 3939 idque'
2009 3890 2063 3923 m
2096 3874 2278 3923 bonam
2301 3888 2412 3937 par-

280 3946 543 4005 majoribus
578 3947 679 3996 suis
710 3965 805 4014 pro
844 3951 1081 4001 concione
1116 3968 1303 4001 memo-
1390 3965 1488 4003 tem
1508 3971 1569 4003 ex
1587 3956 1697 4020 ipsa
1711 3956 1946 4005 sententia
1961 3988 1978 4016 ,
2004 3970 2154 4017 quum
2173 3954 2238 4001 sit
2259 3969 2345 4017 pei·
2360 3966 2412 3999 se

280 4024 421 4073 ‘²¹²‘st
440 4047 462 4065 ¹·
474 4058 485 4070 ·
1391 4034 1549 4085 media
1567 4034 1772 4085 locutio.
