2594 4537
280 288 421 365 632
870 253 1149 362 cAsP.
1204 290 1817 363 GARATONII

156 456 163 461 -
278 430 343 479 et
368 410 630 477 Eckhel.
654 413 733 478 T.
769 414 848 477 V.
876 415 954 478 D.
992 414 1075 479 N.
1102 435 1167 500 p.
1199 412 1531 495 ano-256,
1561 412 1877 478 extimum
1919 427 2018 475 est
2045 412 2418 479 laureatum

280 518 564 583 Honoris
598 534 824 607 caput,
857 518 1176 606 galeatum
1209 517 1482 583 Virtutis
1517 519 1788 583 interius
1809 564 1828 599 ,
1861 532 1938 580 ut
1969 517 2154 605 prior
2181 517 2418 583 inscri-

278 624 421 711 ptio
448 624 531 687 sit
559 624 699 687 ΗΟ.
724 622 1011 688 secunda
1038 622 1261 687 VIRT.
1288 624 1372 687 Et
1400 623 1470 686 in
1499 622 1846 704 Galbianis,
1863 644 2031 709 quos
2064 621 2416 688 Eckbelius

275 728 508 811 adjecit
532 777 551 810 ,
576 728 759 794 HON
766 730 889 793 OS.
919 731 1047 794 ET.
1079 730 1346 795 VIRT'V
1347 731 1411 796 S.
1437 732 1662 819 Typus
1693 729 1798 793 ille
1827 730 1909 793 ab
1939 730 2416 818 Haveroempio

273 838 399 902 Th.
438 835 689 901 Morell.
743 860 805 925 p.
857 838 977 903 185
1004 884 1023 919 ,
1057 836 1137 901 ad
1182 836 1428 902 exitum
1464 838 1616 901 belli
1657 836 1906 902 socialis
1941 836 2204 901 videtur
2250 838 2414 901 mihi

274 942 526 1031 egregie
570 943 825 1007 relatus.
864 945 1091 1008 Honos
1134 944 1309 1008 enim
1359 943 1620 1008 habitus
1653 959 1752 1008 est
1791 958 1962 1007 certe
1993 942 2218 1005 virtuti
2245 990 2268 1025 ,
2317 944 2411 1007 ci-

270 1050 466 1127 vitate
498 1050 719 1131 sociis,
752 1066 817 1113 et
850 1050 1091 1114 Latinis
1124 1048 1292 1114 data.

360 1176 418 1216 2.
467 1154 791 1218 Virtutem
828 1170 1045 1218 autem
1067 1202 1084 1236 ,
1140 1176 1269 1243 qua
1316 1153 1396 1218 de
1427 1154 1640 1243 agitur
1663 1200 1681 1229 ‚
1737 1154 2032 1218 bellicam
2069 1152 2410 1242 intelligo;

268 1282 410 1347 quae
437 1282 691 1348 semper
724 1260 999 1325 maxime
1029 1261 1268 1325 honori
1299 1260 1444 1328 fuit.
1483 1260 1780 1325 Marcum
1821 1260 1996 1323 enim
2017 1258 2408 1324 Marcellum

268 1366 604 1430 aemulatus
632 1382 731 1431 est
760 1368 832 1431 C.
863 1366 1107 1432 Marius
1130 1392 1147 1450 ς
1172 1383 1246 1431 ut
1280 1368 1703 1456 imperatores
1729 1365 1862 1430 duo
1893 1365 2408 1453 praestantissimi

266 1470 401 1534 duo
434 1474 669 1560 templa
698 1471 927 1537 iisdem
967 1472 1343 1537 nominibus
1392 1472 1771 1537 dedicarint.
1823 1473 1988 1554 Quae
2019 1494 2122 1536 res
2163 1472 2406 1536 nostris

264 1575 642 1641 hominibus
666 1625 685 1658 ,
733 1593 808 1647 ut
835 1577 1050 1666 paullo
1091 1594 1239 1666 post
1264 1576 1628 1643 videbimus
1649 1625 1666 1653 ‚
1707 1576 1918 1642 fraudi
1959 1576 2104 1641 fnit.
2139 1577 2402 1641 Tertius

264 1680 600 1745 addendus
624 1700 721 1746 est
750 1682 1140 1747 clarissimus
1171 1684 1522 1773 imperator
1549 1684 1631 1766 Q.
1659 1684 1890 1748 Fabius
1921 1682 2270 1750 Maximus.
2295 1683 2402 1748 Sic

268 1788 465 1868 enim,
503 1786 583 1851 de
615 1786 761 1850 Nat.
798 1789 992 1852 Deor.
1020 1784 1233 1871 11,'23
1259 1812 1274 1853 :
1307 1790 1532 1854 «Vides
1547 1789 1820 1853 Virtutis
1849 1787 2402 1877 templum,vidoe

260 1892 547 1955 Honoris
565 1939 582 1973 ,
613 1916 651 1956 a
676 1894 765 1956 M.
792 1894 1093 1958 Marcello
1128 1898 1556 1976 renovatum,
1578 1894 1760 1984 quod
1787 1894 2006 1960 multis
2037 1910 2188 1958 ante
2211 1894 2398 1958 annis

259 2014 393 2062 erat
426 1998 599 2061 bello
626 1999 953 2087 Ligustico
981 2022 1018 2063 a
1052 2004 1133 2081 Q.
1150 2000 1436 2065 Maximo
1455 1998 1824 2065 dedicatum
1839 2032 1884 2064 n.
1907 2000 2074 2064 Nam
2104 2001 2396 2088 primum

264 2103 461 2168 solius
488 2104 771 2168 Honoris
794 2107 1109 2193 templum
1135 2107 1471 2188 exstitisse,
1495 2106 1578 2171 de
1593 2106 1786 2197 Legg.
1815 2107 1901 2188 ΙΙ,
1923 2106 2027 2188 23,
2045 2107 2186 2194 ipse
2211 2122 2398 2170 testa·

224 2273 231 2280 .
263 2225 395 2293 tur,
429 2234 704 2300 eamque
746 2212 917 2277 illius
956 2212 1282 2278 condendi
1310 2236 1566 2280 causam
1600 2230 1888 2296 enarrat,
1927 2236 2074 2302 quae
2109 2211 2272 2276 nihil
2313 2212 2394 2279 ad

255 2316 529 2380 Fabium
555 2367 572 2400 ,
621 2319 726 2382 cui
760 2341 797 2382 a
826 2319 1255 2408 Wesselingio
1292 2319 1622 2384 tribuitur.
1669 2321 1892 2384 Fuisse
1923 2319 2164 2382 dicitur
2203 2333 2396 2382 extra

242 2423 517 2509 portam*
541 2423 857 2489 Collinam
879 2473 899 2504 ,
942 2447 1147 2512 quum
1184 2424 1671 2490 Marcellianum
1703 2425 1901 2488 fuerit
1931 2422 2013 2487 ad
2041 2427 2388 2512 Capenam.

250 2529 432 2611 Quid
462 2531 529 2591 ni
562 2531 761 2618 igitur
785 2530 983 2594 solius
1007 2531 1201 2594 etiam
1224 2530 1498 2594 Virtutis
1534 2528 1701 2594 oedes
1729 2529 2088 2594 exstiterit?
2121 2532 2208 2594 Et
2240 2531 2389 2617 qui-

250 2629 399 2695 dem
436 2657 471 2696 a
500 2635 801 2721 Scipione
844 2636 1249 2700 Numantino
1285 2634 1616 2700 conditam
1651 2634 1850 2699 tradit
1878 2636 2272 2700 Plutarchus
2309 2633 2388 2699 de

246 2739 319 2802 F.
350 2740 426 2803 R.
460 2740 497 2802 l.
528 2761 583 2802 c.
620 2737 801 2828 quod
833 2741 887 2803 si
914 2740 1001 2804 ita
1034 2741 1148 2823 sit,
1182 2739 1558 2805 addendum
1587 2756 1684 2804 est
1712 2738 1877 2804 illud
1897 2740 2132 2828 ,quod
2158 2741 2382 2828 posui,

246 2856 311 2906 et
348 2844 419 2907 V
409 2847 647 2925 irtutzk,
681 2846 1035 2934 praesertim
1062 2868 1268 2933 quum
1294 2846 1366 2909 in
1396 2845 1692 2910 Sextiana
1723 2844 2017 2909 similiter
2049 2847 2382 2910 turbatum

244 2950 460 3014 fuerit.
494 2952 721 3039 quue
745 2951 1047 3016 libentius
1084 2953 1388 3040 copulam
1411 2999 1430 3034 ,
1463 2975 1610 3040 quae
1636 2951 1884 3040 optime
1919 2949 2104 3016 deest
2129 2952 2198 3016 in
2225 2951 2384 3015 Sex-

242 3055 443 3137 tiam,
502 3057 611 3120 hic
648 3059 1049 3145 agnoverim,
1084 3057 1263 3146 quod
1299 3073 1366 3121 et
1401 3073 1606 3122 exstat
1646 3059 1716 3120 in
1758 3058 1942 3121 Verr.
1995 3058 2112 3139 IV,
2159 3055 2285 3138 54,
2319 3075 2384 3122 et

244 3161 528 3226 Marcelli
564 3165 881 3251 templum
918 3162 1078 3228 duas
1113 3164 1301 3228 cellas
1335 3163 1616 3228 habebat
1651 3163 2030 3244 conjunctas
2065 3164 2134 3227 in
2171 3163 2384 3227 latitu-

248 3268 431 3350 dine,
466 3293 587 3334 suo
626 3293 954 3358 quamque
978 3293 1261 3359 pronao,
1305 3286 1500 3356 atque
1521 3271 1689 3334 ostio
1708 3318 1727 3351 ,
1755 3293 1914 3358 quas
1941 3267 2188 3332 idcirco
2217 3269 2382 3332 oedes

247 3376 570 3464 appellant
596 3376 809 3440 Livius
834 3377 875 3439 l.
896 3399 953 3440 c.
970 3391 1035 3440 et
1050 3376 1322 3456 Plinius,
1339 3377 1616 3457 XXXV,
1639 3399 1738 3457 10,
1753 3391 1976 3439 contra
2001 3376 2066 3437 in
2089 3374 2382 3438 Mariano

246 3503 377 3545 una
418 3497 588 3563 erat,
634 3503 837 3570 eaque
864 3482 1031 3544 ostio
1066 3481 1134 3544 in
1168 3482 1412 3570 postica
1443 3495 1656 3568 parte,
1703 3480 1958 3568 porticu
1991 3496 2212 3543 tamen
2243 3502 2378 3544 non

250 3579 615 3669 deficiente,
646 3589 920 3652 carebat.
949 3589 1155 3652 Docet
1176 3587 1509 3652 Vitruvius
1533 3636 1551 3668 ,
1583 3586 1666 3650 de
1699 3609 1833 3674 quo
1861 3607 2014 3649 mox
2041 3586 2167 3650 erit
2195 3609 2380 3674 agen·

249 3694 428 3761 dum.
464 3694 735 3773 Deinde,
766 3719 971 3784 quum
1002 3696 1293 3785 proxime
1323 3697 1550 3760 Cicero
1579 3694 1801 3759 Fidem
1829 3709 1980 3757 ante
1999 3693 2316 3756 Scaurum
2341 3715 2378 3755 a

256 3801 547 3865 Calatino
586 3817 1025 3866 consecratam
1068 3799 1338 3882 dixerit,
1383 3823 1500 3863 cur
1539 3821 1676 3862 non
1717 3799 1806 3862 ibi
1857 3798 2078 3886 potius
2115 3797 2374 3884 posuit,

252 3903 643 3967 multisanee
668 3909 907 3969 annis?
942 3907 1135 3968 Nunc
1162 3906 1404 3969 multos
1437 3927 1644 3969 annos
1686 3905 1878 3968 inter.
1897 3901 2078 3968 Fabii
2117 3925 2286 3990 opus
2313 3919 2378 3966 et

254 4005 533 4068 Marcelli
564 4007 759 4072 fuisse
790 4012 961 4090 vult,
1000 4012 1112 4098 qui
1146 4011 1420 4097 aequales
1449 4011 1734 4074 fuerunt.
1772 4009 2010 4074 Fabius
2033 4030 2212 4072 anno
2249 4007 2374 4072 520
