2594 4537
279 323 424 411 046
667 322 1061 412 MARKL.
1112 326 1240 393 ET
1287 324 1582 408 GEsN.
1634 323 2057 394 PRAEFAT.

277 445 490 515 tiones
520 445 738 515 locum
759 443 1000 522 habere
1020 460 1382 534 potuerunt
1408 447 1481 509 in
1512 461 1654 511 toto
1684 445 1853 509 libro
1868 492 1887 529 ,
1918 443 2152 533 quidni
2172 446 2419 533 aliquid

276 550 522 631 simile,
559 564 626 621 ,et
655 548 858 615 levius
885 548 1186 639 quidem,
1219 549 1509 615 accidere
1542 550 1834 640 potuerit
1864 551 1933 644 in
1967 551 2231 621 fronte?
2254 550 2425 614 Prte-

280 672 456 721 terea
483 656 606 721 ista
631 654 1108 745 argumentatio
1131 656 1327 729 etiam
1349 656 1497 749 plus
1520 658 1763 722 valeret
1780 704 1800 739 ,
1834 678 2031 745 quam
2058 657 2151 720 illi
2182 658 2421 721 vellent

277 763 402 850 ipsi
418 810 437 845 ,
463 762 578 853 qui
601 784 678 847 ea
708 777 1071 827 uterentur.
1109 762 1353 829 Eadem
1376 764 1554 828 enim
1586 764 1839 829 ratione
1865 763 2057 828 nobis
2090 764 2190 849 uti
2214 764 2419 843 beent,

279 868 336 939 ni
381 868 682 933 Ciceroni
727 868 1066 934 restituere
1103 870 1503 937 voluerimus
1540 869 1876 959 epistolam
1910 868 1993 934 ad
2032 870 2387 947 Octavium
2402 916 2422 949 ,

279 997 428 1061 quae
457 990 610 1063 post
629 975 1078 1044 Ciceronianae
1109 977 1411 1067 epistolas
1438 977 1543 1049 edi
1570 979 1735 1055 solet
1751 1025 1770 1061 ‚
1798 978 1899 1043 vel
1924 978 2422 1066 responsionem

281 1081 352 1162 in
403 1080 686 1146 Sallustii
743 1082 1126 1163 invectivam
1142 1133 1162 1162 ‚
1211 1086 1317 1149 vel
1364 1084 1821 1167 allocutionem
1878 1082 1961 1148 ad
1998 1085 2325 1173 populum
2366 1100 2430 1147 et

279 1186 536 1275 equites
563 1188 1120 1277 Rom-antequam
1155 1189 1282 1257 iret
1311 1190 1381 1253 in
1418 1190 1759 1263 exsilium:
1794 1188 2041 1278 quippe
2072 1212 2211 1253 non
2244 1188 2433 1267 deest

281 1292 634 1359 auctoritas
667 1292 972 1371 codicum
990 1342 1008 1377 ,
1043 1296 1157 1385 qui
1193 1318 1437 1361 nomen
1472 1296 1803 1363 Ciceronis
1834 1296 1906 1361 in
1942 1296 2159 1359 fronte
2194 1295 2431 1359 inseri-

283 1414 474 1487 ptum
507 1418 770 1490 gerant3
795 1402 922 1467 loci
945 1403 1473 1492 autem,ingenio
1500 1402 1671 1467 illius
1698 1400 1971 1491 indigni,
2000 1424 2119 1489 per
2149 1402 2431 1467 alienam

284 1528 559 1571 manum
593 1507 751 1583 illati
783 1508 986 1574 videri
1018 1524 1373 1600 poterunt:
1405 1532 1527 1575 nec
1560 1526 1771 1573 tamen
1803 1508 1925 1579 hos
1950 1508 2203 1572 libellos
2228 1506 2435 1573 hodie

288 1607 636 1696 quisquam
683 1608 1088 1693 literatorum
1137 1634 1259 1699 pro
1316 1611 1639 1701 germanis
1684 1610 1925 1674 habere
1975 1608 2211 1674 audeat
2227 1658 2246 1691 ‚
2306 1610 2433 1673 nisi

285 1706 474 1801 quod
518 1736 732 1803 nuper
775 1714 1236 1783 allocutionem
1275 1716 1467 1781 istam
1496 1738 1620 1806 pro
1638 1716 2061 1780 Ciceroniana
2080 1714 2435 1779 laudarunt

285 1816 424 1891 duo
447 1819 569 1889 viri
599 1817 991 1907 doctissimi,
1018 1821 1391 1887 Borrichius
1425 1822 1733 1912 Cogitatt.
1762 1820 1844 1886 de
1874 1821 2065 1885 variis
2091 1821 2163 1885 L.
2188 1821 2265 1885 L.
2290 1838 2440 1886 aeta-

287 1924 500 2007 tibus,
532 1948 598 2014 p.
635 1947 792 2013 192,
825 1942 894 1992 et
916 1928 1220 1996 Vorstius
1247 1926 1333 1992 de
1358 1926 1673 2001 latinitate
1698 1926 1960 2009 selecta,
1986 1948 2052 2014 p.
2076 1926 2186 1993 63.

377 2029 562 2113 Quid
595 2032 850 2097 multa?
880 2034 1395 2121 Utrameumque
1424 2034 1811 2100 sententiam
1840 2032 2196 2122 praetuleris
2212 2080 2231 2109 ‚
2266 2064 2295 2089 ι
2312 2034 2441 2097 hnc

203 2200 210 2219 ,
293 2136 471 2209 ssanis
494 2184 514 2219 ,
547 2137 670 2233 hae
699 2139 896 2228 lupus
913 2170 972 2224 n,
1001 2142 1205 2205 aiunt.
1241 2141 1350 2223 Tu
1384 2137 1691 2203 credibile
1724 2154 1913 2229 putas
1932 2186 1952 2221 ‚
1988 2160 2208 2229 graves
2240 2160 2441 2226 quas—

293 2242 448 2327 dam
471 2246 868 2314 mutationes
897 2248 1094 2330 factas
1121 2270 1258 2312 esse
1285 2247 1355 2311 in
1381 2246 1539 2336 ipsis
1566 2246 1999 2330 orationibus3
2033 2244 2443 2310 adversarius

294 2365 453 2422 tuus
494 2351 726 2418 eodem
768 2354 916 2434 jure
964 2353 1385 2443 respondebit
1410 2401 1428 2432 ,
1478 2354 1694 2418 forsan
1742 2375 1963 2418 errore
2007 2352 2293 2442 quodam
2341 2353 2441 2417 fa-

293 2472 480 2536 ctum
527 2479 667 2522 esse
689 2504 710 2538 ‚
757 2475 836 2522 ut
883 2458 1215 2528 Ciceronis
1261 2481 1505 2524 nomen
1541 2460 1732 2524 titulo
1764 2459 2272 2524 inscriberetur:
2302 2459 2439 2541 jani

298 2561 386 2627 ad
431 2562 832 2627 contrarium
877 2563 1182 2630 relaberis
1202 2613 1222 2648 ‚
1267 2581 1517 2630 textmn
1565 2581 1800 2654 praeter
1840 2565 2126 2654 vulgaria
2174 2581 2441 2652 peccata

301 2667 720 2733 librariorum
761 2667 977 2736 adhuc
1027 2671 1334 2736 eumdem
1374 2693 1513 2737 esse
1527 2721 1546 2754 ‚
1595 2673 1801 2761 qualis
1850 2695 1931 2736 ex
1974 2672 2301 2760 scriptoris
2337 2673 2441 2735 sui

303 2793 510 2840 manu
538 2773 894 2862 prodierit3
937 2777 1101 2841 nihil
1140 2780 1311 2843 ultra
1350 2793 1593 2866 quaeret
1623 2776 2045 2844 adversarius·
2080 2779 2253 2843 Nam
2298 2799 2441 2841 ma-

303 2899 476 2968 gnus
507 2901 822 2948 numerus
864 2883 1170 2949 vitiorum
1201 2885 1417 2953 omnis
1458 2885 1711 2974 generis
1740 2885 1810 2949 in
1844 2907 1923 2950 eo
1954 2900 2139 2950 textu
2168 2883 2439 2948 faculta-

303 2997 440 3052 tem
471 2982 596 3074 ipsi
625 2986 870 3074 prebet
901 2985 1429 3072 demonstrandi,
1462 2989 1637 3080 illurn
1668 3010 1935 3053 manum
1968 3010 2106 3052 esse
2148 3009 2285 3052 non
2318 3009 2439 3076 po-

304 3091 505 3164 tuisse
533 3091 886 3160 Ciceronis.
1340 3109 1349 3122 ⁴

394 3199 550 3264 Haec
581 3199 652 3263 in
688 3202 1066 3268 universum
1096 3202 1425 3293 disputata
1456 3201 1783 3268 sufficiant
1814 3199 1898 3266 ad
1932 3201 2169 3266 harum
2204 3202 2445 3265 oratio·-

303 3325 470 3366 num
507 3303 702 3371 fidem
741 3306 1217 3374 infirmandam.

1761 3427 2240 3493 Mantuanus.
