2594 4537
781 314 836 383 P
859 314 1010 381 RAE
1027 312 1567 401 FATaeloNEs.
2102 316 2237 413 237

87 433 423 515 judicium
457 431 894 523 repetendum
935 448 1034 498 est
1050 480 1070 513 ‚
1110 433 1432 522 siquidem
1474 433 1808 499 sententiae
1847 450 1914 499 et
1952 439 2241 527 exempla

95 558 170 605 et
213 542 376 631 ipsae
423 540 788 605 locutiones
844 541 912 604 in
963 556 1243 629 utraque
1310 562 1609 630 magnam
1676 556 1924 630 partem
1996 542 2237 609 eaedem

99 664 279 713 sunt.
315 650 525 730 Cujus
560 649 654 713 rei
686 669 876 711 causa
906 642 1058 737 satis
1093 644 1288 711 fuerit
1319 646 1566 733 aliquot
1596 647 1775 713 locos
1818 670 2237 737 comparasse.

99 754 260 818 Post
289 752 457 819 ned.
493 754 562 818 in
600 755 746 819 Sen.
782 776 836 818 c.
881 776 948 817 1:
985 782 1012 808 α
1035 754 1437 818 Immensum
1473 752 1783 841 quiddam
1816 771 1883 819 et
1913 754 2239 821 infinitum

104 876 202 924 est
220 909 238 940 ,
277 859 464 949 quod
500 859 685 925 vobis
718 858 1106 940 debeamus,
1153 859 1266 946 qui
1308 875 1525 923 vestro
1556 859 1862 949 singulari
1896 861 2114 927 studio
2150 878 2244 926 at·

105 988 236 1054 que
287 989 620 1031 consensu
661 982 1004 1055 parentum
1061 963 1377 1029 beneficia
1394 1014 1413 1047 ,
1468 963 1741 1031 deorum
1777 967 2239 1032 immortalium

107 1094 384 1137 munera
405 1122 423 1153 ,
455 1072 686 1161 populi
715 1094 881 1136 rom.
914 1073 1232 1154 honores,
1265 1087 1478 1135 vestra
1510 1069 1593 1134 de
1624 1092 1729 1135 me
1760 1072 1964 1135 multa
1981 1072 2243 1157 judicia,

105 1177 298 1242 nobis
357 1177 578 1243 omnia
632 1199 769 1241 uno
814 1193 1110 1265 tempore
1145 1174 1527 1241 reddidistis
1563 1199 1582 1240 ε
1626 1190 1701 1239 ut
1721 1223 1741 1259 ,
1790 1200 1993 1264 quum
2038 1174 2243 1244 multa

35 1368 48 1377 -
107 1286 292 1350 vobis
313 1336 332 1369 ,
379 1308 612 1375 magna
656 1286 904 1375 populo
948 1307 1251 1366 romano,
1297 1284 1793 1349 innumerabilia
1827 1287 2239 1373 parentibus,

109 1391 330 1454 omnia
363 1390 487 1454 diis
523 1389 996 1456 immortalibus
1027 1387 1375 1455 debeamus
1394 1438 1415 1473 ,
1450 1386 1591 1453 hoec
1622 1404 1810 1453 antea
1840 1390 2093 1478 singula
2124 1414 2242 1480 per

107 1494 254 1560 illos
269 1496 714 1579 habuerimus,
735 1517 915 1561 nunc
953 1494 1250 1558 universa
1285 1516 1403 1583 per
1432 1516 1549 1559 vos
1580 1496 2170 1583 recuperaverimus
2196 1527 2243 1560 ι.

109 1602 256 1666 Hoc
298 1604 364 1666 in
415 1617 578 1665 orat.
625 1598 710 1665 ad
753 1599 942 1682 Quir.
986 1622 1042 1663 c.
1075 1622 1112 1663 2
1137 1647 1155 1682 ,
1201 1600 1290 1664 ita
1322 1620 1697 1687 expressum
1728 1615 1862 1682 est,
1895 1617 2239 1688 postquam

113 1706 244 1790 ibi,
288 1708 484 1797 plane
531 1720 610 1769 ut
653 1704 762 1770 illo
811 1705 957 1769 loco
975 1752 992 1787 ,
1044 1714 1548 1799 commemorata
1598 1720 1753 1770 sunt
1780 1721 2129 1793 parentum
2176 1724 2243 1773 et

113 1812 368 1877 deorum
414 1809 774 1877 beneficia:
806 1840 835 1866 «ι
857 1810 1120 1875 Vestros
1167 1808 1451 1899 denique
1500 1812 1789 1875 honores
1811 1860 1831 1893 ,
1892 1835 2057 1901 quos
2104 1836 2241 1878 era-

115 1941 256 1984 mus
301 1918 619 2009 gradatim
670 1915 960 2005 singulos
1007 1916 1369 2003 assequuti,
1404 1937 1581 1979 nunc
1613 1938 1653 1980 a
1681 1916 1868 1981 vobis
1902 1919 2239 1983 universos

117 2024 474 2091 habemus:
521 2041 636 2106 ut,
685 2038 1003 2111 quantum
1046 2038 1234 2086 antea
1280 2021 1698 2109 parentibus,
1754 2040 2069 2109 quantum
2120 2022 2241 2089 diis

117 2130 620 2212 immortalibus,
657 2145 977 2218 quantum
1022 2126 1346 2192 vobismet
1384 2126 1577 2213 ipsis,
1622 2114 1881 2190 tantum*
1913 2128 2043 2193 hoc
2074 2146 2241 2195 tem-

116 2262 266 2328 pore
299 2238 652 2304 universim
705 2253 946 2302 cuucto
976 2233 1226 2324 populo
1269 2256 1435 2299 rom.
1490 2231 1909 2300 debeamus...
1930 2264 1956 2292 a
1990 2236 2241 2302 Rursus

117 2361 270 2410 orat.
293 2346 368 2408 in
385 2345 606 2409 Seu.c.
625 2341 696 2408 3:
717 2342 909 2425 «Quo
931 2341 1198 2431 quidem
1223 2361 1447 2404 mense
1473 2337 1635 2428 quid
1650 2340 1821 2403 inter
1845 2361 1951 2404 me
1974 2357 2037 2404 et
2062 2364 2243 2408 meos

119 2450 408 2515 inimicos
432 2451 802 2531 interesset,
829 2447 1190 2512 existimare
1209 2445 1535 2534 potuistis.
1562 2447 1703 2536 Ego
1726 2467 1937 2511 meam
1968 2448 2241 2514 salutem

121 2555 434 2622 deserui...
467 2554 560 2618 illi
605 2575 826 2618 meum
869 2550 1155 2617 reditum
1207 2573 1343 2615 non
1384 2549 1611 2638 populi
1664 2573 1829 2615 rom.
1878 2552 2237 2643 suffragiis,

121 2662 222 2728 sed
231 2661 504 2726 flumine
523 2659 852 2750 sanguinis
874 2655 1439 2722 intercludendum
1453 2673 1896 2745 putaverunt».
1920 2657 2024 2723 Ad
2048 2661 2233 2743 Quir.

123 2769 256 2835 c.5:
287 2767 450 2833 «Hic
477 2782 732 2832 tantum
751 2764 1048 2829 interfuit
1073 2764 1242 2828 inter
1269 2785 1375 2827 me
1401 2780 1469 2828 et
1494 2763 1791 2828 inimicos
1823 2787 2022 2830 meos.
2053 2767 2195 2857 Ego
2214 2819 2233 2852 ,

123 2897 320 2962 quum
366 2873 664 2938 homines
711 2871 777 2934 in
820 2868 1197 2935 tribunali...
1255 2885 1325 2933 at
1367 2867 1613 2933 inimici
1662 2869 1791 2932 mei
1842 2893 2065 2935 mense
2104 2873 2235 2952 jan.

123 3003 322 3067 quum
369 2979 450 3044 de
493 3001 600 3044 me
645 2993 964 3068 ageretur,
1009 2975 1393 3063 corporibus
1428 2973 1669 3038 civium
1711 2974 2077 3059 trucidatis,
2116 2977 2241 3043 flu·

125 3087 292 3150 mine
343 3084 672 3174 sanguinis
731 3105 951 3149 meum
1009 3079 1292 3146 reditum
1349 3077 1919 3143 intercludendum
1973 3098 2241 3169 putave-

124 3205 376 3255 runt...»
397 3192 473 3254 In
497 3190 644 3256 Seu.
669 3213 724 3254 c.
763 3193 844 3267 4:
879 3187 1218 3274 «Princeps
1241 3185 1314 3249 P.
1336 3183 1651 3248 Lentulus
1668 3232 1685 3266 ,
1708 3205 1941 3271 parens
1977 3208 2051 3250 ac
2077 3186 2237 3253 deus

124 3313 348 3362 nostrae
377 3298 556 3380 vitae,
585 3295 868 3360 forttmae
889 3343 906 3376 ,
946 3292 1311 3369 memorioe,
1350 3289 1669 3370 nominis,
1707 3305 1828 3354 etc.
1856 3309 1883 3346 ι
1918 3289 2021 3356 Ad
2048 3293 2232 3376 Quir.

123 3425 181 3468 c.
215 3401 410 3466 5:2P.
433 3401 748 3467 Lentulus
781 3398 1040 3480 consul,
1073 3418 1327 3485 parens,
1360 3393 1557 3477 deus,
1590 3394 1759 3460 salus
1798 3412 2037 3462 nostrae
2062 3399 2235 3481 vitae,

123 3511 390 3576 fortunae
408 3557 427 3591 ,
462 3509 790 3574 memorioe
808 3555 827 3589 ,
861 3505 1174 3586 nominis,
1199 3519 1355 3569 etc.»
1383 3504 1458 3566 In
1494 3503 1645 3568 Seu.
1666 3527 1723 3568 c.
1754 3509 1833 3583 4:
1860 3505 2037 3569 «Nec
2065 3491 2247 3568 enim‘

125 3615 432 3707 eguissem
453 3615 770 3680 medicina
784 3611 1124 3694 consulari,
1150 3611 1275 3674 nisi
1289 3609 1615 3675 consulari
1632 3609 1901 3674 vulnere
1927 3609 2241 3676 concidis·

121 3747 254 3790 sem
269 3720 428 3788 ι.Αά
441 3721 781 3805 Quir.c.6:
805 3751 832 3776 ιι
848 3725 952 3784 An
975 3741 1160 3808 ego...
1182 3717 1575 3794 dubitarem,
1596 3715 1757 3804 quin
1774 3715 1829 3778 is
1858 3739 1961 3780 me
1978 3764 1995 3798 ,
2027 3717 2242 3784 confe-

123 3847 296 3896 ctum
320 3827 768 3893 consularibus
801 3826 1208 3906 vulneribus,
1252 3823 1577 3889 consulari
1606 3819 1927 3886 medicina
1955 3822 2038 3888 ad
2070 3824 2238 3889 salu-

125 3955 252 4002 tem
277 3933 614 3999 reduceret
631 3932 660 3996 Ρ
675 3963 699 3990 ¹·
723 3935 800 3998 In
811 3933 958 3997 Seu.
974 3952 1030 3997 c.
1069 3929 1174 3996 15:
1196 3929 1419 3995 «Nihil
1440 3951 1753 4017 umquam
1774 3945 2033 3994 senatus
2060 3931 2143 3996 de
2166 3932 2236 3997 P.

125 4040 385 4132 Popillio
403 4037 686 4104 decrevit
706 4064 724 4122 3
747 4059 1104 4126 numquam
1128 4037 1195 4100 in
1215 4036 1345 4100 hoc
1376 4035 1607 4101 ordine
1632 4036 1715 4118 Q.
1733 4035 1976 4102 Metelli
1994 4040 2239 4103 mentio
