<?xml version="1.0" encoding="UTF-8"?>
<!DOCTYPE html PUBLIC "-//W3C//DTD XHTML 1.0 Transitional//EN"
    "http://www.w3.org/TR/xhtml1/DTD/xhtml1-transitional.dtd">
<html xmlns="http://www.w3.org/1999/xhtml" xml:lang="en" lang="en">
 <head>
  <title>
</title>
<meta http-equiv="Content-Type" content="text/html;charset=utf-8" />
  <meta name='ocr-system' content='tesseract 3.04.00' />
  <meta name='ocr-capabilities' content='ocr_page ocr_carea ocr_par ocr_line ocrx_word'/>
</head>
<body>
  <div class='ocr_page' id='page_1' title='image "./mtciceronisquae05lemagoog_0408.png"; bbox 0 0 2594 4537; ppageno 0'>
   <div class='ocr_carea' id='block_1_1' title="bbox 295 309 2449 1932">
    <p class='ocr_par' dir='ltr' id='par_1_1' title="bbox 295 309 1787 410">
     <span class='ocr_line' id='line_1_1' title="bbox 295 309 1787 410; baseline -0.005 -26"><span class='ocrx_word' id='word_1_1' title='bbox 295 319 465 410; x_wconf 69' lang='lat'>,494</span> <span class='ocrx_word' id='word_1_2' title='bbox 947 311 1046 377; x_wconf 89' lang='lat' dir='ltr'>M.</span> <span class='ocrx_word' id='word_1_3' title='bbox 1099 311 1176 376; x_wconf 87' lang='lat' dir='ltr'>T.</span> <span class='ocrx_word' id='word_1_4' title='bbox 1231 309 1787 378; x_wconf 75' lang='lat' dir='ltr'>CICERole</span> 
     </span>
    </p>

    <p class='ocr_par' dir='ltr' id='par_1_2' title="bbox 319 426 2449 1932">
     <span class='ocr_line' id='line_1_2' title="bbox 321 426 2445 532; baseline -0.007 -22"><span class='ocrx_word' id='word_1_5' title='bbox 321 439 537 526; x_wconf 86' lang='lat' dir='ltr'>bore,</span> <span class='ocrx_word' id='word_1_6' title='bbox 581 451 709 508; x_wconf 87' lang='lat' dir='ltr'>tuo</span> <span class='ocrx_word' id='word_1_7' title='bbox 752 432 1100 532; x_wconf 75' lang='lat' dir='ltr'>praecipiti</span> <span class='ocrx_word' id='word_1_8' title='bbox 1142 429 1373 501; x_wconf 85' lang='lat' dir='ltr'>furori</span> <span class='ocrx_word' id='word_1_9' title='bbox 1419 444 1639 526; x_wconf 90' lang='lat' dir='ltr'>atque</span> <span class='ocrx_word' id='word_1_10' title='bbox 1680 429 1905 527; x_wconf 89' lang='lat' dir='ltr'>impio</span> <span class='ocrx_word' id='word_1_11' title='bbox 1944 426 2193 498; x_wconf 88' lang='lat' dir='ltr'>sceleri</span> <span class='ocrx_word' id='word_1_12' title='bbox 2230 429 2445 498; x_wconf 85' lang='lat' dir='ltr'>resti-</span> 
     </span>
     <span class='ocr_line' id='line_1_3' title="bbox 319 540 2443 641; baseline -0.006 -21"><span class='ocrx_word' id='word_1_13' title='bbox 319 553 582 620; x_wconf 88' lang='lat' dir='ltr'>tissem.</span> <span class='ocrx_word' id='word_1_14' title='bbox 637 543 776 616; x_wconf 89' lang='lat' dir='ltr'>Sed</span> <span class='ocrx_word' id='word_1_15' title='bbox 828 541 1190 641; x_wconf 86' lang='lat' dir='ltr'>publicam</span> <span class='ocrx_word' id='word_1_16' title='bbox 1249 565 1535 612; x_wconf 87' lang='lat' dir='ltr'>causam</span> <span class='ocrx_word' id='word_1_17' title='bbox 1590 553 1839 610; x_wconf 89' lang='lat' dir='ltr'>contra</span> <span class='ocrx_word' id='word_1_18' title='bbox 1900 540 2045 607; x_wconf 86' lang='lat' dir='ltr'>vim</span> <span class='ocrx_word' id='word_1_19' title='bbox 2094 550 2443 608; x_wconf 81' lang='lat' dir='ltr'><strong>armatam</strong></span> 
     </span>
     <span class='ocr_line' id='line_1_4' title="bbox 320 646 2443 753; baseline -0.006 -25"><span class='ocrx_word' id='word_1_20' title='bbox 320 661 474 728; x_wconf 89' lang='lat' dir='ltr'>sine</span> <span class='ocrx_word' id='word_1_21' title='bbox 513 653 765 753; x_wconf 88' lang='lat' dir='ltr'>populi</span> <span class='ocrx_word' id='word_1_22' title='bbox 802 650 1131 751; x_wconf 81' lang='lat' dir='ltr'>praesidio</span> <span class='ocrx_word' id='word_1_23' title='bbox 1153 661 1172 692; x_wconf 87' lang='lat'>¹</span> <span class='ocrx_word' id='word_1_24' title='bbox 1221 651 1581 748; x_wconf 85' lang='lat' dir='ltr'><strong>suscipere</strong></span> <span class='ocrx_word' id='word_1_25' title='bbox 1620 648 1825 738; x_wconf 88' lang='lat' dir='ltr'>nolui</span> <span class='ocrx_word' id='word_1_26' title='bbox 1850 671 2051 748; x_wconf 81' lang='lat' dir='ltr'>:non</span> <span class='ocrx_word' id='word_1_27' title='bbox 2080 671 2230 743; x_wconf 90' lang='lat' dir='ltr'>quo</span> <span class='ocrx_word' id='word_1_28' title='bbox 2258 646 2443 716; x_wconf 88' lang='lat' dir='ltr'>mihi</span> 
     </span>
     <span class='ocr_line' id='line_1_5' title="bbox 320 757 2447 860; baseline -0.005 -23"><span class='ocrx_word' id='word_1_29' title='bbox 320 771 389 837; x_wconf 92' lang='lat' dir='ltr'>P.</span> <span class='ocrx_word' id='word_1_30' title='bbox 439 763 830 860; x_wconf 86' lang='lat' dir='ltr'><strong>Scipionis,</strong></span> <span class='ocrx_word' id='word_1_31' title='bbox 883 759 1244 832; x_wconf 84' lang='lat' dir='ltr'>fortissimi</span> <span class='ocrx_word' id='word_1_32' title='bbox 1289 761 1425 829; x_wconf 88' lang='lat' dir='ltr'>viri</span> <span class='ocrx_word' id='word_1_33' title='bbox 1450 813 1469 846; x_wconf 89' lang='lat'>‚</span> <span class='ocrx_word' id='word_1_34' title='bbox 1510 761 1615 830; x_wconf 87' lang='lat' dir='ltr'>vis</span> <span class='ocrx_word' id='word_1_35' title='bbox 1650 759 1899 828; x_wconf 87' lang='lat' dir='ltr'>intima</span> <span class='ocrx_word' id='word_1_36' title='bbox 1916 767 1973 845; x_wconf 83' lang='lat'>²,</span> <span class='ocrx_word' id='word_1_37' title='bbox 2016 757 2273 854; x_wconf 85' lang='lat' dir='ltr'>privati</span> <span class='ocrx_word' id='word_1_38' title='bbox 2310 757 2447 827; x_wconf 90' lang='lat' dir='ltr'>ho-</span> 
     </span>
     <span class='ocr_line' id='line_1_6' title="bbox 321 865 2443 970; baseline -0.004 -25"><span class='ocrx_word' id='word_1_39' title='bbox 321 875 571 960; x_wconf 66' lang='lat' dir='ltr'>minis»,</span> <span class='ocrx_word' id='word_1_40' title='bbox 603 872 1048 970; x_wconf 81' lang='lat' dir='ltr'>displiceret3</span> <span class='ocrx_word' id='word_1_41' title='bbox 1086 869 1210 941; x_wconf 90' lang='lat' dir='ltr'>sed</span> <span class='ocrx_word' id='word_1_42' title='bbox 1243 869 1595 967; x_wconf 83' lang='lat' dir='ltr'>Scipionis</span> <span class='ocrx_word' id='word_1_43' title='bbox 1621 865 1888 938; x_wconf 84' lang='lat' dir='ltr'>factum</span> <span class='ocrx_word' id='word_1_44' title='bbox 1915 867 2152 937; x_wconf 85' lang='lat' dir='ltr'>statim</span> <span class='ocrx_word' id='word_1_45' title='bbox 2176 869 2252 935; x_wconf 91' lang='lat' dir='ltr'>P.</span> <span class='ocrx_word' id='word_1_46' title='bbox 2282 870 2443 937; x_wconf 88' lang='lat' dir='ltr'>Mu·</span> 
     </span>
     <span class='ocr_line' id='line_1_7' title="bbox 319 972 2447 1078; baseline -0.004 -22"><span class='ocrx_word' id='word_1_47' title='bbox 319 985 471 1056; x_wconf 86' lang='lat' dir='ltr'>cius</span> <span class='ocrx_word' id='word_1_48' title='bbox 489 981 784 1068; x_wconf 83' lang='lat' dir='ltr'>consul,</span> <span class='ocrx_word' id='word_1_49' title='bbox 819 981 944 1078; x_wconf 89' lang='lat' dir='ltr'>qui</span> <span class='ocrx_word' id='word_1_50' title='bbox 972 981 1047 1049; x_wconf 91' lang='lat' dir='ltr'>in</span> <span class='ocrx_word' id='word_1_51' title='bbox 1072 979 1386 1077; x_wconf 88' lang='lat' dir='ltr'>gerenda</span> <span class='ocrx_word' id='word_1_52' title='bbox 1412 977 1781 1076; x_wconf 86' lang='lat' dir='ltr'>republica</span> <span class='ocrx_word' id='word_1_53' title='bbox 1810 972 2200 1075; x_wconf 88' lang='lat' dir='ltr'>putabatur</span> <span class='ocrx_word' id='word_1_54' title='bbox 2220 973 2447 1047; x_wconf 76' lang='lat' dir='ltr'>fuisse</span> 
     </span>
     <span class='ocr_line' id='line_1_8' title="bbox 319 1083 2449 1191; baseline -0.006 -25"><span class='ocrx_word' id='word_1_55' title='bbox 319 1094 628 1191; x_wconf 83' lang='lat' dir='ltr'>segnior,</span> <span class='ocrx_word' id='word_1_56' title='bbox 658 1106 853 1189; x_wconf 86' lang='lat' dir='ltr'>gesta</span> <span class='ocrx_word' id='word_1_57' title='bbox 873 1089 926 1179; x_wconf 78' lang='grc'>3,</span> <span class='ocrx_word' id='word_1_58' title='bbox 959 1089 1200 1160; x_wconf 88' lang='lat' dir='ltr'>multis</span> <span class='ocrx_word' id='word_1_59' title='bbox 1235 1087 1870 1160; x_wconf 83' lang='lat' dir='ltr'>senatusconsultis</span> <span class='ocrx_word' id='word_1_60' title='bbox 1900 1110 2049 1155; x_wconf 93' lang='lat' dir='ltr'>non</span> <span class='ocrx_word' id='word_1_61' title='bbox 2074 1083 2295 1156; x_wconf 89' lang='lat' dir='ltr'>modo</span> <span class='ocrx_word' id='word_1_62' title='bbox 2322 1083 2449 1155; x_wconf 89' lang='lat' dir='ltr'>de-</span> 
     </span>
     <span class='ocr_line' id='line_1_9' title="bbox 323 1193 2445 1290; baseline -0.005 -15"><span class='ocrx_word' id='word_1_63' title='bbox 323 1203 550 1276; x_wconf 86' lang='lat' dir='ltr'>fendit</span> <span class='ocrx_word' id='word_1_64' title='bbox 575 1257 595 1290; x_wconf 90' lang='lat'>‚</span> <span class='ocrx_word' id='word_1_65' title='bbox 646 1201 774 1276; x_wconf 89' lang='lat' dir='ltr'>sed</span> <span class='ocrx_word' id='word_1_66' title='bbox 826 1203 1040 1272; x_wconf 89' lang='lat' dir='ltr'>etiam</span> <span class='ocrx_word' id='word_1_67' title='bbox 1091 1202 1373 1271; x_wconf 86' lang='lat' dir='ltr'>ornavit</span> <span class='ocrx_word' id='word_1_68' title='bbox 1408 1225 1425 1268; x_wconf 76' lang='grc' dir='ltr'><em>τ</em></span> <span class='ocrx_word' id='word_1_69' title='bbox 1472 1197 1650 1268; x_wconf 89' lang='lat' dir='ltr'>mihi</span> <span class='ocrx_word' id='word_1_70' title='bbox 1697 1211 1859 1285; x_wconf 83' lang='lat' dir='ltr'>aut,</span> <span class='ocrx_word' id='word_1_71' title='bbox 1908 1211 1978 1266; x_wconf 89' lang='lat' dir='ltr'>te</span> <span class='ocrx_word' id='word_1_72' title='bbox 2019 1193 2445 1282; x_wconf 76' lang='lat' dir='ltr'>interfecte,</span> 
     </span>
     <span class='ocr_line' id='line_1_10' title="bbox 319 1304 2449 1398; baseline -0.005 -11"><span class='ocrx_word' id='word_1_73' title='bbox 319 1339 490 1386; x_wconf 90' lang='lat' dir='ltr'>cum</span> <span class='ocrx_word' id='word_1_74' title='bbox 531 1310 986 1396; x_wconf 65' lang='lat' dir='ltr'>consulibus»,</span> <span class='ocrx_word' id='word_1_75' title='bbox 1025 1324 1185 1397; x_wconf 84' lang='lat' dir='ltr'>aut,</span> <span class='ocrx_word' id='word_1_76' title='bbox 1222 1325 1293 1380; x_wconf 88' lang='lat' dir='ltr'>te</span> <span class='ocrx_word' id='word_1_77' title='bbox 1322 1311 1483 1379; x_wconf 85' lang='lat' dir='ltr'>vivo</span> <span class='ocrx_word' id='word_1_78' title='bbox 1505 1364 1524 1397; x_wconf 89' lang='lat'>‚</span> <span class='ocrx_word' id='word_1_79' title='bbox 1550 1321 1622 1380; x_wconf 89' lang='lat' dir='ltr'>et</span> <span class='ocrx_word' id='word_1_80' title='bbox 1654 1322 1892 1398; x_wconf 65' lang='lat' dir='ltr'>tecum</span> <span class='ocrx_word' id='word_1_81' title='bbox 1914 1360 1933 1394; x_wconf 88' lang='lat'>,</span> <span class='ocrx_word' id='word_1_82' title='bbox 1970 1319 2045 1376; x_wconf 86' lang='lat' dir='ltr'>et</span> <span class='ocrx_word' id='word_1_83' title='bbox 2077 1329 2241 1377; x_wconf 87' lang='lat' dir='ltr'>cum</span> <span class='ocrx_word' id='word_1_84' title='bbox 2268 1304 2449 1391; x_wconf 85' lang='lat' dir='ltr'>illis,</span> 
     </span>
     <span class='ocr_line' id='line_1_11' title="bbox 321 1414 2449 1514; baseline -0.004 -19"><span class='ocrx_word' id='word_1_85' title='bbox 321 1423 532 1496; x_wconf 83' lang='lat' dir='ltr'>armis</span> <span class='ocrx_word' id='word_1_86' title='bbox 595 1418 1108 1492; x_wconf 86' lang='lat' dir='ltr'>decertandum</span> <span class='ocrx_word' id='word_1_87' title='bbox 1177 1417 1333 1489; x_wconf 87' lang='lat' dir='ltr'>fuit.</span> <span class='ocrx_word' id='word_1_88' title='bbox 1390 1421 1612 1488; x_wconf 85' lang='lat' dir='ltr'>Erant</span> <span class='ocrx_word' id='word_1_89' title='bbox 1671 1441 1759 1487; x_wconf 89' lang='lat' dir='ltr'>eo</span> <span class='ocrx_word' id='word_1_90' title='bbox 1823 1430 2150 1514; x_wconf 85' lang='lat' dir='ltr'>tempore</span> <span class='ocrx_word' id='word_1_91' title='bbox 2218 1414 2449 1486; x_wconf 87' lang='lat' dir='ltr'>multa</span> 
     </span>
     <span class='ocr_line' id='line_1_12' title="bbox 323 1523 2449 1618; baseline -0.005 -14"><span class='ocrx_word' id='word_1_92' title='bbox 323 1533 536 1604; x_wconf 85' lang='lat' dir='ltr'>etiam</span> <span class='ocrx_word' id='word_1_93' title='bbox 574 1530 708 1602; x_wconf 86' lang='lat' dir='ltr'>alia</span> <span class='ocrx_word' id='word_1_94' title='bbox 741 1528 1172 1618; x_wconf 82' lang='lat' dir='ltr'>metuenda3</span> <span class='ocrx_word' id='word_1_95' title='bbox 1222 1528 1315 1598; x_wconf 85' lang='lat' dir='ltr'>ad</span> <span class='ocrx_word' id='word_1_96' title='bbox 1362 1551 1605 1600; x_wconf 88' lang='lat' dir='ltr'>servos</span> <span class='ocrx_word' id='word_1_97' title='bbox 1620 1529 1675 1614; x_wconf 74' lang='lat'>⁴,</span> <span class='ocrx_word' id='word_1_98' title='bbox 1722 1524 2001 1596; x_wconf 89' lang='lat' dir='ltr'>medius</span> <span class='ocrx_word' id='word_1_99' title='bbox 2040 1523 2289 1610; x_wconf 85' lang='lat' dir='ltr'>fidius,</span> <span class='ocrx_word' id='word_1_100' title='bbox 2330 1549 2449 1594; x_wconf 86' lang='lat' dir='ltr'>res</span> 
     </span>
     <span class='ocr_line' id='line_1_13' title="bbox 323 1632 2449 1740; baseline -0.006 -26"><span class='ocrx_word' id='word_1_101' title='bbox 323 1645 766 1740; x_wconf 85' lang='lat' dir='ltr'>pervenisset</span> <span class='ocrx_word' id='word_1_102' title='bbox 805 1667 821 1709; x_wconf 74' lang='grc' dir='ltr'>ε</span> <span class='ocrx_word' id='word_1_103' title='bbox 868 1654 1148 1711; x_wconf 87' lang='lat' dir='ltr'>tantum</span> <span class='ocrx_word' id='word_1_104' title='bbox 1199 1639 1529 1710; x_wconf 89' lang='lat' dir='ltr'>homines</span> <span class='ocrx_word' id='word_1_105' title='bbox 1581 1640 1839 1734; x_wconf 87' lang='lat' dir='ltr'>impios</span> <span class='ocrx_word' id='word_1_106' title='bbox 1894 1659 1983 1706; x_wconf 84' lang='lat' dir='ltr'>ex</span> <span class='ocrx_word' id='word_1_107' title='bbox 2034 1648 2273 1706; x_wconf 88' lang='lat' dir='ltr'>vetere</span> <span class='ocrx_word' id='word_1_108' title='bbox 2325 1632 2449 1703; x_wconf 85' lang='lat' dir='ltr'>illa</span> 
     </span>
     <span class='ocr_line' id='line_1_14' title="bbox 327 1743 2446 1845; baseline -0.005 -22"><span class='ocrx_word' id='word_1_109' title='bbox 327 1751 822 1845; x_wconf 84' lang='lat' dir='ltr'>conjuratione</span> <span class='ocrx_word' id='word_1_110' title='bbox 897 1752 1218 1820; x_wconf 90' lang='lat' dir='ltr'>inustum</span> <span class='ocrx_word' id='word_1_111' title='bbox 1286 1746 1577 1820; x_wconf 84' lang='lat' dir='ltr'>nefariis</span> <span class='ocrx_word' id='word_1_112' title='bbox 1641 1745 2007 1818; x_wconf 87' lang='lat' dir='ltr'>mentibus</span> <span class='ocrx_word' id='word_1_113' title='bbox 2075 1743 2446 1815; x_wconf 88' lang='lat' dir='ltr'>bonorum</span> 
     </span>
     <span class='ocr_line' id='line_1_15' title="bbox 327 1856 1042 1932; baseline -0.003 -2"><span class='ocrx_word' id='word_1_114' title='bbox 327 1861 574 1932; x_wconf 88' lang='lat' dir='ltr'>odium</span> <span class='ocrx_word' id='word_1_115' title='bbox 612 1856 1042 1930; x_wconf 80' lang='lat' dir='ltr'>retinebat5.</span> 
     </span>
    </p>
   </div>
   <div class='ocr_carea' id='block_1_2' title="bbox 327 2045 2453 2274">
    <p class='ocr_par' dir='ltr' id='par_1_3' title="bbox 327 2045 2453 2274">
     <span class='ocr_line' id='line_1_16' title="bbox 401 2045 2451 2116; baseline -0.003 -18"><span class='ocrx_word' id='word_1_116' title='bbox 401 2050 642 2098; x_wconf 73' lang='lat' dir='ltr'>XXXIV.</span> <span class='ocrx_word' id='word_1_117' title='bbox 679 2063 726 2098; x_wconf 85' lang='lat'>1.</span> <span class='ocrx_word' id='word_1_118' title='bbox 755 2048 868 2098; x_wconf 76' lang='lat' dir='ltr'>Sine</span> <span class='ocrx_word' id='word_1_119' title='bbox 891 2051 1069 2116; x_wconf 79' lang='lat' dir='ltr'>populi</span> <span class='ocrx_word' id='word_1_120' title='bbox 1091 2050 1340 2116; x_wconf 67' lang='lat' dir='ltr'>prasidio.</span> <span class='ocrx_word' id='word_1_121' title='bbox 1431 2047 1611 2110; x_wconf 72' lang='lat' dir='ltr'>majora</span> <span class='ocrx_word' id='word_1_122' title='bbox 1626 2081 1641 2107; x_wconf 86' lang='lat'><strong>,</strong></span> <span class='ocrx_word' id='word_1_123' title='bbox 1672 2063 1781 2111; x_wconf 71' lang='lat' dir='ltr'>quae</span> <span class='ocrx_word' id='word_1_124' title='bbox 1806 2047 1860 2095; x_wconf 90' lang='lat' dir='ltr'>in</span> <span class='ocrx_word' id='word_1_125' title='bbox 1882 2047 2107 2096; x_wconf 75' lang='lat' dir='ltr'>Sextiam</span> <span class='ocrx_word' id='word_1_126' title='bbox 2135 2045 2335 2108; x_wconf 82' lang='lat' dir='ltr'>copiose</span> <span class='ocrx_word' id='word_1_127' title='bbox 2366 2061 2451 2092; x_wconf 80' lang='lat' dir='ltr'>ex-</span> 
     </span>
     <span class='ocr_line' id='line_1_17' title="bbox 331 2125 2449 2194; baseline -0.003 -15"><span class='ocrx_word' id='word_1_128' title='bbox 331 2131 510 2194; x_wconf 75' lang='lat' dir='ltr'>Erepto</span> <span class='ocrx_word' id='word_1_129' title='bbox 547 2127 666 2176; x_wconf 86' lang='lat' dir='ltr'>mihi</span> <span class='ocrx_word' id='word_1_130' title='bbox 701 2144 728 2175; x_wconf 76' lang='lat' dir='ltr'>a</span> <span class='ocrx_word' id='word_1_131' title='bbox 765 2137 813 2176; x_wconf 84' lang='lat' dir='ltr'>te</span> <span class='ocrx_word' id='word_1_132' title='bbox 840 2129 1068 2188; x_wconf 86' lang='lat' dir='ltr'>tribuno,</span> <span class='ocrx_word' id='word_1_133' title='bbox 1105 2142 1155 2179; x_wconf 89' lang='lat' dir='ltr'>et</span> <span class='ocrx_word' id='word_1_134' title='bbox 1175 2147 1202 2178; x_wconf 77' lang='lat' dir='ltr'>a</span> <span class='ocrx_word' id='word_1_135' title='bbox 1230 2147 1344 2178; x_wconf 88' lang='lat' dir='ltr'>con·</span> <span class='ocrx_word' id='word_1_136' title='bbox 1429 2137 1701 2193; x_wconf 85' lang='lat' dir='ltr'>ponuntur.</span> <span class='ocrx_word' id='word_1_137' title='bbox 1764 2127 1899 2190; x_wconf 85' lang='lat' dir='ltr'>Quin</span> <span class='ocrx_word' id='word_1_138' title='bbox 1955 2126 2099 2173; x_wconf 70' lang='lat' dir='ltr'>etiam</span> <span class='ocrx_word' id='word_1_139' title='bbox 2166 2125 2449 2174; x_wconf 72' lang='lat' dir='ltr'>Ciceronem</span> 
     </span>
     <span class='ocr_line' id='line_1_18' title="bbox 327 2205 2453 2274; baseline -0.003 -14"><span class='ocrx_word' id='word_1_140' title='bbox 327 2210 544 2271; x_wconf 61' lang='lat' dir='ltr'>nulibus,</span> <span class='ocrx_word' id='word_1_141' title='bbox 571 2209 638 2256; x_wconf 74' lang='lat' dir='ltr'>ait</span> <span class='ocrx_word' id='word_1_142' title='bbox 676 2209 941 2256; x_wconf 76' lang='lat' dir='ltr'>Manutius.</span> <span class='ocrx_word' id='word_1_143' title='bbox 982 2211 1136 2274; x_wconf 84' lang='lat' dir='ltr'>Atqui</span> <span class='ocrx_word' id='word_1_144' title='bbox 1156 2209 1345 2258; x_wconf 84' lang='lat' dir='ltr'>Tullius</span> <span class='ocrx_word' id='word_1_145' title='bbox 1436 2229 1457 2250; x_wconf 81' lang='grc' dir='ltr'>ι</span> <span class='ocrx_word' id='word_1_146' title='bbox 1474 2205 1705 2254; x_wconf 83' lang='lat' dir='ltr'>Lucullus</span> <span class='ocrx_word' id='word_1_147' title='bbox 1748 2222 1941 2254; x_wconf 77' lang='lat' dir='ltr'>manere</span> <span class='ocrx_word' id='word_1_148' title='bbox 1980 2207 2148 2273; x_wconf 77' lang='lat' dir='ltr'>iussit,</span> <span class='ocrx_word' id='word_1_149' title='bbox 2190 2205 2453 2253; x_wconf 74' lang='lat' dir='ltr'>victoriam</span> 
     </span>
    </p>
   </div>
   <div class='ocr_carea' id='block_1_3' title="bbox 331 2287 1357 4083">
    <p class='ocr_par' dir='ltr' id='par_1_4' title="bbox 331 2287 1357 4083">
     <span class='ocr_line' id='line_1_19' title="bbox 331 2287 1346 2352; baseline -0.002 -14"><span class='ocrx_word' id='word_1_150' title='bbox 331 2292 482 2341; x_wconf 76' lang='lat' dir='ltr'>modo</span> <span class='ocrx_word' id='word_1_151' title='bbox 534 2288 721 2336; x_wconf 75' lang='lat' dir='ltr'>dixerat</span> <span class='ocrx_word' id='word_1_152' title='bbox 763 2287 854 2335; x_wconf 77' lang='lat' dir='ltr'>hoc</span> <span class='ocrx_word' id='word_1_153' title='bbox 891 2290 1073 2351; x_wconf 79' lang='lat' dir='ltr'>populo</span> <span class='ocrx_word' id='word_1_154' title='bbox 1095 2324 1110 2345; x_wconf 90' lang='lat'><em>,</em></span> <span class='ocrx_word' id='word_1_155' title='bbox 1171 2305 1346 2352; x_wconf 87' lang='lat' dir='ltr'>nempe</span> 
     </span>
     <span class='ocr_line' id='line_1_20' title="bbox 332 2366 1348 2432; baseline -0.003 -15"><span class='ocrx_word' id='word_1_156' title='bbox 332 2369 474 2430; x_wconf 84' lang='lat' dir='ltr'>hujus</span> <span class='ocrx_word' id='word_1_157' title='bbox 493 2367 666 2432; x_wconf 86' lang='lat' dir='ltr'>populi</span> <span class='ocrx_word' id='word_1_158' title='bbox 681 2366 879 2425; x_wconf 72' lang='lat' dir='ltr'>auxilio,</span> <span class='ocrx_word' id='word_1_159' title='bbox 894 2366 1034 2413; x_wconf 76' lang='lat' dir='ltr'>facile</span> <span class='ocrx_word' id='word_1_160' title='bbox 1047 2384 1099 2415; x_wconf 85' lang='lat' dir='ltr'>se</span> <span class='ocrx_word' id='word_1_161' title='bbox 1117 2366 1348 2416; x_wconf 84' lang='lat' dir='ltr'>Clodium</span> 
     </span>
     <span class='ocr_line' id='line_1_21' title="bbox 335 2445 1351 2511; baseline -0.002 -16"><span class='ocrx_word' id='word_1_162' title='bbox 335 2457 674 2511; x_wconf 76' lang='lat' dir='ltr'>superaturum</span> <span class='ocrx_word' id='word_1_163' title='bbox 709 2445 870 2493; x_wconf 83' lang='lat' dir='ltr'>fnisse.</span> <span class='ocrx_word' id='word_1_164' title='bbox 899 2446 1164 2507; x_wconf 86' lang='lat' dir='ltr'>Quomodo</span> <span class='ocrx_word' id='word_1_165' title='bbox 1202 2446 1351 2509; x_wconf 83' lang='lat' dir='ltr'>igitur</span> 
     </span>
     <span class='ocr_line' id='line_1_22' title="bbox 335 2522 1350 2588; baseline -0.001 -14"><span class='ocrx_word' id='word_1_166' title='bbox 335 2524 538 2574; x_wconf 81' lang='lat' dir='ltr'>Clodius</span> <span class='ocrx_word' id='word_1_167' title='bbox 557 2522 772 2571; x_wconf 81' lang='lat' dir='ltr'>Tullium</span> <span class='ocrx_word' id='word_1_168' title='bbox 804 2525 978 2588; x_wconf 86' lang='lat' dir='ltr'>populi</span> <span class='ocrx_word' id='word_1_169' title='bbox 997 2524 1227 2587; x_wconf 78' lang='lat' dir='ltr'>praesidio</span> <span class='ocrx_word' id='word_1_170' title='bbox 1253 2542 1350 2573; x_wconf 86' lang='lat' dir='ltr'>nu·</span> 
     </span>
     <span class='ocr_line' id='line_1_23' title="bbox 339 2599 1351 2665; baseline 0 -14"><span class='ocrx_word' id='word_1_171' title='bbox 339 2604 514 2652; x_wconf 72' lang='lat' dir='ltr'>derat?</span> <span class='ocrx_word' id='word_1_172' title='bbox 557 2599 692 2665; x_wconf 83' lang='lat' dir='ltr'>Quid</span> <span class='ocrx_word' id='word_1_173' title='bbox 723 2613 883 2649; x_wconf 78' lang='lat' dir='ltr'>autem</span> <span class='ocrx_word' id='word_1_174' title='bbox 923 2602 1056 2650; x_wconf 74' lang='lat' dir='ltr'>aliud</span> <span class='ocrx_word' id='word_1_175' title='bbox 1093 2602 1190 2651; x_wconf 88' lang='lat' dir='ltr'>hoc</span> <span class='ocrx_word' id='word_1_176' title='bbox 1236 2602 1351 2651; x_wconf 89' lang='lat' dir='ltr'>loco</span> 
     </span>
     <span class='ocr_line' id='line_1_24' title="bbox 339 2681 1351 2745; baseline -0.003 -14"><span class='ocrx_word' id='word_1_177' title='bbox 339 2682 544 2740; x_wconf 87' lang='lat' dir='ltr'>dicitur,</span> <span class='ocrx_word' id='word_1_178' title='bbox 581 2682 676 2727; x_wconf 83' lang='lat' dir='ltr'>nisi</span> <span class='ocrx_word' id='word_1_179' title='bbox 709 2681 946 2745; x_wconf 85' lang='lat' dir='ltr'>populum</span> <span class='ocrx_word' id='word_1_180' title='bbox 987 2697 1240 2729; x_wconf 81' lang='lat' dir='ltr'>romanum</span> <span class='ocrx_word' id='word_1_181' title='bbox 1283 2684 1351 2729; x_wconf 74' lang='lat' dir='ltr'>ita</span> 
     </span>
     <span class='ocr_line' id='line_1_25' title="bbox 337 2758 1352 2819; baseline -0.002 -9"><span class='ocrx_word' id='word_1_182' title='bbox 337 2758 568 2810; x_wconf 82' lang='lat' dir='ltr'>Ciceroni</span> <span class='ocrx_word' id='word_1_183' title='bbox 603 2759 809 2819; x_wconf 73' lang='lat' dir='ltr'>favisse,</span> <span class='ocrx_word' id='word_1_184' title='bbox 841 2772 901 2809; x_wconf 86' lang='lat' dir='ltr'>ut</span> <span class='ocrx_word' id='word_1_185' title='bbox 933 2760 1059 2808; x_wconf 82' lang='lat' dir='ltr'>vires</span> <span class='ocrx_word' id='word_1_186' title='bbox 1097 2760 1212 2808; x_wconf 88' lang='lat' dir='ltr'>inde</span> <span class='ocrx_word' id='word_1_187' title='bbox 1249 2775 1352 2808; x_wconf 89' lang='lat' dir='ltr'>non</span> 
     </span>
     <span class='ocr_line' id='line_1_26' title="bbox 337 2838 1353 2905; baseline -0.002 -16"><span class='ocrx_word' id='word_1_188' title='bbox 337 2838 603 2889; x_wconf 79' lang='lat' dir='ltr'>mediocres</span> <span class='ocrx_word' id='word_1_189' title='bbox 626 2838 722 2903; x_wconf 81' lang='lat' dir='ltr'>ipsi</span> <span class='ocrx_word' id='word_1_190' title='bbox 737 2849 1047 2905; x_wconf 75' lang='lat' dir='ltr'>suppeterent</span> <span class='ocrx_word' id='word_1_191' title='bbox 1060 2876 1075 2901; x_wconf 90' lang='lat'><strong>,</strong></span> <span class='ocrx_word' id='word_1_192' title='bbox 1096 2856 1218 2904; x_wconf 76' lang='lat' dir='ltr'>quas</span> <span class='ocrx_word' id='word_1_193' title='bbox 1233 2856 1353 2903; x_wconf 85' lang='lat' dir='ltr'>ope-</span> 
     </span>
     <span class='ocr_line' id='line_1_27' title="bbox 339 2916 1351 2983; baseline -0.002 -16"><span class='ocrx_word' id='word_1_194' title='bbox 339 2920 404 2967; x_wconf 82' lang='lat' dir='ltr'>ris</span> <span class='ocrx_word' id='word_1_195' title='bbox 422 2916 672 2967; x_wconf 73' lang='lat' dir='ltr'>Clodianis</span> <span class='ocrx_word' id='word_1_196' title='bbox 695 2922 1004 2983; x_wconf 82' lang='lat' dir='ltr'>opponeret?</span> <span class='ocrx_word' id='word_1_197' title='bbox 1037 2921 1208 2983; x_wconf 84' lang='lat' dir='ltr'>Neque</span> <span class='ocrx_word' id='word_1_198' title='bbox 1233 2934 1351 2966; x_wconf 85' lang='lat' dir='ltr'>vero</span> 
     </span>
     <span class='ocr_line' id='line_1_28' title="bbox 331 2996 1354 3061; baseline -0.002 -14"><span class='ocrx_word' id='word_1_199' title='bbox 331 2998 422 3047; x_wconf 74' lang='lat' dir='ltr'>bn</span> <span class='ocrx_word' id='word_1_200' title='bbox 463 2998 506 3046; x_wconf 86' lang='lat' dir='ltr'>ci</span> <span class='ocrx_word' id='word_1_201' title='bbox 554 2996 774 3045; x_wconf 85' lang='lat' dir='ltr'>consules</span> <span class='ocrx_word' id='word_1_202' title='bbox 815 2998 1092 3046; x_wconf 72' lang='lat' dir='ltr'>ademerant</span> <span class='ocrx_word' id='word_1_203' title='bbox 1111 3032 1125 3057; x_wconf 89' lang='lat'>‚</span> <span class='ocrx_word' id='word_1_204' title='bbox 1177 2996 1354 3061; x_wconf 87' lang='lat' dir='ltr'>quibus</span> 
     </span>
     <span class='ocr_line' id='line_1_29' title="bbox 339 3076 1355 3141; baseline 0.001 -16"><span class='ocrx_word' id='word_1_205' title='bbox 339 3088 506 3127; x_wconf 75' lang='lat' dir='ltr'>contra</span> <span class='ocrx_word' id='word_1_206' title='bbox 525 3078 659 3141; x_wconf 82' lang='lat' dir='ltr'>ipsos</span> <span class='ocrx_word' id='word_1_207' title='bbox 677 3076 920 3137; x_wconf 73' lang='lat' dir='ltr'>consules,</span> <span class='ocrx_word' id='word_1_208' title='bbox 941 3088 999 3126; x_wconf 87' lang='lat' dir='ltr'>nt</span> <span class='ocrx_word' id='word_1_209' title='bbox 1017 3078 1140 3125; x_wconf 76' lang='lat' dir='ltr'>infra</span> <span class='ocrx_word' id='word_1_210' title='bbox 1159 3077 1355 3133; x_wconf 81' lang='lat' dir='ltr'>dicitnr,</span> 
     </span>
     <span class='ocr_line' id='line_1_30' title="bbox 339 3157 1356 3221; baseline -0.001 -16"><span class='ocrx_word' id='word_1_211' title='bbox 339 3172 601 3219; x_wconf 72' lang='lat' dir='ltr'>omnesque</span> <span class='ocrx_word' id='word_1_212' title='bbox 628 3157 978 3217; x_wconf 79' lang='lat' dir='ltr'>coniurationis</span> <span class='ocrx_word' id='word_1_213' title='bbox 1006 3157 1232 3221; x_wconf 73' lang='lat' dir='ltr'>reliquias</span> <span class='ocrx_word' id='word_1_214' title='bbox 1263 3174 1356 3221; x_wconf 83' lang='lat' dir='ltr'>pu-</span> 
     </span>
     <span class='ocr_line' id='line_1_31' title="bbox 339 3234 1351 3299; baseline -0.002 -15"><span class='ocrx_word' id='word_1_215' title='bbox 339 3234 588 3299; x_wconf 69' lang='lat' dir='ltr'>gnandum</span> <span class='ocrx_word' id='word_1_216' title='bbox 623 3234 823 3285; x_wconf 80' lang='lat' dir='ltr'>fuisset:</span> <span class='ocrx_word' id='word_1_217' title='bbox 849 3236 1032 3295; x_wconf 79' lang='lat' dir='ltr'>«scio,</span> <span class='ocrx_word' id='word_1_218' title='bbox 1065 3236 1226 3299; x_wconf 85' lang='lat' dir='ltr'>inquit</span> <span class='ocrx_word' id='word_1_219' title='bbox 1258 3248 1351 3297; x_wconf 86' lang='lat' dir='ltr'>pro</span> 
     </span>
     <span class='ocr_line' id='line_1_32' title="bbox 340 3310 1353 3375; baseline -0.003 -12"><span class='ocrx_word' id='word_1_220' title='bbox 340 3314 477 3363; x_wconf 77' lang='lat' dir='ltr'>Sext.</span> <span class='ocrx_word' id='word_1_221' title='bbox 495 3329 582 3375; x_wconf 83' lang='lat'>19,</span> <span class='ocrx_word' id='word_1_222' title='bbox 613 3324 718 3362; x_wconf 84' lang='lat' dir='ltr'>tum</span> <span class='ocrx_word' id='word_1_223' title='bbox 739 3329 841 3363; x_wconf 86' lang='lat' dir='ltr'>non</span> <span class='ocrx_word' id='word_1_224' title='bbox 864 3310 987 3361; x_wconf 76' lang='lat' dir='ltr'>&#39;miffi</span> <span class='ocrx_word' id='word_1_225' title='bbox 1011 3324 1222 3361; x_wconf 81' lang='lat' dir='ltr'>vestrum</span> <span class='ocrx_word' id='word_1_226' title='bbox 1247 3322 1353 3361; x_wconf 85' lang='lat' dir='ltr'>stn-</span> 
     </span>
     <span class='ocr_line' id='line_1_33' title="bbox 343 3389 1355 3455; baseline -0.002 -16"><span class='ocrx_word' id='word_1_227' title='bbox 343 3390 507 3449; x_wconf 75' lang='lat' dir='ltr'>dian,</span> <span class='ocrx_word' id='word_1_228' title='bbox 549 3389 634 3437; x_wconf 84' lang='lat' dir='ltr'>sed</span> <span class='ocrx_word' id='word_1_229' title='bbox 665 3408 827 3439; x_wconf 83' lang='lat' dir='ltr'>meum</span> <span class='ocrx_word' id='word_1_230' title='bbox 867 3406 1022 3455; x_wconf 82' lang='lat' dir='ltr'>prope</span> <span class='ocrx_word' id='word_1_231' title='bbox 1061 3402 1226 3439; x_wconf 80' lang='lat' dir='ltr'>vestro</span> <span class='ocrx_word' id='word_1_232' title='bbox 1267 3389 1355 3437; x_wconf 88' lang='lat' dir='ltr'>de-</span> 
     </span>
     <span class='ocr_line' id='line_1_34' title="bbox 339 3468 1354 3519; baseline -0.004 0"><span class='ocrx_word' id='word_1_233' title='bbox 339 3470 488 3519; x_wconf 74' lang='lat' dir='ltr'>fuisse</span> <span class='ocrx_word' id='word_1_234' title='bbox 508 3490 550 3516; x_wconf 75' lang='grc' dir='ltr'>ι.</span> <span class='ocrx_word' id='word_1_235' title='bbox 577 3468 672 3517; x_wconf 85' lang='lat' dir='ltr'>Sed</span> <span class='ocrx_word' id='word_1_236' title='bbox 697 3470 903 3517; x_wconf 80' lang='lat' dir='ltr'>mxime</span> <span class='ocrx_word' id='word_1_237' title='bbox 937 3470 1228 3517; x_wconf 75' lang='lat' dir='ltr'>conferenda</span> <span class='ocrx_word' id='word_1_238' title='bbox 1269 3468 1354 3516; x_wconf 73' lang='lat' dir='ltr'>ill·</span> 
     </span>
     <span class='ocr_line' id='line_1_35' title="bbox 341 3548 1357 3613; baseline -0.001 -16"><span class='ocrx_word' id='word_1_239' title='bbox 341 3548 567 3597; x_wconf 71' lang='lat' dir='ltr'>Sextiam</span> <span class='ocrx_word' id='word_1_240' title='bbox 605 3557 709 3609; x_wconf 83' lang='lat' dir='ltr'>est,</span> <span class='ocrx_word' id='word_1_241' title='bbox 749 3563 854 3613; x_wconf 70' lang='lat' dir='ltr'>cap.</span> <span class='ocrx_word' id='word_1_242' title='bbox 900 3565 984 3611; x_wconf 83' lang='lat'>17,</span> <span class='ocrx_word' id='word_1_243' title='bbox 1031 3550 1125 3611; x_wconf 85' lang='lat'>18,</span> <span class='ocrx_word' id='word_1_244' title='bbox 1171 3563 1263 3611; x_wconf 88' lang='lat'>19,</span> <span class='ocrx_word' id='word_1_245' title='bbox 1297 3558 1357 3596; x_wconf 83' lang='lat' dir='ltr'>nt</span> 
     </span>
     <span class='ocr_line' id='line_1_36' title="bbox 340 3624 1357 3693; baseline -0.002 -16"><span class='ocrx_word' id='word_1_246' title='bbox 340 3643 451 3693; x_wconf 67' lang='lat' dir='ltr'>qnae</span> <span class='ocrx_word' id='word_1_247' title='bbox 477 3624 690 3674; x_wconf 82' lang='lat' dir='ltr'>Tullium</span> <span class='ocrx_word' id='word_1_248' title='bbox 719 3642 748 3673; x_wconf 72' lang='lat' dir='ltr'>a</span> <span class='ocrx_word' id='word_1_249' title='bbox 777 3629 830 3674; x_wconf 74' lang='lat' dir='ltr'>vi</span> <span class='ocrx_word' id='word_1_250' title='bbox 865 3628 1209 3687; x_wconf 70' lang='lat' dir='ltr'>deteri-nerim,</span> <span class='ocrx_word' id='word_1_251' title='bbox 1249 3626 1357 3691; x_wconf 75' lang='lat' dir='ltr'>pln-</span> 
     </span>
     <span class='ocr_line' id='line_1_37' title="bbox 341 3692 1355 3769; baseline 0 -14"><span class='ocrx_word' id='word_1_252' title='bbox 341 3692 536 3755; x_wconf 63' lang='lat' dir='ltr'>nissime</span> <span class='ocrx_word' id='word_1_253' title='bbox 572 3704 922 3769; x_wconf 76' lang='lat' dir='ltr'>intelligantur.</span> <span class='ocrx_word' id='word_1_254' title='bbox 965 3706 1146 3754; x_wconf 81' lang='lat' dir='ltr'>Sensus</span> <span class='ocrx_word' id='word_1_255' title='bbox 1193 3708 1355 3769; x_wconf 78' lang='lat' dir='ltr'>itaque</span> 
     </span>
     <span class='ocr_line' id='line_1_38' title="bbox 339 3782 1356 3846; baseline 0 -13"><span class='ocrx_word' id='word_1_256' title='bbox 339 3785 486 3846; x_wconf 85' lang='lat' dir='ltr'>hujus</span> <span class='ocrx_word' id='word_1_257' title='bbox 507 3782 604 3830; x_wconf 83' lang='lat' dir='ltr'>loci</span> <span class='ocrx_word' id='word_1_258' title='bbox 633 3784 907 3833; x_wconf 77' lang='lat' dir='ltr'>summatim</span> <span class='ocrx_word' id='word_1_259' title='bbox 931 3794 1002 3833; x_wconf 84' lang='lat' dir='ltr'>est</span> <span class='ocrx_word' id='word_1_260' title='bbox 1022 3802 1038 3846; x_wconf 88' lang='lat'>;</span> <span class='ocrx_word' id='word_1_261' title='bbox 1066 3802 1118 3833; x_wconf 81' lang='lat' dir='ltr'>se</span> <span class='ocrx_word' id='word_1_262' title='bbox 1143 3784 1356 3833; x_wconf 69' lang='lat' dir='ltr'>noluisse</span> 
     </span>
     <span class='ocr_line' id='line_1_39' title="bbox 337 3860 1355 3925; baseline 0.003 -16"><span class='ocrx_word' id='word_1_263' title='bbox 337 3865 484 3911; x_wconf 71' lang='lat' dir='ltr'>armis</span> <span class='ocrx_word' id='word_1_264' title='bbox 523 3860 766 3911; x_wconf 70' lang='lat' dir='ltr'>decertare</span> <span class='ocrx_word' id='word_1_265' title='bbox 811 3878 922 3911; x_wconf 83' lang='lat' dir='ltr'>cum</span> <span class='ocrx_word' id='word_1_266' title='bbox 969 3864 1148 3912; x_wconf 86' lang='lat' dir='ltr'>Clodio</span> <span class='ocrx_word' id='word_1_267' title='bbox 1163 3898 1178 3923; x_wconf 84' lang='lat'>,</span> <span class='ocrx_word' id='word_1_268' title='bbox 1217 3865 1355 3925; x_wconf 82' lang='lat' dir='ltr'>cujus</span> 
     </span>
     <span class='ocr_line' id='line_1_40' title="bbox 343 3940 1356 4007; baseline 0.003 -20"><span class='ocrx_word' id='word_1_269' title='bbox 343 3955 539 3988; x_wconf 72' lang='lat' dir='ltr'>menum</span> <span class='ocrx_word' id='word_1_270' title='bbox 569 3955 757 3988; x_wconf 76' lang='lat' dir='ltr'>summo</span> <span class='ocrx_word' id='word_1_271' title='bbox 795 3940 962 3989; x_wconf 84' lang='lat' dir='ltr'>studio</span> <span class='ocrx_word' id='word_1_272' title='bbox 1000 3940 1173 4007; x_wconf 84' lang='lat' dir='ltr'>populi</span> <span class='ocrx_word' id='word_1_273' title='bbox 1212 3942 1356 3991; x_wconf 74' lang='lat' dir='ltr'>facile</span> 
     </span>
     <span class='ocr_line' id='line_1_41' title="bbox 337 4018 1355 4083; baseline 0.005 -19"><span class='ocrx_word' id='word_1_274' title='bbox 337 4027 603 4083; x_wconf 68' lang='lat' dir='ltr'>superasset</span> <span class='ocrx_word' id='word_1_275' title='bbox 621 4053 634 4075; x_wconf 89' lang='lat'><strong><em>,</em></strong></span> <span class='ocrx_word' id='word_1_276' title='bbox 657 4018 790 4081; x_wconf 89' lang='lat' dir='ltr'>quod</span> <span class='ocrx_word' id='word_1_277' title='bbox 816 4019 908 4068; x_wconf 77' lang='lat' dir='ltr'>alia</span> <span class='ocrx_word' id='word_1_278' title='bbox 934 4031 1070 4068; x_wconf 76' lang='lat' dir='ltr'>erant</span> <span class='ocrx_word' id='word_1_279' title='bbox 1097 4022 1355 4069; x_wconf 72' lang='lat' dir='ltr'>metuenda</span> 
     </span>
    </p>
   </div>
   <div class='ocr_carea' id='block_1_4' title="bbox 1434 2287 2467 4091">
    <p class='ocr_par' dir='ltr' id='par_1_5' title="bbox 1434 2287 2459 2965">
     <span class='ocr_line' id='line_1_42' title="bbox 1434 2287 2453 2351; baseline 0.005 -18"><span class='ocrx_word' id='word_1_280' title='bbox 1434 2288 1615 2351; x_wconf 86' lang='lat' dir='ltr'>qnippe</span> <span class='ocrx_word' id='word_1_281' title='bbox 1658 2294 2131 2350; x_wconf 73' lang='lat' dir='ltr'>consequntur-nm»,</span> <span class='ocrx_word' id='word_1_282' title='bbox 2158 2287 2453 2343; x_wconf 68' lang='grc' dir='ltr'>Δοὺκωλλος</span> 
     </span>
     <span class='ocr_line' id='line_1_43' title="bbox 1438 2366 2451 2436; baseline 0 -21"><span class='ocrx_word' id='word_1_283' title='bbox 1438 2366 1622 2416; x_wconf 68' lang='grc' dir='ltr'>ἐκέλευε</span> <span class='ocrx_word' id='word_1_284' title='bbox 1686 2366 1842 2434; x_wconf 70' lang='grc' dir='ltr'><strong>μένειν</strong></span> <span class='ocrx_word' id='word_1_285' title='bbox 1869 2401 1884 2423; x_wconf 86' lang='grc'><em>,</em></span> <span class='ocrx_word' id='word_1_286' title='bbox 1948 2368 2011 2425; x_wconf 75' lang='grc' dir='ltr'>ὣς</span> <span class='ocrx_word' id='word_1_287' title='bbox 2070 2366 2415 2436; x_wconf 70' lang='grc' dir='ltr'>περιεσόμενον</span> <span class='ocrx_word' id='word_1_288' title='bbox 2434 2398 2451 2425; x_wconf 88' lang='grc'><strong>,</strong></span> 
     </span>
     <span class='ocr_line' id='line_1_44' title="bbox 1436 2444 2453 2509; baseline 0.002 -18"><span class='ocrx_word' id='word_1_289' title='bbox 1436 2454 1491 2491; x_wconf 90' lang='lat' dir='ltr'>ut</span> <span class='ocrx_word' id='word_1_290' title='bbox 1516 2456 1679 2492; x_wconf 77' lang='lat' dir='ltr'>mrrat</span> <span class='ocrx_word' id='word_1_291' title='bbox 1704 2444 1989 2493; x_wconf 68' lang='lat' dir='ltr'>Plutarchus</span> <span class='ocrx_word' id='word_1_292' title='bbox 2017 2444 2071 2491; x_wconf 85' lang='lat' dir='ltr'>in</span> <span class='ocrx_word' id='word_1_293' title='bbox 2092 2446 2195 2493; x_wconf 88' lang='lat' dir='ltr'>Cic.</span> <span class='ocrx_word' id='word_1_294' title='bbox 2230 2461 2339 2509; x_wconf 75' lang='lat' dir='ltr'>cap.</span> <span class='ocrx_word' id='word_1_295' title='bbox 2367 2447 2453 2493; x_wconf 80' lang='lat'>31.</span> 
     </span>
     <span class='ocr_line' id='line_1_45' title="bbox 1438 2522 2454 2587; baseline -0.001 -16"><span class='ocrx_word' id='word_1_296' title='bbox 1438 2522 1620 2571; x_wconf 81' lang='lat' dir='ltr'>Confer</span> <span class='ocrx_word' id='word_1_297' title='bbox 1638 2522 1847 2587; x_wconf 86' lang='lat' dir='ltr'>denique</span> <span class='ocrx_word' id='word_1_298' title='bbox 1870 2540 1965 2587; x_wconf 83' lang='lat' dir='ltr'>pro</span> <span class='ocrx_word' id='word_1_299' title='bbox 1984 2523 2181 2572; x_wconf 79' lang='lat' dir='ltr'>Phncio</span> <span class='ocrx_word' id='word_1_300' title='bbox 2196 2560 2213 2585; x_wconf 86' lang='lat'>,</span> <span class='ocrx_word' id='word_1_301' title='bbox 2232 2539 2339 2587; x_wconf 76' lang='lat' dir='ltr'>cup.</span> <span class='ocrx_word' id='word_1_302' title='bbox 2364 2524 2454 2581; x_wconf 81' lang='lat'>35,</span> 
     </span>
     <span class='ocr_line' id='line_1_46' title="bbox 1440 2601 2457 2675; baseline 0.002 -28"><span class='ocrx_word' id='word_1_303' title='bbox 1440 2601 1524 2649; x_wconf 82' lang='lat'>36.</span> <span class='ocrx_word' id='word_1_304' title='bbox 1542 2629 1613 2638; x_wconf 94' lang='lat'>—</span> <span class='ocrx_word' id='word_1_305' title='bbox 1636 2602 1805 2650; x_wconf 77' lang='lat' dir='ltr'>Mallet</span> <span class='ocrx_word' id='word_1_306' title='bbox 1842 2602 2005 2667; x_wconf 72' lang='lat' dir='ltr'>itaque</span> <span class='ocrx_word' id='word_1_307' title='bbox 2036 2603 2268 2651; x_wconf 72' lang='lat' dir='ltr'>Gar-aton.</span> <span class='ocrx_word' id='word_1_308' title='bbox 2303 2624 2331 2643; x_wconf 83' lang='grc' dir='ltr'>ιι</span> <span class='ocrx_word' id='word_1_309' title='bbox 2350 2602 2457 2675; x_wconf 63' lang='lat' dir='ltr'>sing.</span> 
     </span>
     <span class='ocr_line' id='line_1_47' title="bbox 1440 2680 2457 2746; baseline -0.001 -18"><span class='ocrx_word' id='word_1_310' title='bbox 1440 2680 1639 2743; x_wconf 79' lang='lat' dir='ltr'>publico</span> <span class='ocrx_word' id='word_1_311' title='bbox 1663 2680 1890 2746; x_wconf 80' lang='lat' dir='ltr'>praesidio</span> <span class='ocrx_word' id='word_1_312' title='bbox 1903 2703 1927 2723; x_wconf 71' lang='lat' dir='ltr'>a·</span> <span class='ocrx_word' id='word_1_313' title='bbox 1942 2716 1959 2741; x_wconf 82' lang='lat'>‚</span> <span class='ocrx_word' id='word_1_314' title='bbox 1994 2681 2047 2729; x_wconf 81' lang='lat' dir='ltr'>h.</span> <span class='ocrx_word' id='word_1_315' title='bbox 2066 2698 2108 2729; x_wconf 90' lang='lat' dir='ltr'>e.</span> <span class='ocrx_word' id='word_1_316' title='bbox 2135 2682 2239 2728; x_wconf 87' lang='lat' dir='ltr'>sine</span> <span class='ocrx_word' id='word_1_317' title='bbox 2256 2680 2457 2744; x_wconf 63' lang='lat' dir='ltr'>publia</span> 
     </span>
     <span class='ocr_line' id='line_1_48' title="bbox 1438 2760 2457 2825; baseline 0.001 -19"><span class='ocrx_word' id='word_1_318' title='bbox 1438 2760 1738 2807; x_wconf 67' lang='lat' dir='ltr'>auctoritate.</span> <span class='ocrx_word' id='word_1_319' title='bbox 1755 2760 1980 2825; x_wconf 70' lang='lat' dir='ltr'>Explicat</span> <span class='ocrx_word' id='word_1_320' title='bbox 1997 2762 2253 2817; x_wconf 80' lang='lat' dir='ltr'>Ernestns,</span> <span class='ocrx_word' id='word_1_321' title='bbox 2270 2776 2457 2823; x_wconf 77' lang='lat' dir='ltr'>«quum</span> 
     </span>
     <span class='ocr_line' id='line_1_49' title="bbox 1440 2838 2459 2902; baseline 0.001 -17"><span class='ocrx_word' id='word_1_322' title='bbox 1440 2838 1652 2901; x_wconf 84' lang='lat' dir='ltr'>populns</span> <span class='ocrx_word' id='word_1_323' title='bbox 1686 2838 1917 2902; x_wconf 80' lang='lat' dir='ltr'>proesidio</span> <span class='ocrx_word' id='word_1_324' title='bbox 1948 2840 2053 2902; x_wconf 82' lang='lat' dir='ltr'>ipse</span> <span class='ocrx_word' id='word_1_325' title='bbox 2092 2848 2277 2886; x_wconf 69' lang='lat' dir='ltr'>caneret</span> <span class='ocrx_word' id='word_1_326' title='bbox 2310 2849 2367 2887; x_wconf 76' lang='lat' dir='ltr'>et</span> <span class='ocrx_word' id='word_1_327' title='bbox 2388 2854 2459 2886; x_wconf 75' lang='lat' dir='ltr'>ar·</span> 
     </span>
     <span class='ocr_line' id='line_1_50' title="bbox 1440 2916 2312 2965; baseline -0.002 0"><span class='ocrx_word' id='word_1_328' title='bbox 1440 2917 1579 2965; x_wconf 78' lang='lat' dir='ltr'>matis</span> <span class='ocrx_word' id='word_1_329' title='bbox 1599 2916 1847 2965; x_wconf 78' lang='lat' dir='ltr'>Clodianis</span> <span class='ocrx_word' id='word_1_330' title='bbox 1866 2928 1991 2965; x_wconf 75' lang='lat' dir='ltr'>esset</span> <span class='ocrx_word' id='word_1_331' title='bbox 2013 2916 2260 2965; x_wconf 82' lang='lat' dir='ltr'>obnoxius</span> <span class='ocrx_word' id='word_1_332' title='bbox 2271 2938 2312 2963; x_wconf 75' lang='lat' dir='ltr'>n.</span> 
     </span>
    </p>

    <p class='ocr_par' dir='ltr' id='par_1_6' title="bbox 1514 2994 2244 3057">
     <span class='ocr_line' id='line_1_51' title="bbox 1514 2994 2244 3057; baseline 0.001 -14"><span class='ocrx_word' id='word_1_333' title='bbox 1514 3010 1567 3045; x_wconf 71' lang='lat' dir='ltr'>a.</span> <span class='ocrx_word' id='word_1_334' title='bbox 1598 2996 1796 3046; x_wconf 79' lang='lat' dir='ltr'>Manat.</span> <span class='ocrx_word' id='word_1_335' title='bbox 1824 2995 2025 3057; x_wconf 80' lang='lat' dir='ltr'>conjicit</span> <span class='ocrx_word' id='word_1_336' title='bbox 2052 2994 2244 3044; x_wconf 75' lang='lat' dir='ltr'>nlez&#39;ma.</span> 
     </span>
    </p>

    <p class='ocr_par' dir='ltr' id='par_1_7' title="bbox 1440 3074 2459 3613">
     <span class='ocr_line' id='line_1_52' title="bbox 1514 3074 2457 3140; baseline -0.001 -16"><span class='ocrx_word' id='word_1_337' title='bbox 1514 3077 1563 3124; x_wconf 78' lang='lat'>3.</span> <span class='ocrx_word' id='word_1_338' title='bbox 1592 3074 1759 3126; x_wconf 78' lang='lat' dir='ltr'>Gesta.</span> <span class='ocrx_word' id='word_1_339' title='bbox 1779 3078 1905 3124; x_wconf 85' lang='lat' dir='ltr'>Tum</span> <span class='ocrx_word' id='word_1_340' title='bbox 1928 3076 2061 3123; x_wconf 87' lang='lat' dir='ltr'>enim</span> <span class='ocrx_word' id='word_1_341' title='bbox 2084 3092 2136 3123; x_wconf 82' lang='lat' dir='ltr'>re</span> <span class='ocrx_word' id='word_1_342' title='bbox 2159 3091 2250 3140; x_wconf 79' lang='lat' dir='ltr'>per</span> <span class='ocrx_word' id='word_1_343' title='bbox 2268 3076 2457 3139; x_wconf 69' lang='lat' dir='ltr'>Scipio-</span> 
     </span>
     <span class='ocr_line' id='line_1_53' title="bbox 1442 3154 2459 3220; baseline 0.001 -18"><span class='ocrx_word' id='word_1_344' title='bbox 1442 3170 1553 3203; x_wconf 84' lang='lat' dir='ltr'>nem</span> <span class='ocrx_word' id='word_1_345' title='bbox 1577 3156 1769 3217; x_wconf 81' lang='lat' dir='ltr'>sortiter</span> <span class='ocrx_word' id='word_1_346' title='bbox 1794 3166 1954 3219; x_wconf 72' lang='lat' dir='ltr'>gesta,</span> <span class='ocrx_word' id='word_1_347' title='bbox 1976 3156 2137 3220; x_wconf 82' lang='lat' dir='ltr'>ipsum</span> <span class='ocrx_word' id='word_1_348' title='bbox 2166 3165 2213 3202; x_wconf 88' lang='lat' dir='ltr'>et</span> <span class='ocrx_word' id='word_1_349' title='bbox 2242 3154 2459 3219; x_wconf 75' lang='lat' dir='ltr'>reliquos</span> 
     </span>
     <span class='ocr_line' id='line_1_54' title="bbox 1441 3232 2455 3298; baseline 0.003 -19"><span class='ocrx_word' id='word_1_350' title='bbox 1441 3232 1697 3297; x_wconf 74' lang='lat' dir='ltr'>optimates</span> <span class='ocrx_word' id='word_1_351' title='bbox 1723 3244 1885 3298; x_wconf 78' lang='lat' dir='ltr'>aperte</span> <span class='ocrx_word' id='word_1_352' title='bbox 1909 3236 1963 3282; x_wconf 79' lang='lat' dir='ltr'>P.</span> <span class='ocrx_word' id='word_1_353' title='bbox 1981 3234 2179 3283; x_wconf 79' lang='lat' dir='ltr'>Mucius</span> <span class='ocrx_word' id='word_1_354' title='bbox 2205 3232 2455 3293; x_wconf 79' lang='lat' dir='ltr'>defendit,</span> 
     </span>
     <span class='ocr_line' id='line_1_55' title="bbox 1440 3312 2455 3377; baseline 0.003 -19"><span class='ocrx_word' id='word_1_355' title='bbox 1440 3312 1525 3375; x_wconf 83' lang='lat' dir='ltr'>qui</span> <span class='ocrx_word' id='word_1_356' title='bbox 1558 3312 1673 3361; x_wconf 82' lang='lat' dir='ltr'>vivo</span> <span class='ocrx_word' id='word_1_357' title='bbox 1702 3312 1929 3361; x_wconf 76' lang='lat' dir='ltr'>Graccho</span> <span class='ocrx_word' id='word_1_358' title='bbox 1964 3314 2137 3362; x_wconf 76' lang='lat' dir='ltr'>favisse</span> <span class='ocrx_word' id='word_1_359' title='bbox 2174 3312 2455 3377; x_wconf 70' lang='lat' dir='ltr'>putabatur.</span> 
     </span>
     <span class='ocr_line' id='line_1_56' title="bbox 1440 3388 2459 3450; baseline -0.001 -12"><span class='ocrx_word' id='word_1_360' title='bbox 1440 3388 1517 3439; x_wconf 83' lang='lat' dir='ltr'>Cf.</span> <span class='ocrx_word' id='word_1_361' title='bbox 1538 3392 1646 3441; x_wconf 89' lang='lat' dir='ltr'>Cic.</span> <span class='ocrx_word' id='word_1_362' title='bbox 1669 3390 1823 3441; x_wconf 75' lang='lat' dir='ltr'>Acad.</span> <span class='ocrx_word' id='word_1_363' title='bbox 1837 3393 1925 3450; x_wconf 83' lang='lat' dir='ltr'>lv,</span> <span class='ocrx_word' id='word_1_364' title='bbox 1964 3396 2013 3439; x_wconf 89' lang='lat'>5.</span> <span class='ocrx_word' id='word_1_365' title='bbox 2032 3397 2229 3440; x_wconf 74' lang='lat' dir='ltr'>Frustra</span> <span class='ocrx_word' id='word_1_366' title='bbox 2248 3394 2459 3440; x_wconf 77' lang='lat' dir='ltr'>correxit</span> 
     </span>
     <span class='ocr_line' id='line_1_57' title="bbox 1441 3470 2457 3536; baseline 0.001 -20"><span class='ocrx_word' id='word_1_367' title='bbox 1441 3470 1628 3518; x_wconf 80' lang='lat' dir='ltr'>Ernest.</span> <span class='ocrx_word' id='word_1_368' title='bbox 1640 3482 1843 3536; x_wconf 71' lang='lat' dir='ltr'>gestam.</span> <span class='ocrx_word' id='word_1_369' title='bbox 1868 3470 1975 3519; x_wconf 81' lang='lat' dir='ltr'>Nos</span> <span class='ocrx_word' id='word_1_370' title='bbox 2002 3471 2323 3521; x_wconf 74' lang='lat' dir='ltr'>Garatonium</span> <span class='ocrx_word' id='word_1_371' title='bbox 2350 3487 2457 3518; x_wconf 86' lang='lat' dir='ltr'>cnm</span> 
     </span>
     <span class='ocr_line' id='line_1_58' title="bbox 1441 3547 1911 3613; baseline 0.002 -16"><span class='ocrx_word' id='word_1_372' title='bbox 1441 3547 1628 3597; x_wconf 83' lang='lat' dir='ltr'>Wolfio</span> <span class='ocrx_word' id='word_1_373' title='bbox 1650 3552 1911 3613; x_wconf 85' lang='lat' dir='ltr'>sequimur.</span> 
     </span>
    </p>

    <p class='ocr_par' dir='ltr' id='par_1_8' title="bbox 1440 3628 2457 3771">
     <span class='ocr_line' id='line_1_59' title="bbox 1513 3628 2457 3692; baseline 0 -15"><span class='ocrx_word' id='word_1_374' title='bbox 1513 3638 1564 3683; x_wconf 77' lang='grc'>4.</span> <span class='ocrx_word' id='word_1_375' title='bbox 1610 3629 1700 3677; x_wconf 72' lang='lat' dir='ltr'>Aa</span> <span class='ocrx_word' id='word_1_376' title='bbox 1738 3644 1911 3678; x_wconf 70' lang='lat' dir='ltr'>servos.</span> <span class='ocrx_word' id='word_1_377' title='bbox 1960 3628 2061 3692; x_wconf 86' lang='lat' dir='ltr'>Qui</span> <span class='ocrx_word' id='word_1_378' title='bbox 2110 3644 2242 3677; x_wconf 69' lang='lat' dir='ltr'>arma</span> <span class='ocrx_word' id='word_1_379' title='bbox 2288 3642 2457 3677; x_wconf 72' lang='lat' dir='ltr'>contu</span> 
     </span>
     <span class='ocr_line' id='line_1_60' title="bbox 1440 3704 2031 3771; baseline 0.002 -17"><span class='ocrx_word' id='word_1_380' title='bbox 1440 3704 1601 3755; x_wconf 77' lang='lat' dir='ltr'>bonos</span> <span class='ocrx_word' id='word_1_381' title='bbox 1621 3708 1751 3755; x_wconf 80' lang='lat' dir='ltr'>cives</span> <span class='ocrx_word' id='word_1_382' title='bbox 1772 3707 2031 3771; x_wconf 81' lang='lat' dir='ltr'>cepissent.</span> 
     </span>
    </p>

    <p class='ocr_par' dir='ltr' id='par_1_9' title="bbox 1442 3784 2467 4091">
     <span class='ocr_line' id='line_1_61' title="bbox 1514 3784 2457 3835; baseline 0 -1"><span class='ocrx_word' id='word_1_383' title='bbox 1514 3786 1565 3834; x_wconf 82' lang='lat'>5.</span> <span class='ocrx_word' id='word_1_384' title='bbox 1586 3788 1833 3835; x_wconf 78' lang='lat' dir='ltr'>Bonorum</span> <span class='ocrx_word' id='word_1_385' title='bbox 1850 3785 2016 3833; x_wconf 75' lang='lat' dir='ltr'>odium</span> <span class='ocrx_word' id='word_1_386' title='bbox 2032 3784 2285 3833; x_wconf 61' lang='lat' dir='ltr'>recitabat.</span> <span class='ocrx_word' id='word_1_387' title='bbox 2318 3788 2457 3835; x_wconf 68' lang='lat' dir='ltr'>Mun.</span> 
     </span>
     <span class='ocr_line' id='line_1_62' title="bbox 1443 3865 2463 3930; baseline 0.001 -18"><span class='ocrx_word' id='word_1_388' title='bbox 1443 3876 1491 3913; x_wconf 81' lang='lat' dir='ltr'>et</span> <span class='ocrx_word' id='word_1_389' title='bbox 1540 3865 1705 3913; x_wconf 78' lang='lat' dir='ltr'>anb.</span> <span class='ocrx_word' id='word_1_390' title='bbox 1750 3867 2021 3927; x_wconf 79' lang='lat' dir='ltr'>conjiciunt</span> <span class='ocrx_word' id='word_1_391' title='bbox 2060 3866 2289 3923; x_wconf 70' lang='lat' dir='ltr'>tenebat,</span> <span class='ocrx_word' id='word_1_392' title='bbox 2322 3866 2463 3930; x_wconf 81' lang='lat' dir='ltr'>quod</span> 
     </span>
     <span class='ocr_line' id='line_1_63' title="bbox 1442 3944 2467 4009; baseline 0 -18"><span class='ocrx_word' id='word_1_393' title='bbox 1442 3944 1604 4009; x_wconf 76' lang='lat' dir='ltr'>ipsum</span> <span class='ocrx_word' id='word_1_394' title='bbox 1636 3954 1776 3991; x_wconf 78' lang='lat' dir='ltr'>antea</span> <span class='ocrx_word' id='word_1_395' title='bbox 1809 3944 2008 3992; x_wconf 76' lang='lat' dir='ltr'>dederat</span> <span class='ocrx_word' id='word_1_396' title='bbox 2034 3945 2319 4008; x_wconf 79' lang='lat' dir='ltr'>Hcmgins.</span> <span class='ocrx_word' id='word_1_397' title='bbox 2338 3944 2467 3991; x_wconf 70' lang='lat' dir='ltr'>Vul-</span> 
     </span>
     <span class='ocr_line' id='line_1_64' title="bbox 1443 4022 2465 4091; baseline 0 -20"><span class='ocrx_word' id='word_1_398' title='bbox 1443 4032 1597 4091; x_wconf 74' lang='lat' dir='ltr'>gatam</span> <span class='ocrx_word' id='word_1_399' title='bbox 1620 4024 1766 4071; x_wconf 79' lang='lat' dir='ltr'>ceteri</span> <span class='ocrx_word' id='word_1_400' title='bbox 1790 4022 1906 4071; x_wconf 87' lang='lat' dir='ltr'>libri</span> <span class='ocrx_word' id='word_1_401' title='bbox 1934 4034 2150 4083; x_wconf 80' lang='lat' dir='ltr'>tuentur,</span> <span class='ocrx_word' id='word_1_402' title='bbox 2179 4040 2323 4087; x_wconf 71' lang='lat' dir='ltr'>quani</span> <span class='ocrx_word' id='word_1_403' title='bbox 2344 4038 2465 4071; x_wconf 81' lang='lat' dir='ltr'>con-</span> 
     </span>
    </p>
   </div>
  </div>
 </body>
</html>
