2594 4537
629 328 1015 425 oRATJo
1061 331 1264 400 PRO
1314 332 1391 400 P.
1436 328 1789 434 sULLA.
2194 326 2283 425 57

135 452 381 547 ipsum
418 474 444 538 3
510 450 960 521 contuemini
997 474 1113 539 os3
1151 448 1475 523 conferte
1501 446 1530 495 ³
1569 450 1845 521 crimen
1892 470 2061 521 cum
2102 450 2284 538 vita3

133 560 394 647 vitam,
429 555 526 629 ab
555 559 765 629 initio
802 558 896 631 ad
921 558 1065 634 hoc
1097 574 1391 658 tempus
1428 558 1897 659 explicatam,
1930 582 2099 631 cum
2142 561 2285 632 cri-

133 669 344 741 mine·
357 670 876 766 recognoscite.
896 672 1109 742 Mitto
1128 674 1160 723 ⁴
1177 670 1698 769 rempublicam
1718 724 1736 757 ‚
1762 694 1923 766 quae
1948 667 2083 742 fuit
2105 694 2288 743 sem-

136 801 268 876 per
311 779 534 851 Sullae
567 782 972 853 carissima:
1013 779 1244 853 hosne
1287 782 1594 871 amicos,
1647 781 1823 852 tales
1869 781 2099 869 virm,
2136 794 2309 852 tam-

133 890 450 989 cupidos
483 891 596 963 sui
611 886 662 979 ⁵,
707 914 842 988 pel:
886 915 1072 989 quos
1123 916 1240 963 res
1287 892 1445 987 ejus
1516 889 1850 963 secundae
1909 889 2284 987 quondam

134 1015 340 1073 emnt
355 1014 636 1073 ornatae
647 1052 668 1089 ‚
685 1026 884 1073 nunc
899 1000 1373 1073 sublevantur
1386 1000 1419 1047 ⁶
1438 1002 1747 1075 adversae
1761 1058 1781 1089 ,
1800 998 2287 1073 crudelissime

135 1111 376 1206 perire
401 1110 677 1200 voluit,
718 1125 992 1184 utcum
1015 1113 1325 1186 Lentulo
1344 1168 1363 1202 ,
1392 1128 1463 1185 et
1482 1112 1784 1185 Catilina
1804 1166 1825 1201 ‚
1862 1122 1934 1183 et
1961 1110 2286 1209 Cethego

133 1218 604 1295 foedissimam
629 1225 848 1295 vitam
879 1247 964 1295 ac
991 1224 1466 1296 miserrimam
1487 1277 1507 1312 ‚
1550 1220 1957 1320 turpissima
1978 1230 2003 1275 '7
2048 1234 2283 1293 morte

131 1334 556 1429 proposita,
601 1332 893 1430 degeret
930 1333 960 1403 Ρ
997 1338 1162 1407 Non
1199 1334 1432 1424 cadit,
1472 1359 1623 1405 non
1648 1388 1669 1421 ,
1716 1336 2058 1431 inquam,
2094 1329 2285 1403 cadit

129 1440 206 1511 in
235 1440 382 1513 hos
433 1441 756 1533 mores⁸‚
793 1470 946 1517 non
984 1447 1063 1516 in
1097 1444 1294 1517 hunc
1332 1444 1687 1543 pudorem
1713 1500 1732 1533 ‚
1774 1469 1925 1515 non
1974 1444 2052 1515 in
2092 1442 2281 1514 hanc

130 1552 392 1641 vitam,
441 1579 596 1625 non
630 1559 710 1626 in
740 1555 942 1627 hunc
975 1555 1351 1628 hominem
1378 1558 1511 1627 ista
1532 1556 1871 1653 suspicio.

221 1664 438 1734 Nova
461 1662 792 1760 quaedam
821 1664 944 1736 illa
971 1669 1384 1739 immanitas
1406 1680 1657 1739 exorta
1684 1678 1792 1737 est
1809 1690 1828 1753 ;
1844 1660 2283 1735 incredibilis

130 1768 269 1842 fuit
300 1796 390 1843 ac
417 1773 796 1871 singularis
823 1773 1064 1863 furor3
1103 1800 1194 1849 ex
1228 1775 1477 1847 multis
1505 1774 1601 1847 >ab
1632 1772 2113 1845 adolescentia
2135 1772 2279 1844 col-

132 1880 330 1953 lectis
385 1883 844 1981 perditorum
879 1884 1258 1958 hominum
1312 1887 1505 1957 vitiis
1557 1899 1858 1984 repente
1912 1898 2109 1955 tanta
2145 1886 2281 1954 ista

131 1990 644 2090 importunitas
683 1987 988 2073 in'auditi
1029 1996 1317 2069 sceleris
1344 1996 1629 2069 exarsit.
1657 1996 1935 2083 Nolite,
1962 1992 2277 2088 judice3‚

133 2100 464 2174 arbitrari
477 2157 499 2193 ‚
538 2103 918 2177 hominum
943 2108 1148 2179 illum
1172 2109 1525 2206 impetum
1539 2118 1571 2165 9
1592 2120 1663 2176 et
1684 2120 2023 2177 conatum
2038 2102 2279 2175 fuisse.

131 2215 388 2312 Neque
423 2216 618 2288 enim
649 2217 796 2290 ulla
837 2240 1018 2317 gens
1055 2233 1204 2291 tam
1243 2216 1551 2290 barbara
1572 2271 1593 2308 ‚
1618 2230 1744 2288 aut
1770 2230 1917 2288 tam
1944 2216 2275 2286 immanis

133 2347 484 2422 umquam
530 2325 708 2417 fuit,
746 2331 822 2400 in
861 2353 1010 2427 qua
1054 2354 1210 2401 non
1261 2327 1486 2401 modo
1532 2343 1680 2416 tot,
1725 2327 1855 2425 sed
1894 2349 2089 2400 unus
2124 2339 2274 2397 tam

133 2434 446 2509 crudelis
466 2436 696 2510 hostis
719 2444 964 2539 patriae
991 2444 1083 2514 sit
1107 2443 1471 2514 inventus.
1490 2440 1753 2512 Belluae
1778 2437 2105 2538 quaedam
2138 2435 2274 2508 illae

135 2566 219 2614 cx
255 2550 620 2643 portentis
655 2552 1083 2624 immanes¹⁰
1121 2575 1205 2623 ac
1243 2549 1446 2636 ferae,
1479 2548 1711 2621 forma
1740 2548 2127 2630 hominum
2162 2547 2273 2618 in-

133 2652 320 2726 dutae
341 2711 362 2744 ,
406 2662 862 2732 exstiterunt.
914 2661 1303 2760 Perspicite
1343 2662 1553 2733 etiam
1592 2657 1809 2757 atque
1850 2659 2064 2729 etiam
2093 2711 2112 2746 ‚
2151 2657 2270 2753 ju-

134 2760 366 2836 dices:
411 2765 592 2838 nihil
633 2771 828 2840 enim
865 2785 1006 2860 est,
1043 2770 1244 2868 quod
1286 2774 1367 2842 in
1415 2769 1552 2842 hac
1592 2793 1807 2842 causa
1850 2769 1993 2840 dici
2040 2769 2273 2866 possit

135 2873 652 2948 vehementius.
700 2881 996 2958 Penii-us
1029 2881 1479 2979 introspicite
1507 2879 1825 2952 Catilinae
1842 2933 1865 2968 ‚
1897 2879 2276 2966 Autronii,

201 3115 252 3166 3.
281 3115 488 3168 Sobata.
518 3118 696 3170 delevit
719 3119 826 3170 haec
847 3153 864 3182 ,
891 3140 915 3166 ι
931 3121 1156 3171 conserte
1243 3119 1510 3170 tfficalibus
1542 3131 1741 3169 cautum
1782 3121 1943 3170 fuerat
1983 3131 2039 3168 ut
2078 3119 2165 3184 qui
2206 3119 2271 3168 ln-

146 3195 316 3246 ...vitn
333 3219 376 3246 ιι.
393 3199 448 3246 J.
468 3199 533 3248 V.
555 3200 610 3247 1..
1241 3215 1373 3265 queo
1396 3199 1586 3248 finisset
1603 3201 1753 3248 vitam
1769 3233 1786 3260 ‚
1822 3201 1867 3248 is
1892 3199 2166 3264 insepultus
2182 3197 2269 3246 ab·

206 3281 252 3330 4.
285 3275 452 3324 lfi'oeo.
493 3277 558 3324 Id
593 3287 666 3324 est
683 3312 700 3336 ,
733 3293 838 3327 non
875 3279 1056 3344 loquor
1087 3279 1152 3330 de
1235 3279 1487 3340 iicet-etur.

139 3367 233 3416 rep.
257 3355 400 3415 cujus
437 3369 578 3403 mor
613 3356 796 3406 Sullam
846 3374 871 3405 n
919 3361 1150 3420 coniura-
1316 3361 1365 3408 8.
1396 3363 1456 3407 In
1476 3358 1563 3408 Itos
1577 3375 1767 3423 ⁸mor-«w.
1796 3357 1962 3409 Sulla.

137 3430 266 3480 tium
306 3444 595 3484 moena-et.
629 3462 700 3472 —-
745 3439 914 3486 Hosne
950 3435 1152 3486 amicos.
1312 3453 1363 3500 9.
1386 3437 1534 3487 Illum
1562 3438 1805 3503 impetum.
1826 3439 1969 3502 Opus
1991 3437 2264 3484 hominnm.

136 3511 232 3574 Qui
253 3510 476 3560 aderant.
1316 3530 1393 3564 ιο.
1417 3518 1503 3564 Ex
1518 3517 1757 3582 portentis
1780 3516 2037 3565 immanes.
2065 3517 2125 3562 In
2145 3529 2271 3578 pro-

203 3590 253 3638 5.
279 3591 404 3640 Tam
427 3591 630 3656 cupidos
651 3594 741 3643 mi.
767 3593 930 3653 mim,
953 3594 1120 3645 Sulla.
1239 3593 1413 3658 digiin,
1438 3595 1493 3644 in
1514 3597 1749 3646 monstris
1773 3595 2018 3644 habentur
2040 3592 2265 3642 animali·
2332 3633 2345 3646 .

199 3671 250 3718 6.
279 3670 614 3720 Sublemmr.
657 3674 750 3722 Per
783 3689 912 3738 quoe
935 3673 1154 3724 adverso
1240 3689 1321 3732 en,
1340 3690 1452 3738 qua
1470 3675 1643 3724 ceteris
1662 3674 1738 3724 sui
1756 3675 1946 3738 generis
1968 3671 2143 3721 similia
2163 3688 2265 3722 non

133 3746 394 3797 leniuntur.
1239 3763 1367 3804 sunt.
1392 3755 1461 3804 Ut
1484 3757 1544 3804 T.
1575 3754 1739 3802 Livius
1755 3753 1886 3802 libro
1910 3754 2111 3802 xxvn
2136 3751 2269 3801 inter

202 3845 248 3889 7.
298 3827 600 3894 Τιιφὶεεὺιιὰ
645 3842 820 3882 morte.
863 3833 1040 3899 Turpis
1090 3849 1146 3884 en
1233 3833 1460 3898 prodigia
1480 3844 1730 3883 enumerat
1749 3833 1985 3883 infamem
2005 3831 2263 3898 quemdam

135 3907 453 3956 madicittu·
468 3925 618 3973 quam
642 3910 858 3975 improbi
885 3911 1004 3960 dant
1021 3913 1148 3977 legi·
1234 3927 1349 3960 cum
1380 3913 1627 3976 elephanti
1665 3913 1825 3977 capite
1857 3923 2041 3962 nutum.
2078 3913 2265 3974 Hujus-

131 3983 250 4046 δυσ,
286 3998 369 4035 aut
407 4003 556 4052 quam
596 3989 690 4036 sibi
738 3991 1052 4040 consciscunt
1077 3993 1150 4040 fu·
1235 3991 1370 4038 modi
1399 3992 1627 4040 animalia
1661 4008 1723 4041 ex
1747 3993 2001 4058 portentis
2038 3985 2265 4038 iminnnia

131 4065 532 4118 manetem
551 4067 755 4129 Servio,
777 4069 832 4117 in
855 4069 994 4119 libris
1021 4087 1147 4136 pon·
1237 4081 1369 4120 sunt.
1400 4070 1533 4120 Idem
1563 4071 1621 4121 fit
1641 4089 1703 4122 ex
1728 4073 1947 4122 moribus
1972 4068 2263 4138 depravatis.
