2594 4537
329 252 469 336 284
951 252 1048 318 M.
1101 251 1181 319 T.
1237 250 1828 322 CICERONIS

331 373 679 471 pellerent
697 368 788 459 ¹⁶,
833 369 1156 443 crudeles
1203 370 1747 444 demonstrabas
1801 372 2044 443 fuisse.
2096 374 2207 443 Tu
2240 372 2500 441 mise-

328 485 555 556 ricors
587 505 704 553 me
739 478 1030 553 affinem
1067 495 1278 553 tuum
1300 491 1388 571 ¹⁷3
1424 506 1643 580 quem
1680 482 1990 555 comitiis
2020 482 2165 553 tuis
2200 504 2495 580 praero-
2525 502 2528 529 ³

330 596 578 691 gativae
600 588 662 634 ¹⁸
697 595 1012 689 primum
1047 590 1423 665 custodem
1462 590 1875 690 praefeceras
1892 646 1913 680 ,
1954 615 2177 689 quem
2212 589 2493 661 kalen·

330 703 439 776 dis
456 703 601 797 jan.
631 705 847 774 tertio
875 701 1037 773 loco
1063 714 1125 763 ¹9
1159 703 1585 775 sententiam
1624 726 1949 800 rogaras,
1986 704 2487 775 constrictum
2530 742 2532 745 <

331 812 638 883 inimicis
692 811 1108 910 reipublice
1165 811 1585 885 tradidisti:
1644 827 1725 884 tu
1781 836 2024 883 meum
2068 834 2485 909 generum,
2532 830 2534 835 ·

331 922 834 1020 propinquum
878 936 1126 1010 tuum3
1177 937 1260 993 tu
1309 919 1601 994 affinem
1650 936 1883 1009 tuam,
1920 918 2143 992 filiam
2183 942 2441 990 meam
2464 971 2487 999 ‚

335 1023 862 1130 superbissimis
895 1046 968 1103 et
1001 1030 1509 1105 crudelissimis
1542 1029 1783 1104 verbis
1818 1054 1861 1101 a
1890 1028 2200 1129 genibus
2222 1039 2291 1073 ²⁰
2320 1028 2485 1099 tuis

333 1141 658 1240 repulisti
687 1168 704 1211 z
737 1140 1081 1240 idemque
1117 1155 1236 1226 tu,
1269 1141 1648 1213 clementia
1680 1166 1762 1213 ac
1796 1138 2289 1211 misericordia
2326 1140 2487 1209 sin-

332 1248 666 1345 gulari²¹‚
691 1274 924 1351 quum
953 1275 1086 1349 ego
1113 1274 1262 1325 una
1287 1276 1457 1324 cum
1483 1250 1854 1350 republica
1876 1276 2027 1323 non
2058 1248 2483 1332 tribunitio,
2540 1263 2542 1271 '

333 1359 459 1432 sed
500 1362 858 1433 consulari
892 1363 1044 1432 ictu
1079 1361 1549 1435 concidissem
1570 1416 1591 1447 ‚
1640 1375 1845 1433 tanto
1886 1359 2153 1433 scelere
2170 1412 2191 1448 ,
2230 1372 2479 1429 tanta·

333 1495 478 1567 que
519 1472 1068 1569 intemperantia
1109 1469 1309 1544 fuisti
1326 1528 1347 1562 ,
1382 1487 1463 1545 ut
1488 1498 1584 1545 ne
1625 1496 1848 1543 unam
1879 1469 2177 1569 quidem
2205 1469 2477 1541 horam

333 1582 677 1655 interesse
732 1596 1062 1680 paterere
1082 1594 1147 1626 ²²
1205 1584 1397 1657 inter
1458 1608 1691 1656 meam
1757 1598 2033 1682 pestem
2054 1636 2075 1671 ‚
2132 1594 2208 1652 et
2265 1596 2469 1652 tuam

335 1691 691 1788 praedam3
737 1693 984 1763 saltem
1025 1692 1202 1765 dum
1239 1695 1757 1799 conticesceret
1788 1693 1906 1764 illa
1941 1692 2363 1763 lamentatio
2400 1701 2476 1759 et

335 1801 644 1897 gemitus
686 1800 912 1873 urbis.

429 1910 774 1985 Nondum
831 1912 1068 2011 palam
1133 1911 1406 1987 factum
1464 1929 1617 1986 erat
1670 1911 2013 1986 occidisse
2066 1906 2471 2007 rempubli-

409 2084 491 2131 16.
515 2084 710 2133 Gruter.
735 2083 1034 2149 depulissem.
1060 2086 1110 2135 J.
1123 2086 1190 2132 V.
1207 2084 1262 2131 L.

407 2179 487 2224 17.
529 2166 613 2211 Me
650 2162 852 2230 affinem
887 2175 1046 2215 tunna.
1087 2163 1168 2213 oh
1201 2160 1353 2211 filiam

335 2240 393 2290 C.
419 2241 584 2292 Pisoni
601 2278 616 2302 ,
635 2242 782 2305 hujus
806 2244 1090 2309 propinquo
1106 2277 1121 2304 ,
1143 2241 1357 2292 colloca-

307 2331 451 2382 jam.
490 2346 562 2357 —
602 2319 814 2369 Gomr'eiis
844 2321 954 2369 εαίε.
994 2325 1056 2370 In
1086 2321 1267 2386 quibua
1300 2331 1356 2369 tu

336 2401 520 2465 petitor
540 2400 821 2448 consulatus
842 2400 990 2448 suini.

415 2479 495 2524 28.
545 2477 876 2542 Proemgaeiva
919 2476 1098 2526 dicitnr
1139 2479 1357 2526 centuria

337 2555 416 2604 vel
451 2554 607 2603 tribua
623 2586 639 2613 ,
675 2571 784 2619 «με
821 2571 910 2619 per
947 2567 1128 2604 sortem
1167 2556 1357 2620 accepit

331 2637 413 2696 jus
449 2634 660 2698 primum
697 2633 880 2683 ferendi
920 2636 1154 2700 suffragii.
1191 2635 1355 2684 Cnseo·

337 2713 490 2761 dorin
515 2713 724 2761 comitiis
737 2713 854 2762 item
873 2714 1154 2764 tabellarum
1181 2714 1355 2764 dicun-

339 2802 422 2840 tur
436 2792 606 2850 amici,
625 2793 759 2840 urnis
775 2803 825 2842 et
849 2793 1185 2842 diribitoribus
1203 2793 1361 2844 tabel-

338 2871 492 2919 larum
528 2873 746 2935 oppositi
759 2907 774 2930 ‚
801 2889 864 2921 ne
894 2873 1026 2922 frana
1060 2873 1357 2922 intercedere

338 2961 523 3017 ponet.
543 2951 764 3000 Tabellas
779 2951 1052 3002 educebant
1064 2988 1079 3013 ‚
1093 2963 1146 3002 et
1161 2953 1359 3018 punctis

337 3032 392 3079 in
415 3030 506 3078 alia
529 3029 704 3080 tabella
727 3031 906 3080 notatis
925 3032 1230 3096 singulorum
1247 3049 1359 3080 een-

337 3111 510 3159 teutiaa
527 3111 844 3159 numerabant
857 3143 874 3169 ,
888 3121 962 3170 et,
977 3111 1114 3175 quod
1134 3111 1359 3176 pluribus

337 3188 623 3254 placuisset,
660 3206 752 3253 per
775 3206 1051 3255 preconem
1089 3206 1182 3254 pro
1217 3191 1359 3239 iatiua

339 3267 570 3316 centuria
627 3269 859 3333 suffragio
922 3269 1357 3335 pronuntiabatur.

337 3345 460 3394 Inde
479 3358 705 3411 apparet,
722 3364 897 3398 munna
911 3349 1010 3398 hoc
1029 3349 1359 3408 custodiendi,

336 3424 392 3473 id
417 3437 492 3474 eat
505 3459 522 3486 ‚
549 3425 888 3490 suffragiorum
913 3445 1166 3478 numerum
1191 3428 1362 3478 obaer-

339 3504 488 3552 vandi
498 3539 515 3566 ,
539 3505 688 3554 suinae
706 3507 903 3554 maximi
921 3509 1154 3556 momenti
1174 3520 1191 3566 ;
1209 3523 1360 3572 quare

337 3599 442 3632 non
453 3583 546 3632 niai
559 3582 842 3634 fidelissimo
859 3597 906 3636 et
919 3587 1187 3639 certissimo
1199 3586 1359 3635 amico

339 3663 670 3714 mandabatur.

413 3756 493 3804 19·
533 3743 690 3792 Tertio
723 3742 846 3792 Ioco.
884 3745 1098 3794 Primum
1125 3745 1327 3793 fortasse
1340 3777 1356 3804 ‚

336 3817 532 3868 absente
555 3823 615 3870 C.
641 3822 827 3870 Curare
841 3855 858 3882 ,
893 3839 1074 3887 genero
1105 3839 1196 3872 auo
1210 3856 1228 3885 ,
1259 3823 1358 3874 Cu.

341 3899 624 3961 Pompeium
651 3933 668 3960 ,
726 3900 928 3950 alterum
974 3904 1047 3952 M.
1097 3903 1324 3957 Gnaeum
1342 3935 1360 3964 ,

345 3975 538 4024 tertium
561 3979 840 4028 Ciceronem
865 3982 1069 4044 rogavit.
1095 3981 1361 4032 Tribueba-

1438 2094 1521 2132 tur
1542 2094 1704 2132 antem
1724 2092 1773 2131 et
1790 2082 1989 2143 honori,
2014 2092 2065 2130 et
2081 2080 2327 2141 amicitia,
2344 2080 2475 2129 inter

1438 2163 1625 2228 primoa
1650 2161 1939 2211 sententiam
1964 2162 2129 2227 rogari
2144 2196 2158 2221 ,
2187 2162 2224 2209 i.
2246 2176 2291 2209 e.
2314 2162 2469 2208 inter·

1440 2243 1619 2308 rogari.

1514 2338 1600 2370 ao.
1622 2323 1671 2370 A
1684 2321 1891 2387 genibus
1908 2321 2022 2370 tuis.
2046 2319 2267 2384 Respicit
2284 2335 2467 2368 morem

1443 2412 1653 2450 veterem
1685 2400 1863 2448 orandi
1893 2415 1991 2466 per
2028 2416 2228 2465 genua,
2270 2399 2335 2448 de
2372 2413 2469 2462 quo

1442 2481 1593 2530 multa
1626 2480 1735 2528 loca
1770 2480 2083 2544 antiquorum
2120 2479 2313 2544 profert
2338 2481 2467 2528 Bris-

1442 2559 1639 2618 annius,
1664 2558 1755 2606 lib.
1788 2559 1909 2606 vm
1937 2559 1997 2606 de
2014 2557 2255 2618 formulis,
2287 2574 2339 2622 p.
2369 2553 2467 2620 739

1442 2653 1517 2701 eq.
1544 2637 1797 2702 Supplices
1830 2637 1961 2686 enim
1984 2653 2087 2686 non
2114 2636 2211 2702 ipei
2238 2637 2391 2686 modo
2418 2638 2467 2684 in

1442 2731 1599 2781 genua
1634 2717 2071 2781 provolvebantur,
2102 2715 2189 2764 aed
2217 2718 2359 2765 etiam
2384 2731 2467 2764 eo·

1445 2811 1557 2844 rum
1572 2831 1586 2852 ,
1644 2796 1825 2859 quibus
1876 2795 2219 2862 supplicabant
2234 2829 2250 2856 ‚
2314 2811 2467 2860 genua

1448 2875 1791 2938 attingebant,
1842 2887 1989 2941 atque
2030 2875 2094 2924 ad
2144 2876 2253 2926 hee
2300 2891 2467 2924 manua

1445 2953 1730 3005 tendebant.

1520 3035 1707 3083 21.Ac
1724 3031 2059 3082 mekerr'cordc‘a
2079 3031 2329 3097 singulari.
2356 3035 2466 3082 Iro-

1445 3112 1571 3160 nia.
1602 3111 1717 3175 quia
1751 3110 1939 3160 dixerat
1964 3113 2075 3162 Piso
2110 3113 2163 3160 in
2200 3113 2463 3174 concione,

1446 3206 1497 3238 ae
1523 3189 1883 3240 misericordem
1909 3208 2100 3256 semper
2124 3191 2293 3240 suine.

1517 3287 1602 3320 aa.
1629 3273 1875 3319 parerem.
1904 3271 2109 3320 Clodiua
2134 3272 2293 3331 enim,
2321 3285 2465 3334 quum

1445 3351 1746 3414 rogationem
1773 3349 1835 3398 de
1860 3351 2095 3400 Cicerone
2128 3348 2369 3412 ejiciendo
2394 3359 2467 3396 tu-

1446 3427 1610 3490 linet,
1646 3429 1809 3477 atatim
1846 3429 1907 3478 de
1942 3429 2215 3495 provinciis
2246 3428 2381 3486 tulit,
2412 3439 2467 3476 ut

1446 3508 1787 3557 Macedoniam
1820 3509 1935 3557 Piso
1948 3543 1965 3568 ‚
2004 3507 2197 3573 Syriam
2238 3507 2464 3557 Gabinius

1446 3582 1826 3638 administraret.
1862 3588 1957 3636 Pro
1989 3587 2185 3649 Sextio,
2222 3602 2329 3651 cap.
2364 3595 2459 3642 ἰε

1449 3688 1473 3710 ι
1496 3667 1621 3726 1110,
1658 3667 1889 3731 inquam,
1927 3669 2037 3733 ipao
2071 3665 2181 3724 die,
2214 3665 2295 3714 die
2324 3664 2464 3712 dieo?

1446 3746 1597 3794 immo
1622 3745 1772 3806 bora,
1800 3757 1946 3811 atque
1972 3745 2115 3794 etiam
2140 3753 2328 3808 puncto
2350 3755 2461 3792 tem-

1448 3825 1582 3891 porie
1626 3824 1797 3872 eodem
1818 3862 1835 3889 ‚
1882 3826 2001 3873 mihi
2052 3823 2221 3887 reique
2265 3823 2462 3888 publica

1446 3903 1715 3970 perniciea;
1734 3903 1947 3954 Gabinio
1962 3914 2013 3952 et
2030 3901 2199 3950 Piaoni
2218 3901 2461 3968 provincia

1450 3993 1615 4046 rogata
1635 3994 1711 4033 eet
1731 4005 1776 4033 a.
