2594 4537
643 436 1777 545 ARGUMENTUM.

109 621 270 677 Non
297 616 606 675 videbatur
635 614 746 674 sibi
775 615 979 675 Cicero
1013 614 1254 675 omnino
1281 618 1580 677 restitutus
1614 619 1675 677 in
1708 622 2017 699 pristinum
2046 628 2236 688 locum
2254 675 2271 701 ‚

205 714 326 775 nisi
354 715 408 773 ei
431 734 538 773 sua
563 712 772 771 domus
802 711 862 769 in
903 711 1126 771 Palatio
1154 714 1421 773 restituta
1445 728 1626 789 esset,
1666 728 1732 775 ut
1756 718 1881 798 ipse
1907 722 2109 783 scribit
2136 746 2267 806 epp.

205 812 288 871 ad
318 812 452 871 Div.
475 814 641 881 xlv,
667 830 740 883 ²3
773 809 848 868 ad
871 814 994 869 Att.
1017 810 1141 883 111,
1171 830 1279 883 20,
1306 822 1415 869 etc.
1441 816 1645 891 Itaque
1677 836 1857 894 quum
1883 820 2037 881 illius
2065 822 2270 883 domus

203 928 406 968 aream
426 952 444 981 ,
471 925 548 966 ne
577 924 854 985 umquam
875 904 1124 986 profana
1146 905 1272 966 fieri
1303 922 1525 987 posset,
1555 910 1791 972 Clodius
1820 918 2267 980 consecrandam

175 988 560 1078 'curavisset,
587 1006 774 1083 qualis
805 1004 1168 1073 consecratio
1195 1004 1335 1064 olim
1367 1006 1429 1065 in
1452 1010 1666 1069 eversis
1693 1011 1911 1073 aedibus
1932 1018 2032 1095 Sp.
2057 1020 2269 1091 Cassii,

203 1104 390 1163 Maeni
423 1116 484 1161 et
515 1102 764 1161 aliorum
796 1102 950 1160 sacta
979 1114 1137 1171 erat,
1189 1118 1395 1163 orator
1433 1106 1627 1163 statim
1663 1107 1849 1167 redux
1880 1124 2137 1173 extremo
2176 1136 2271 1174 se-

203 1200 464 1279 ptembri
486 1198 603 1278 egit
628 1200 880 1258 maxima
910 1200 1312 1278 contentione,
1345 1214 1409 1260 ut
1435 1203 1544 1261 ista
1574 1202 1777 1283 religio
1804 1210 2149 1270 auctoritate
2173 1233 2269 1273 se-

201 1312 380 1357 natus
404 1298 723 1356 tolleretur.
754 1294 847 1355 Ab
879 1310 1082 1355 senatu
1109 1316 1201 1355 res
1224 1298 1480 1377 primum
1506 1298 1721 1377 rejecta
1750 1314 1835 1361 est
1862 1303 1935 1362 ad
1962 1306 2268 1385 collegium

201 1394 582 1475 pontificum,
609 1394 767 1474 apud
799 1412 948 1473 quos
975 1414 1036 1453 se
1059 1394 1132 1453 de
1163 1394 1563 1474 recuperanda
1590 1394 1767 1458 domo
1798 1400 2053 1461 studiose
2080 1420 2139 1464 et
2167 1426 2267 1465 ac-

206 1506 412 1551 curate
435 1488 646 1551 dixisse
669 1502 867 1550 narrat
891 1492 1088 1551 Attico
1114 1510 1240 1561 suo,
1267 1496 1369 1562 IV,
1390 1510 1457 1566 ²3
1482 1492 1567 1552 illi
1585 1514 1729 1554 vero
1758 1516 2101 1576 responsum
2130 1503 2267 1561 red-
2352 1558 2364 1565 ,

204 1590 489 1651 diderunt
513 1590 713 1671 paullo
744 1590 1120 1669 implicatiuS‚
1153 1590 1236 1649 ita
1267 1605 1333 1650 ut
1357 1592 1596 1653 Clodius
1626 1594 1947 1679 secundum
1968 1617 2031 1656 se
2061 1598 2265 1660 decre-

205 1700 333 1748 tum
358 1688 422 1747 in
450 1688 733 1748 concione
759 1688 998 1767 gloriari
1029 1702 1242 1768 posset.
1272 1690 1533 1750 Tandem
1558 1689 1793 1753 habitus
1818 1707 1905 1753 est
1931 1688 2267 1760 senatus‘ad

205 1785 653 1846 consultandum
678 1783 751 1845 de
779 1786 964 1845 relato
995 1804 1274 1866 responso
1289 1829 1308 1856 ,
1336 1786 1536 1866 ibique
1560 1790 1622 1847 in
1644 1792 1985 1851 sententiam
2013 1796 2269 1855 Marcel-

207 1882 308 1943 lini
327 1929 346 1958 ‚
375 1883 662 1962 designati
685 1884 969 1957 consulis,
999 1903 1051 1942 a.
1083 1882 1142 1943 d.
1167 1884 1204 1941 6
1240 1902 1379 1942 non.
1404 1898 1520 1943 oct.
1544 1868 1873 1947 consultum
1896 1890 2111 1951 factum
2140 1908 2227 1953 est
2252 1917 2265 1951 z

198 2008 225 2037 c
247 1995 318 2041 nt
361 1981 632 2041 Ciceroni
677 1980 886 2040 domus
924 1981 1360 2053 restitueretur,
1393 1980 1531 2039 item
1564 1986 1823 2062 porticus
1862 1988 2055 2046 Catuli
2083 1986 2257 2068 (quae

204 2078 482 2159 contigua
518 2078 718 2138 domui
745 2080 1001 2159 pretium
1038 2076 1319 2159 addebat)
1373 2065 1681 2137 reficienda
1720 2078 2041 2156 locaretur,
2085 2104 2269 2165 eaque

202 2176 523 2236 auctoritas
549 2175 804 2235 ‘senatus
849 2174 924 2235 ab
974 2172 1245 2234 omnibus
1299 2174 1731 2253 magistratibus
1783 2177 2196 2239 defenderetur
2218 2207 2264 2239 ι».

203 2275 377 2334 conf.
409 2275 472 2332 in
509 2271 624 2333 Pis.
664 2291 798 2353 cap.
847 2293 958 2347 22,
1001 2287 1061 2332 et
1106 2273 1231 2350 lege
1274 2271 1501 2350 reliqua
1545 2271 1607 2331 in
1641 2272 1877 2334 laudata
1919 2274 2167 2355 epistola
2214 2291 2273 2337 et

203 2385 374 2450 parte
428 2369 810 2450 praecedentis
830 2414 848 2444 ,
893 2368 1108 2448 quibus
1160 2367 1467 2427 addendus
1514 2381 1603 2428 est
1647 2370 1813 2434 locus
1856 2371 2064 2434 Dionis
2110 2379 2269 2436 Cass.

203 2469 481 2528 XXXIX
506 2510 524 2540 ,
561 2485 630 2524 ιι
653 2471 678 2540 ,'
703 2467 804 2544 qui
837 2465 1100 2544 sequitur
1125 2463 1523 2523 narrationem
1552 2463 1627 2524 de
1657 2467 1857 2546 gratiis
1902 2469 2128 2529 senatui
2154 2491 2271 2551 po-

203 2565 468 2644 puloque
515 2563 660 2622 actis
700 2575 762 2621 et
792 2561 866 2622 de
896 2579 1142 2620 annonae
1173 2580 1315 2621 cura
1359 2563 1645 2644 Pompeio
1682 2563 1973 2625 mandata.
2020 2592 2045 2619 α
2067 2569 2275 2638 Cicero

204 2661 381 2736 igitur
406 2660 604 2719 denuo
637 2657 919 2738 reviguit,
968 2672 1028 2718 et
1053 2677 1175 2718 non
1205 2657 1385 2717 modo
1402 2659 1635 2720 'ceteras
1667 2661 1930 2722 fortunas
1961 2684 2128 2739 suas»,
2169 2667 2273 2726 sed

207 2775 400 2842 aream
424 2775 663 2836 quoque
693 2753 902 2815 aedium
927 2773 1164 2814 suarum
1187 2755 1558 2834 recuperavit
1566 2781 1583 2830 3
1616 2759 1881 2834 quamvis
1905 2778 1973 2818 ea
1991 2759 2277 2822 Libertati

209 2853 476 2914 dedicata
519 2867 671 2915 esset
713 2868 774 2914 et
816 2859 1171 2915 consecrata.
1218 2853 1327 2914 Ille
1366 2853 1522 2914 enim
1562 2855 1749 2934 legem
1789 2859 2070 2916 curiatam
2091 2898 2115 2927 ,
2160 2881 2277 2938 qua

211 2951 452 3012 Clodius
491 2951 566 3011 ad
604 2951 839 3032 plebem
887 2949 1203 3032 adoptione
1249 2951 1551 3011 traductus
1600 2964 1727 3012 erat
1745 2997 1763 3026 ,
1804 2953 2272 3032 reprehendens,

209 3047 370 3126 qnod
397 3069 472 3108 ex
513 3049 779 3109 instituto
819 3047 1104 3128 majorum
1138 3067 1247 3128 per
1291 3049 1693 3108 trinundinum
1740 3051 2107 3130 promulgata
2152 3073 2273 3111 non

211 3145 414 3206 fuisset
437 3189 454 3218 ,
481 3164 711 3206 omnem
741 3145 864 3226 ejus
895 3145 1287 3219 tribunatum,
1320 3147 1382 3206 in
1412 3168 1530 3226 quo
1559 3147 1633 3206 de
1657 3146 1833 3207 domo
1865 3149 2270 3226 constituerat,

212 3241 454 3316 evertit3
481 3241 804 3314 affirmans,
831 3243 980 3302 nihil
1007 3241 1080 3302 ab
1102 3261 1174 3301 eo
1205 3239 1440 3302 tribuno
1465 3243 1543 3323 pl.
1564 3244 1698 3321 jure
1720 3243 1850 3326 fieri
1878 3245 2155 3323 potuisse,
2172 3250 2273 3325 qui

209 3329 337 3418 ipse
368 3335 690 3418 contraius
723 3340 796 3399 ad
825 3337 1056 3420 plebem
1083 3339 1380 3399 transisset
1404 3362 1417 3398 :
1440 3354 1613 3419 atque
1635 3341 1717 3400 ita
1738 3341 2110 3420 pontificibus
2134 3365 2272 3423 per-

211 3437 424 3508 suasit,
469 3451 534 3495 ut
567 3435 681 3496 sibi
713 3454 940 3508 aream,
991 3455 1122 3516 quae
1162 3433 1237 3495 ab
1279 3437 1439 3495 omni
1474 3435 1756 3516 religione
1796 3459 1979 3497 vacua
2024 3454 2083 3498 et
2127 3462 2273 3519 pura

212 3546 360 3595 esset
377 3577 396 3607 ,
425 3531 848 3613 adjudicarent.
869 3533 966 3594 sic
993 3533 1202 3594 Cicero
1231 3547 1290 3592 et
1318 3553 1513 3592 aream
1542 3527 1749 3593 domus
1776 3555 1894 3594 suae
1918 3546 1975 3593 et
2004 3535 2274 3613 pecunias

209 3629 600 3692 instaurandis
617 3631 838 3691 aedibus
855 3631 1178 3712 ceterisque
1201 3629 1319 3691 suis
1340 3630 1709 3690 facultatibus
1724 3675 1741 3704 ,
1768 3631 1981 3710 quibus
2002 3631 2273 3692 damnum

212 3729 438 3789 illatum
466 3737 625 3802 erat,
649 3729 992 3814 reparandis
1023 3729 1270 3809 adeptus
1299 3742 1443 3788 est.»
1847 3787 1851 3790 ,

293 3825 462 3886 Illam
491 3833 614 3885 tum
642 3826 718 3884 ad
747 3829 1052 3906 pontifices
1079 3825 1341 3886 habitam
1376 3825 1735 3900 orationem,
1772 3827 1935 3906 cujus
1964 3825 2075 3885 sibi
2109 3828 2275 3887 valde

214 3923 478 4004 probatae
507 3921 822 3982 editionem
857 3941 994 3984 mox
1025 3923 1393 4003 prodituram
1421 3924 1615 3984 Attico
1652 3925 1974 4004 promittit,
2018 3925 2275 3987 eamdem

217 4039 336 4080 esse
352 4033 529 4098 atque
553 4037 681 4077 eam
699 4062 717 4092 ,
735 4035 908 4097 quam
927 4017 1102 4078 hodie
1115 4021 1376 4098 legimus,
1394 4021 1919 4088 existimaruntwiri
1939 4021 2276 4082 doctissimi.
