2594 4537
643 311 1035 379 ORATIO
1087 312 1292 381 PRO
1350 315 1673 385 DOMO
1729 318 1952 390 SUA.
2236 330 2382 427 419

219 456 595 504 marmore
636 436 713 501 in
743 432 1081 529 sepulcro
1109 438 1431 530 positum
1457 434 1614 508 fuit.
1647 444 1804 511 Hoc
1831 442 2128 540 quidam
2155 448 2380 523 homo

218 544 503 615 nobilis
522 553 581 632 ²,
626 558 781 613 non
823 542 1106 641 ⁸alienus
1150 542 1243 615 ab
1282 544 1428 617 hoc
1470 549 1808 645 religioso
1849 552 2234 630 Libertatis
2279 586 2384 633 sa-

218 654 527 727 cerdote
542 709 562 743 ‚
582 654 673 725 ad
697 668 1037 725 ornatum
1056 653 1408 728 aedilitatis
1430 682 1575 729 suae
1593 656 1622 703 ³
1643 659 2070 760 deportavit.
2095 672 2378 743 Etenim

218 768 573 864 cogitarat
639 782 897 835 omnes
958 767 1368 863 superiores
1429 774 1755 843 muneris
1809 773 2202 871 splendore
2264 808 2380 854 su·

216 900 509 973 perare.
556 877 813 971 Itaque
856 876 1102 945 omnia
1142 876 1383 974 signa,
1418 878 1738 969 tabulas⁴
1777 905 2376 964 ornamentorum

216 983 435 1083 quod
476 981 839 1082 superfuit
877 984 955 1054 in
1007 981 1234 1075 faniS,
1286 1003 1362 1059 et
1402 993 1918 1067 communibus
1963 998 2174 1090 lociS,
2223 1017 2378 1075 tota

216 1122 265 1167 e
304 1097 617 1183 Graecia,
656 1108 879 1192 atque
920 1095 1175 1167 insulis
1214 1098 1591 1188 omnibus,
1628 1102 1928 1175 honoris
1965 1111 2222 1208 populi
2261 1138 2378 1185 ro-

216 1208 425 1279 mani
464 1230 711 1294 causa,
752 1230 924 1278 sane
964 1204 1336 1306 frugaliter
1370 1209 1674 1283 domum
1711 1238 1913 1286 suam
1943 1218 2374 1318 deportavit.

212 1322 289 1389 Is
335 1332 811 1416 posteaquam
857 1318 1251 1409 intellexit,
1299 1346 1512 1420 posse
1557 1348 1669 1411 se,
1713 1326 2107 1402 interversa
2153 1335 2376 1407 aedili-

214 1443 369 1500 tate
384 1428 441 1515 ⁴,
491 1452 537 1499 a
580 1434 665 1501 L.
718 1430 978 1502 Pisone
1030 1433 1326 1504 consule
1377 1450 1766 1532 praetorem
1820 1445 2260 1536 renuntiari,
2314 1450 2374 1520 si

214 1537 447 1611 modo
498 1538 751 1638 eadem
801 1540 1035 1637 prima
1084 1540 1340 1614 litera⁵
1386 1549 1946 1645 competitorem
2000 1552 2374 1630 habuisset

290 1762 341 1793 2.
376 1746 541 1794 Homo
582 1744 782 1795 nobilis.
818 1749 869 1795 Is
916 1747 1011 1821 fnit
1054 1750 1251 1813 Appius
1339 1762 1390 1801 et
1416 1752 1511 1803 alia
1539 1766 1824 1805 ornamenta
1857 1774 1918 1807 ex
1947 1760 2138 1810 Graeci·
2174 1774 2224 1811 et
2248 1764 2369 1813 Asis

212 1826 452 1886 Clodius,
478 1826 531 1874 Ρ.
559 1824 727 1875 Clodii
752 1826 918 1885 stater,
938 1827 1024 1891 qui
1046 1838 1249 1891 praeter-

1339 1833 1632 1897 eonquirere
1675 1836 1843 1885 oediles
1883 1838 1948 1886 ad
1985 1842 2261 1894 ornandum
2296 1846 2369 1895 fo-

211 1907 361 1954 missa
403 1904 665 1963 edilium,
698 1904 755 1953 1..
798 1906 991 1955 Pisonis
1034 1908 1251 1956 consulis
1339 1926 1480 1971 rum,
1519 1930 1671 1977 quum
1711 1916 1858 1965 ludos
1902 1918 2076 1969 darent
2109 1924 2366 1976 solemnes.

212 1986 371 2051 grstia
398 1997 447 2034 et
482 1986 833 2050 suffragatione
866 1998 1129 2051 proeturam
1171 1998 1246 2036 est

148 2094 155 2099 ·
210 2067 421 2130 adeptus
438 2100 455 2127 ,
490 2077 546 2113 ut
572 2066 691 2113 olim
722 2064 894 2113 docuit
932 2068 1004 2114 St.
1044 2068 1244 2131 Pighius

211 2146 279 2194 ad
313 2162 495 2193 annum
520 2144 649 2194 Urb.
681 2146 738 2194 C.
766 2145 903 2207 696,
939 2162 1087 2208 quem
1113 2146 1244 2194 vide.

209 2252 285 2264 -·
304 2224 423 2274 Nou
458 2224 582 2275 favit
617 2224 811 2290 Appius
846 2226 1002 2275 exsuli
1039 2226 1239 2278 Tullio:

208 2321 373 2370 neque
399 2306 529 2354 enim
554 2305 855 2354 bonfinius
881 2308 1087 2356 omnino
1121 2325 1239 2372 prae-

210 2387 435 2436 tei-iisset.
457 2385 593 2449 Quin
614 2386 764 2434 immo
793 2386 927 2434 Dion
951 2399 1118 2452 aperte
1137 2401 1237 2436 tra-

210 2465 285 2513 dit
301 2466 567 2531 ,·Appium
609 2476 870 2529 praetorem
911 2483 1021 2514 eum
1062 2467 1241 2516 Publio

204 2545 358 2593 fratre
385 2545 672 2594 Ciceronem
697 2559 1040 2608 oppugnasse:
1082 2562 1240 2610 neque
1270 2585 1276 2593 .

206 2625 349 2674 illum
378 2625 497 2672 dicit
522 2624 586 2671 ad
614 2639 762 2688 opem
798 2623 964 2673 Tullio
990 2625 1239 2673 ferendam

206 2715 378 2770 postea
412 2703 559 2752 fuisse
594 2719 883 2752 conversum
902 2739 917 2764 ,
963 2716 1018 2753 ut
1052 2705 1111 2752 de
1138 2707 1237 2754 Ne·

204 2794 327 2850 pote
366 2798 467 2832 eos.
496 2793 659 2831 tamen
702 2783 839 2832 dicit.
880 2785 1103 2848 Denique
1136 2789 1235 2849 Ap-

204 2865 345 2929 pium
362 2864 458 2911 boe
472 2864 583 2928 ipso
598 2862 677 2910 die
691 2896 706 2919 ,
724 2879 825 2926 quo
851 2863 1003 2910 Tullii
1031 2863 1233 2912 domum

205 2961 233 2992 a
260 2943 495 3008 religione
521 2941 783 3008 pontifices
808 2942 1102 3001 liberarunt,
1129 2945 1230 2990 fra-

204 3023 269 3071 tri
304 3039 409 3071 eam
449 3023 501 3070 vi
540 3024 746 3071 retinere
781 3022 1000 3071 studenti
1036 3023 1233 3071 affuisse

203 3113 398 3150 constat
422 3117 485 3149 ex
510 3103 581 3150 Π
601 3101 665 3150 ad
691 3105 797 3151 Att.
823 3118 851 3149 2
873 3138 887 3161 ,
917 3101 1050 3166 quod
1074 3103 1234 3151 homi·

202 3183 282 3230 nis
339 3182 486 3246 plane
545 3183 731 3230 inimici
776 3183 887 3230 fuit.
940 3183 1021 3229 Ad
1068 3182 1229 3246 ipsum

200 3253 423 3326 Appium
442 3261 508 3309 aa
534 3261 707 3310 scribit
727 3247 900 3312 'cicem
920 3262 983 3309 aa
1008 3263 1227 3320 mvsn,

207 3356 265 3390 1:
304 3341 477 3404 «longi
514 3342 749 3406 temporis
784 3358 1004 3402 usuram,
1027 3357 1121 3404 qua
1152 3359 1230 3390 ca-

198 3420 383 3469 ruimus
402 3456 418 3478 ,
454 3420 727 3467 intermissa
758 3432 926 3468 nostra
965 3432 1228 3468 eonsuetu-

200 3500 345 3558 diue,
375 3509 423 3547 et
450 3501 601 3562 gratia
730 3501 930 3547 sarciam
958 3522 999 3549 ι.
1022 3500 1232 3549 Videtur

196 3579 303 3627 haec
338 3579 633 3627 intermissio
672 3579 735 3626 ab
774 3573 908 3628 anno
940 3581 1039 3643 692
1088 3597 1229 3644 repe-

198 3657 343 3708 tenda
362 3695 377 3718 ,
425 3675 529 3721 quo
575 3657 751 3706 Cicero
793 3659 1071 3706 inimicitias
1117 3675 1226 3706 cum

194 3741 255 3787 P.
286 3737 466 3788 Clodio
494 3739 737 3802 suscepit,
777 3755 841 3786 ex
867 3742 891 3784 1
912 3739 975 3786 ad
1000 3739 1109 3786 Att.
1138 3735 1227 3798 13,

199 3835 221 3865 1
235 3825 291 3878 4,
309 3818 601 3882 videturque
630 3817 829 3866 durasse
857 3833 1014 3880 usque
1033 3816 1095 3864 ad
1114 3835 1229 3868 ann.

194 3897 299 3962 698
319 3931 336 3956 ‚
386 3911 489 3960 quo
550 3897 745 3962 Appius
818 3897 1100 3960 designatus
1160 3910 1230 3946 est

194 3975 383 4026 consul.

268 4057 318 4104 3.
360 4056 629 4106 AEdilicatt’s
661 4074 779 4107 suae.
826 4057 1058 4107 Solebam
1085 4057 1220 4121 sigua

1336 1992 1541 2042 Sueten.
1561 1995 1666 2043 Jul.
1684 2012 1796 2061 cap.
1822 2012 1884 2045 ιο
1905 2013 1919 2047 :
1948 2018 1971 2042 e
1989 2001 2166 2051 AEdilis
2189 2015 2368 2069 prater

1333 2073 1617 2134 comitium,
1657 2090 1714 2121 ac
1761 2076 1922 2123 forum
1940 2111 1956 2133 ‚
2005 2078 2328 2147 basilicasque
2349 2122 2365 2147 ‚

1331 2150 1474 2198 etiam
1513 2152 1812 2217 Capitolium
1851 2159 2044 2206 ornavit
2087 2163 2364 2223 porticibus

1331 2228 1395 2276 ad
1423 2240 1614 2296 tempus
1640 2234 1954 2284 exstructis».
1983 2236 2112 2286 Vide
2133 2241 2326 2292 Livium
2347 2280 2363 2304 ,

1327 2308 1416 2358 lib.
1439 2311 1542 2368 lx,
1571 2329 1678 2377 cap.
1702 2322 1786 2371 40.

1404 2397 1452 2446 4.
1501 2393 1778 2441 Inter-versa
1830 2393 2082 2446 aedilitate.
2105 2463 2108 2468 Ι
2136 2402 2360 2464 Populus

1331 2485 1455 2520 rom.
1493 2489 1520 2519 a
1567 2471 1686 2520 virIs
1719 2473 1995 2536 nobilibus,
2026 2476 2358 2546 divitibusque

1329 2549 1606 2598 oediIitatem
1625 2553 1858 2616 poscebat
1875 2591 1890 2616 ,
1925 2566 2031 2604 tum
2048 2561 2360 2622 spectaculo-

1327 2644 1436 2676 rum
1461 2633 1710 2696 praecipue
1736 2650 1882 2682 eausa
1899 2669 1916 2692 ,
1951 2645 2052 2684 tum
2073 2639 2220 2687 etiam
2241 2657 2358 2705 pro-

1324 2719 1437 2772 pter
1470 2713 1702 2760 usitatum
1737 2713 1961 2762 ordinem
1988 2711 2356 2781 magistratuum

1325 2787 1670 2850 gerendorum.
1695 2789 1824 2840 Vide
1854 2793 1915 2842 de
1954 2795 2100 2845 offic.
2127 2801 2178 2845 ΙΙ
2198 2834 2212 2859 ,
2258 2803 2322 2850 16
2339 2837 2356 2860 ‚

1329 2881 1411 2926 17.
1451 2867 1645 2931 Appius
1685 2885 1789 2916 eam
1827 2881 1993 2934 petere
2019 2875 2222 2924 fortasse
2250 2893 2354 2928 non

1323 2956 1540 3008 coeperat
1575 2961 1588 2993 :
1638 2947 1724 2994 sed
1761 2961 1922 3008 certe,
1975 2961 2050 3000 tot
2094 2954 2242 3002 rebus
2288 2959 2351 3006 ad

1321 3023 1551 3071 ludorum
1562 3024 1967 3088 magnificentiam
1982 3047 2096 3095 para
2102 3033 2180 3092 tis,
2191 3046 2356 3084 osten-

1323 3103 1459 3151 derat
1487 3103 1676 3152 aedilem
1705 3121 1756 3152 se
1783 3105 1888 3154 fieri
1919 3110 2058 3160 velle.
2095 3115 2228 3161 AEtas
2250 3128 2351 3164 erat

1321 3183 1519 3246 quidem
1541 3183 1611 3231 illi
1637 3187 1895 3249 praetoria:
1915 3189 2028 3248 sed,
2043 3191 2086 3237 si
2107 3195 2351 3257 populum

1320 3261 1566 3311 aedilitatis
1609 3267 2013 3327 praetermissione
2059 3271 2313 3324 alienasset
2333 3311 2348 3334 ,

1319 3342 1561 3405 repulsam
1583 3359 1634 3391 se
1653 3357 1878 3409 praeturae
1898 3348 2108 3398 laturum
2127 3353 2344 3404 videbat.

1319 3421 1390 3469 Ut
1416 3437 1531 3468 vero
1560 3421 1687 3470 fraus
1710 3437 1780 3472 est
1800 3440 1985 3492 reperta
2002 3464 2018 3489 ,
2044 3447 2140 3494 qua
2157 3446 2352 3498 praetor

1319 3498 1484 3560 fieret,
1514 3501 1794 3550 aedilitatem
1816 3543 1831 3566 ,
1867 3523 2014 3571 quam
2048 3521 2095 3557 et
2131 3513 2348 3576 populus

1317 3595 1410 3627 suo
1433 3580 1542 3639 iure
1569 3581 1910 3647 exspectabat,
1948 3599 1998 3635 et
2031 3587 2136 3650 ipse
2156 3591 2348 3654 populo

1320 3657 1660 3720 destinaverat,
1681 3663 1911 3726 neglexit,
1931 3666 2244 3731 maximoque
2260 3687 2351 3720 suo

1319 3739 1615 3802 compendio
1649 3743 1893 3806 populum
1935 3743 2130 3810 decepit
2147 3781 2161 3805 ‚
2218 3749 2353 3800 finu-

1323 3817 1457 3866 davit
1486 3855 1500 3878 ,
1520 3819 1682 3869 elusit.

1395 3899 1444 3946 5.
1485 3899 1655 3947 Prima
1689 3900 1847 3950 litera.
1879 3905 1972 3952 Fae
2007 3905 2180 3955 eodem
2213 3926 2345 3960 anno

1319 3977 1516 4041 petiisse
1536 3996 1648 4028 eum
1665 3983 1834 4046 Appio
1855 3983 2066 4036 claudio
2084 4000 2348 4051 proeturam

1320 4057 1503 4107 Aulum
1525 4061 1856 4123 Postumium,
1877 4066 2150 4129 quemdam.
2183 4073 2348 4133 Quum

1987 4177 2098 4248 27.
