2594 4537
327 253 461 329 156
946 255 1041 323 Μ.
1090 256 1166 322 Τ.
1220 211 1804 324 CICERONIS

320 403 551 476 quum
602 378 705 448 illi
752 375 1028 449 bellum
1076 377 1514 447 maritimum
1565 375 1962 474 gerendum
1999 375 2252 448 datum
2305 392 2468 459 est,

320 509 495 580 tote,
534 496 714 563 mari
763 490 1063 590 dispersi
1105 491 1585 588 vagabantur,
1625 491 1954 563 redactos
1997 517 2152 563 esse
2190 519 2468 563 omnes

320 610 396 674 in
426 617 890 702 potestatem;
932 601 1191 672 deinde
1234 604 1508 699 Syriam
1537 627 1692 674 esse
1731 617 2088 687 nostram,
2131 603 2470 674 Ciliciam

322 716 594 798 teneri,
622 716 940 811 Cyprum
972 737 1103 810 per
1124 712 1588 782 Ptolemaeum
1613 707 1643 754 ⁵
1665 735 1906 807 regem
1939 709 2113 781 nihil
2147 709 2466 796 audere3

326 836 668 920 praeterea
715 826 999 894 Cretam
1046 821 1322 892 Metelli
1369 825 1636 892 virtute
1677 845 1830 892 esse
1870 835 2236 907 nostram3
2277 819 2468 890 nihil

326 955 481 1003 esse
501 928 558 1020 ⁶,
610 931 805 1003 unde
854 931 1440 1031 proficiscantur;
1490 931 1712 1018 nihil,
1761 955 1909 1028 quo
1959 946 2466 1014 revertantur3

330 1067 584 1114 omnes
645 1045 845 1114 sinus
872 1098 891 1130 ,
960 1043 1456 1141 promontoria
1485 1096 1504 1129 ,
1559 1040 1808 1127 litora,
1865 1042 2176 1128 insulas,
2235 1040 2468 1112 urbes

325 1153 747 1238 maritimaS,
784 1152 1107 1223 claustris
1146 1152 1428 1248 imperii
1463 1153 1693 1221 nostri
1729 1153 2106 1222 contineri.

422 1262 640 1352 Quod
695 1264 791 1350 si,
848 1262 1100 1332 Flacco
1159 1275 1508 1357 praetore,
1559 1285 1778 1332 nemo
1840 1264 1916 1330 in
1975 1261 2158 1329 mari
2211 1258 2467 1358 praedo

330 1371 625 1458 fuisset,
679 1388 915 1443 tamen
976 1371 1190 1466 hujus
1246 1370 1616 1468 diligentia
1667 1367 2268 1467 reprehendenda
2308 1394 2466 1438 non

238 1535 245 1541 -
332 1497 543 1554 esset.
576 1482 852 1554 Idcirco
892 1483 1083 1552 enim
1108 1534 1127 1566 ‚
1164 1480 1366 1577 quod
1397 1480 1515 1550 hic
1547 1481 1840 1551 classem
1879 1477 2286 1563 habuisset,
2317 1479 2470 1547 exi-

330 1595 693 1664 stimarem
751 1619 901 1663 non
954 1590 1171 1662 fuisse
1188 1601 1239 1660 ⁷.
1295 1589 1529 1680 Quid?
1581 1593 1638 1660 si
1683 1593 1755 1659 L.
1801 1590 2055 1687 Oppii,
2099 1593 2178 1658 L.
2221 1589 2466 1683 Agrii,

329 1707 409 1774 C.
466 1705 721 1791 Cestii,
770 1701 1097 1800 equitum
1148 1724 1658 1786 romanorum,
1709 1699 1926 1794 hujus
1973 1702 2184 1769 etiam
2225 1697 2469 1767 claris-

332 1813 493 1881 simi
520 1812 691 1897 viri,
734 1815 867 1883 Cn.
904 1805 1275 1894 Domitii⁸‚
1319 1811 1448 1906 qui
1479 1811 1554 1879 in
1589 1811 1750 1880 Asia
1783 1825 1936 1880 tum
1977 1809 2254 1906 legatus
2288 1807 2468 1893 fuit,

226 1964 235 1972 ·
329 1922 746 1992 testimonio
794 1922 1063 2008 doce0,
1114 1945 1201 1991 eo
1240 1921 1400 2017 ipso
1439 1933 1803 2015 tempore,
1844 1932 2110 2014 quo-tu
2151 1918 2308 2014 ipse
2337 1941 2470 1988 ne-

332 2055 453 2124 gas
496 2031 791 2102 classem
840 2030 1248 2101 habendam
1282 2027 1542 2115 fuisse,
1587 2029 1996 2128 complures
2033 2053 2073 2098 a
2111 2026 2474 2124 praedoni-

330 2139 470 2212 bus
501 2165 653 2213 esse
682 2155 975 2239 captos:
1016 2156 1259 2212 tamen
1288 2140 1520 2210 Flacci
1550 2139 1928 2210 consilium
1960 2143 2034 2209 in
2064 2136 2471 2234 remigibus

330 2249 768 2348 impe-randis
802 2247 1421 2348 reprehendetur?
1456 2249 1648 2342 Quid
1673 2306 1692 2337 ,
1724 2251 1781 2320 si
1811 2251 2024 2321 etiam
2051 2249 2332 2321 occisus
2359 2262 2470 2319 est

330 2382 372 2429 a
407 2360 655 2455 piratis
688 2359 1244 2453 Adramyttenus
1258 2371 1316 2447 9,
1348 2359 1570 2431 homo
1601 2359 1905 2459 nobilis,
1937 2361 2144 2453 cujus
2173 2374 2284 2428 est
2313 2356 2469 2429 fere

332 2466 547 2538 nobis
575 2465 917 2537 omnibus
962 2492 1228 2538 nomen
1274 2468 1638 2557 auditum,
1681 2469 1928 2539 Atinas
1963 2468 2203 2567 pugil,
2238 2470 2470 2564 olym-

330 2578 698 2674 pionicesi’
740 2577 881 2648 hoc
933 2593 1043 2647 est
1085 2578 1277 2675 apud
1321 2582 1610 2651 Graecos
1649 2580 2036 2676 (quoniam
2077 2578 2169 2649 de
2207 2603 2468 2649 eorum

334 2689 677 2782 gravitate
722 2686 1076 2784 dicimus)
1121 2711 1352 2789 prope
1395 2690 1626 2784 majus
1671 2704 1744 2760 et
1783 2690 2194 2786 gloriosius,
2239 2712 2468 2785 quam

332 2801 575 2869 Romae
600 2796 1093 2894 triumphasse.
1114 2802 1206 2868 At
1224 2800 1588 2870 neminem
1615 2801 1866 2897 cepisti
1885 2811 1970 2867 ¹⁰.
1996 2802 2229 2889 Quam
2250 2797 2466 2867 multi

340 2932 482 2978 orae
528 2909 897 2978 maritimae
949 2909 1318 2979 clarissimi
1365 2913 1498 2979 viri
1543 2908 2023 3008 praefuerunt,
2065 2910 2193 3005 qui
2231 2932 2468 3003 quum

338 3018 751 3116 praedonem
784 3017 1061 3088 nullum
1094 3022 1483 3116 cepissent,
1521 3044 1718 3090 mare
1751 3033 1990 3088 tamen
2027 3032 2268 3087 tutum
2299 3040 2472 3114 pra}-

334 3130 727 3199 stiterunt?
775 3132 993 3200 Casus
1032 3143 1139 3199 est
1188 3132 1385 3199 enim
1432 3130 1508 3199 in
1554 3128 1942 3227 capiendo,
1980 3128 2218 3215 locuS,
2256 3150 2470 3197 even-

331 3255 483 3327 ωε,
515 3240 815 3311 occasio.
863 3239 1318 3311 Defendendi
1353 3238 1578 3313 facilis
1607 3256 1717 3311 est
1744 3240 1982 3311 cautio
2003 3292 2022 3327 ,
2050 3263 2198 3309 non
2226 3236 2468 3307 solum

406 3448 458 3495 5.
504 3446 815 3494 Ptolemoeum
859 3462 1035 3510 regem.
1078 3446 1181 3508 Qui
1222 3462 1355 3494 anno
1516 3446 1566 3495 8.
1602 3447 1685 3495 Cn.
1713 3446 1929 3495 Domitii.
1957 3446 2164 3506 Calvini,
2183 3446 2269 3511 qui
2297 3458 2470 3510 postea

336 3526 555 3589 sequenti
576 3560 591 3584 ,
643 3524 815 3572 Pisone
876 3536 922 3571 et
970 3523 1185 3574 Gabinio
1228 3539 1352 3571 coss.
1441 3525 1615 3573 consul
1639 3527 1732 3574 fuit
1753 3543 1863 3575 cum
1885 3526 2126 3574 Messalla.

333 3606 441 3671 lege
464 3605 641 3654 Clodia
662 3620 811 3669 regno
832 3606 1045 3669 privatus
1072 3614 1145 3651 est
1170 3604 1324 3667 Cypri
1340 3638 1354 3663 ,
1513 3620 1562 3666 9.
1579 3604 1972 3665 Adramyttenus.
1985 3605 2280 3668 Adramyttii
2293 3603 2472 3651 incola

337 3685 473 3751 quod
512 3700 604 3734 suo
649 3696 763 3733 natu
803 3684 979 3731 minori
1024 3682 1129 3730 filio
1174 3682 1358 3729 dabant
1441 3683 1577 3731 urbis
1601 3685 1853 3732 maritima:
1881 3686 2081 3749 Mysiae.
2113 3700 2215 3730 non
2243 3682 2420 3747 procul
2440 3700 2468 3730 s

336 3782 471 3829 reges
491 3764 704 3828 AEgypti.
724 3764 846 3811 Vid.
870 3762 1097 3811 strabon.
1124 3763 1157 3809 1.
1179 3762 1320 3809 XIV.
1445 3762 1609 3811 Caice.
1640 3764 1847 3812 Colonia
1867 3776 1968 3812 erat
2001 3762 2331 3821 Atheniensis,
2360 3778 2472 3826 qna

406 3846 456 3892 6.
490 3843 625 3891 Nihil
643 3860 761 3891 esse.
790 3842 977 3890 Pin-atis.
1447 3840 1722 3889 Adramim'
1741 3844 1884 3890 etiam
1905 3860 2036 3891 nunc
2055 3844 2354 3891 nominatur.

409 3921 816 3984 7.Ex1'seimarem
833 3918 1115 3982 nonsuisse.
1136 3918 1354 3968 Subaud.
1525 3936 1604 3969 xo.
1635 3926 1705 3969 Ae
1735 3924 1974 3971 neminem
2005 3922 2190 3987 cepisti.
2220 3922 2301 3970 Ad
2337 3922 2466 3969 Flac-

341 4005 531 4069 piratas.
1447 4014 1573 4045 cum.
