2594 4537
477 268 866 340 oRA‘rlo
915 268 1124 339 pao
1174 268 1333 341 GN.
1384 224 1915 342 PLANCIO.'
2106 272 2236 363 541

65 418 368 467 eorum
393 402 457 437 ¹⁰
504 390 834 488 judicum
877 388 1162 463 videam
1184 445 1205 481 ,
1246 415 1465 489 quam
1512 398 1913 491 potuerim,
1960 396 2089 494 qui
2133 424 2251 471 es-

73 520 270 577 sent
303 501 571 589 futuri,
605 501 1000 599 suspicari?
1043 499 1237 600 apud
1283 526 1558 600 eosque
1592 528 1752 593 me,
1792 528 1885 577 ne
1920 509 2250 605 quinque

63 618 410 717 quidem
450 618 778 712 rejectiS‚
821 614 1023 713 quod
1071 619 1150 687 iu
1201 618 1538 715 proximo
1574 644 1701 689 reo
1726 628 1786 663 1¹
1842 618 1933 691 de
1968 622 2253 694 consilii

65 730 467 802 *sententia
504 727 980 799 constitutum
1018 740 1126 798 est
1147 778 1168 813 ‚
1219 752 1433 825 cogas
1470 752 1759 801 causam
1810 729 1903 803 de
1944 730 2253 807 fortunis

79 837 459 911 omnibus
499 836 788 909 dicere?
825 840 992 909 Non
1029 838 1259 926 eni-m,
1305 840 1366 909 si
1396 852 1524 909 aut
1555 838 1886 913 Plancius
1917 843 2017 915 ita
2052 848 2251 936 vixit',

73 967 192 1023 ut:
235 946 647 1021 offenderet
683 950 918 1020 sciens
960 948 1372 1039 nemine-m,
1414 964 1540 1020 aut
1582 963 1663 1021 tu
1698 952 1795 1023 ita
1840 956 2090 1025 errasti
2111 1010 2131 1043 ‚
2175 970 2259 1027 ut

81 1084 236 1133 eos
291 1059 544 1131 ederes
581 1058 1045 1157 imprudenS‚
1097 1074 1182 1131 ut
1216 1084 1392 1149 nOS,
1436 1060 1665 1131 invito
1714 1074 1825 1150 te,
1877 1075 2120 1137 tamen
2165 1065 2259 1138 ad

63 1171 424 1269 judices,
472 1194 627 1241 non
665 1168 756 1241 ad
794 1168 1164 1242 carnifices
1188 1179 1251 1214 ¹²
1303 1173 1715 1247 veniremus
1748 1197 1764 1241 ε
1818 1173 2091 1262 idcirco
2123 1174 2259 1249 ista

71 1281 338 1355 editio
363 1277 426 1324 ¹³
460 1305 594 1379 per
629 1304 706 1353 se
739 1305 892 1352 non
931 1279 1188 1352 acerba
1221 1295 1350 1354 est.

205 1394 434 1487 XVII.
478 1398 588 1462 An
633 1415 808 1462 vero
845 1415 1080 1488 nuper
1121 1391 1495 1463 clarissimi
1545 1392 1735 1464 cives
1778 1416 2052 1464 nomen
2084 1392 2259 1466 editi

82 1503 414 1600 judicis¹
453 1526 607 1572 non
635 1499 999 1588 tulerunt,
1037 1526 1266 1599 quum
1306 1526 1396 1573 ex
1424 1526 1610 1574 cxxv
1633 1502 2031 1600 judicibuS,
2065 1508 2263 1603 prin-

84 1609 406 1709 cipibus
439 1612 795 1709 equestris
843 1611 1161 1701 ordinis,
1193 1606 1527 1709 quinque
1573 1626 1647 1683 et
1692 1636 1831 1683 Lxx
1876 1635 2045 1685 reus
2092 1616 2263 1710 reji-

90 1735 313 1794 ceret
333 1772 352 1809 ‚
397 1746 440 1792 L
481 1719 786 1791 referret
802 1731 858 1809 ²,
894 1723 1286 1818 omniaque
1331 1724 1577 1820 potius
1604 1718 2258 1821 'permiscuerunt-³,

85 1854 339 1929 quam
383 1834 451 1903 ei
495 1830 636 1928 legi
674 1828 1229 1929 conditionique
1268 1846 1611 1930 parerent
1643 1860 1658 1904 ε
1705 1856 1841 1907 nos
1883 1830 2125 1934 neque
2171 1862 2264 1910 ex

95 1941 410 2013 delectis
435 1938 806 2035 judicibus
826 1994 847 2030 ,
873 1940 1010 2013 sed
1039 1966 1129 2013 ex
1159 1946 1361 2012 omn-i
1400 1942 1680 2041 populo
1703 1998 1725 2032 ‚
1752 1970 1997 2043 neque
2024 1948 2263 2021 editos

83 2052 204 2124 -ad
241 2048 722 2147 rejiciendum
740 2104 759 2138 ,
794 2050 922 2123 sed
952 2050 1044 2123 ab
1073 2065 1496 2157 accusatore
1520 2054 1959 2128 constitutos
1982 2056 2265 2151 judices

97 2168 210 2233 ita
245 2158 562 2233 feremus
585 2214 604 2251 ‚
637 2175 719 2232 ut
757 2165 1124 2251 neminem
1153 2162 1563 2257 rejiciamus
1583 2163 1647 2247 ἱ).

208 2275 469 2370 Neque
511 2294 647 2370 ego
683 2297 884 2344 nunc
920 2272 1096 2369 legis
1130 2273 1591 2370 iniquitatem
1635 2298 1928 2372 queror,
1976 2277 2104 2349 sed
2154 2276 2257 2351 fa·
2320 2264 2325 2276 ⁹

99 2399 318 2456 ctum
369 2395 580 2452 tuum
639 2405 682 2452 a
727 2382 1092 2454 sententia
1143 2380 1324 2480 legis
1374 2381 1611 2456 doceo
1663 2383 2074 2487 discrepare
2115 2414 2135 2458 t
2186 2403 2261 2463 et

188 2603 272 2638 xo.
296 2588 430 2637 Ante
455 2604 732 2638 consessum
758 2605 943 2639 eorum.
974 2591 1142 2639 Gara't.

105 2684 332 2718 meorum
385 2683 445 2718 ex
501 2669 734 2716 Bam-ico
785 2669 1140 2718 restituendum

93 2757 296 2798 'centet-

187 2841 212 2876 1
229 2842 275 2876 1.
307 2829 366 2875 In
407 2827 640 2890 proximo
675 2845 780 2878 reo.
810 2829 1042 2878 Ciceroni
1077 2829 1138 2879 de

109 2905 356 2956 sodalitiis
387 2922 582 2954 causam
605 2907 788 2957 dicenti
805 2908 996 2970 judices
1020 2924 1137 2958 con-

105 2996 391 3050 cesserant,
428 2998 486 3036 nt
511 3003 576 3035 ex
608 2987 698 3049 iis,
725 2988 814 3052 qui
849 2987 969 3037 editi
1002 2999 1140 3036 erant

1310 2583 1485 2642 xvn.
1518 2607 1543 2642 1
1556 2627 1571 2642 .
1588 2592 1937 2661 ΕάἱείῘιιᾰίσὺ.
1959 2595 2091 2646 Male
2122 2613 2251 2646 nem-

1226 2670 1387 2736 p'ehic
1409 2673 1592 2720 mentio
1606 2670 1680 2721 eat
1706 2671 1767 2721 de
1792 2674 1985 2724 edititio
1998 2671 2166 2737 jndice
2191 2678 2255 2727 ab

1227 2761 1508 2799 accusatore
1524 2750 1682 2814 ¹edito,
1704 2768 1809 2800 non
1823 2787 1838 2812 ,
1865 2765 1922 2802 nt
1938 2769 2046 2802 mou
2063 2768 2165 2805 erat
2181 2790 2198 2815 ‚
2227 2772 2256 2805 a

1225 2839 1435 2892 pra-tore
1458 2841 1589 2880 sorte
1606 2829 1883 2880 ducto.Erf.
1904 2843 1953 2880 et
1966 2835 2132 2882 Bavar.
2148 2834 2259 2884 edi-

1225 2906 1323 2956 titii
1337 2944 1352 2968 ‚
1390 2908 1529 2972 qnod
1552 2909 1784 2974 probavit
1810 2911 2046 2959 Graevius.
2086 2913 2261 2964 Cicero

1226 3003 1321 3052 pro
1334 2989 1469 3036 Mur.
1487 3005 1533 3037 c.
1554 2989 1617 3037 23
1634 2989 1760 3037 dixit
1775 3004 1789 3038 ε
1804 3011 1830 3030 α
1844 2989 2259 3052 edititiosjudicee

103 3065 334 3127 jndices,
403 3065 624 3131 quinque
688 3067 910 3128 rejiceret
939 3084 955 3129 ς
1011 3065 1148 3132 quod
1234 3083 1344 3115 esse
1368 3067 1587 3127 voluisti,
1608 3079 1665 3117 nt
1681 3069 1792 3118 odia
1821 3070 2019 3120 occulta
2044 3073 2255 3132 civium,

105 3144 316 3194 Plancio
343 3160 628 3195 concessum
657 3163 762 3195 non
789 3159 880 3196 est.

189 3240 272 3272 ια.
296 3223 586 3290 Adjudiees
607 3262 623 3288 ‚
651 3243 752 3275 non
781 3228 857 3275 ad
867 3225 1140 3295 carnifices.

99 3302 359 3352 'Conciliat
384 3303 585 3352 Plancio
617 3305 840 3368 indices,
874 3318 1025 3370 quum
1061 3321 1145 3356 eoa

105 3381 282 3431 laudat
305 3398 334 3431 a
353 3383 568 3445 institia,
599 3395 649 3433 et
673 3385 744 3434 ait
779 3385 938 3435 editos
979 3402 1082 3434 esee
1115 3404 1145 3435 a

106 3465 372 3511 latex-ense
393 3463 704 3527 imprudente
720 3500 735 3525 ‚
767 3479 897 3529 quom
918 3480 1022 3512 non
1039 3465 1146 3514 edi-

109 3543 292 3600 disset,
333 3542 376 3590 ai
425 3542 547 3591 talea
595 3544 702 3592 fore
739 3554 960 3609 putasset
981 3561 997 3604 ς
1043 3545 1147 3606 ejus

110 3623 244 3668 enim
267 3620 528 3669 consilinm
540 3622 634 3670 snit
645 3623 791 3673 edere
803 3623 1148 3687 innon-abila,

113 3699 438 3760 inhumanos,
458 3700 696 3750 crudeles.

191 3776 275 3829 13.
335 3779 527 3828 Idcirco
549 3779 654 3829 ista
681 3781 849 3832 editio.
881 3782 1010 3832 eod.
1037 3783 1148 3832 Bri-

112 3869 255 3906 tann.
296 3859 446 3908 babet
485 3859 722 3912 conditio.
740 3889 814 3900 —-
836 3866 934 3912 Per
961 3879 1013 3911 50
1047 3879 1150 3911 non

109 3937 296 3984 acerba
331 3949 416 3987 ese.
455 3939 582 4003 Quia
620 3941 862 3991 neminem
893 3957 1150 4007 ponamus

119 4033 335 4078 rejicere.
399 4025 408 4035 ⁶

1235 3161 1346 3209 qne
1372 3146 1533 3194 tacitis
1562 3163 1694 3198 nnnc
1717 3149 1976 3198 discordiis
2010 3152 2262 3200 continen-

1235 3235 1329 3283 tur,
1355 3226 1409 3274 in
1424 3227 1643 3276 fortunas
1662 3230 1839 3294 optimi
1853 3230 2089 3297 cujusque
2099 3247 2258 3280 erum-

1230 3316 1411 3370 perent
1428 3326 1476 3353 ιι.

1307 3401 1356 3435 a.
1380 3383 1619 3450 Resonet.
1650 3387 1708 3435 Id
1735 3398 1807 3436 est
1826 3424 1842 3452 ,
1870 3389 2099 3439 retineret
2114 3424 2133 3453 ,
2155 3391 2259 3440 aive

1233 3465 1497 3530 acciperet.
1531 3466 1613 3514 Sic
1654 3467 1885 3531 explicari
1924 3479 2091 3533 potest
2125 3471 2261 3518 istud

1235 3543 1460 3605 verbnm,
1476 3543 1651 3610 referri
1664 3546 1859 3608 juberet
1880 3548 1935 3595 in
1952 3548 2117 3596 album
2134 3549 2261 3610 jndi-

1233 3639 1348 3672 cnm
1400 3623 1489 3688 qui
1538 3625 1586 3673 ei
1634 3640 1789 3674 musae
1825 3637 1963 3674 erant
2000 3625 2260 3690 adsignati.

1236 3705 1399 3755 Multa
1418 3721 1533 3754 eane
1560 3706 1644 3754 hie
1672 3706 1836 3758 dubia.
1868 3708 2091 3756 Gravius
2120 3710 2261 3760 malit

1223 3785 1413 3851 ferree,
1432 3785 1486 3834 id
1503 3797 1575 3834 est
1588 3822 1604 3850 ,
1629 3787 1792 3836 ederet
1810 3804 1935 3852 qnos
1946 3787 2139 3849 jndices
2156 3807 2259 3840 ease

1239 3863 1400 3914 vellet.

1316 3943 1366 3994 3.
1391 3945 1787 4000 Permiscuenme.
1806 3949 2036 3997 Emeum
2053 3949 2263 4015 suspica-

1246 4036 1329 4072 tur
1344 4023 1692 4088 permiserunt.
