2594 4537
273 263 415 333 602
676 268 777 337 IN
828 266 1382 337 ORATIONEM
1431 265 2034 337 PLANCIANAM

274 387 561 445 fiduciam.
598 390 667 445 Iu
689 400 949 447 extremo
979 399 1171 447 tamen
1207 390 1324 446 line
1353 387 1529 465 hujus
1567 387 1772 466 capitis
1791 386 2093 464 aliquanto
2117 384 2444 447 obscurius

280 482 463 541 dixit:

254 630 263 637 ’
370 632 654 701 XXVII.
702 655 759 699 1.
811 628 949 701 Sed
991 655 1071 702 ea
1108 656 1255 715 res,
1288 630 1610 727 judiceS‚
1647 628 1844 701 haud
1882 630 2033 701 scio
2067 654 2162 699 an
2199 628 2438 727 pluris

284 738 459 813 mihi
502 738 762 829 fuerit,
813 766 1036 838 quam
1078 741 1137 813 si
1184 742 1366 813 mihi
1407 757 1564 813 tum
1601 754 1842 813 essent
1878 762 2140 810 omnes
2177 753 2432 837 gratu-

282 849 425 919 lati.

356 1010 484 1064 Hoc
510 1006 621 1079 ait,
653 1009 830 1085 magis
865 1010 1088 1068 laetatus
1116 1029 1243 1068 sum
1284 1011 1582 1088 ignorasse
1609 1010 1822 1068 multos
1861 1029 1934 1066 ex
1960 1029 2079 1086 qua
2115 1010 2434 1087 provincia

282 1103 572 1175 venirem,
598 1126 770 1179 quam
802 1106 849 1163 si
882 1106 1135 1165 venienti
1162 1106 1318 1165 ‘mihi
1356 1106 1802 1185 gratularentur.
1844 1106 2246 1183 Perstringere
2275 1108 2432 1164 enim

274 1198 459 1257 voluit
488 1199 765 1259 invidiam
797 1202 1137 1280 praesidum,
1182 1206 1285 1281 qui
1333 1204 1592 1282 spoliatis
1639 1202 1958 1282 provinciis
2005 1216 2432 1262 revertantur:

275 1316 341 1355 ac
370 1312 684 1377 propterea
709 1320 809 1359 eos
835 1302 1005 1361 amici
1032 1302 1123 1361 sui
1144 1323 1281 1361 cum
1303 1303 1688 1381 gratulatione
1713 1302 2066 1381 suscipiant,
2086 1302 2254 1381 quod
2279 1302 2432 1360 divi-

282 1410 366 1455 tes
396 1411 711 1456 evenerint.

378 1584 445 1628 2.
490 1558 758 1630 Eadem
796 1560 1038 1659 igitur,
1086 1562 1322 1649 Cassi,
1371 1562 1485 1631 via
1539 1562 1816 1632 munita
1859 1560 2239 1631 Laterensi
2275 1574 2388 1631 est
2413 1614 2430 1636 ,

282 1668 471 1740 idem
499 1670 783 1741 virtutis
816 1694 1069 1743 cursus
1101 1670 1192 1743 ad
1225 1670 1522 1769 gloriam
1553 1698 1570 1741 ε
1607 1668 1749 1742 hoc
1779 1668 2054 1742 facilior
2083 1668 2429 1740 fortasse.

280 1777 484 1875 quod
521 1803 657 1876 ego
700 1780 845 1851 huc
883 1806 925 1853 a
962 1807 1077 1854 me
1117 1798 1322 1854 ortus
1360 1797 1432 1854 et
1468 1806 1600 1881 per
1641 1807 1758 1854 me
1801 1782 2014 1853 nixus
2057 1780 2380 1852 ascendi.

360 1946 517 2001 Nota
550 1945 1032 2021 gratificationem
1058 1946 1356 2003 molestam
1383 1956 1442 2003 et
1461 1964 1592 2003 cum
1617 1946 1837 2023 magnis
1859 1944 2268 2003 amaritudinis
2297 1964 2430 2003 acu·

280 2038 384 2097 leis
408 2039 825 2118 interpositam.
846 2042 1057 2101 Dicens
1083 2060 1334 2120 namque
1357 2060 1477 2101 uon
1508 2043 1677 2101 aliter
1703 2042 1776 2101 ad
1809 2043 2065 2101 honores
2091 2041 2425 2121 adipiscen-

276 2132 384 2192 dos
410 2148 832 2213 perventurum
870 2156 993 2197 esse
1022 2142 1425 2212 Laterensem,
1466 2158 1638 2216 quem
1649 2137 1678 2217 ,(
1687 2138 1738 2215 1)
1785 2138 2012 2196 Tullius
2061 2138 2188 2217 ipse
2211 2138 2298 2217 (a)
2315 2183 2330 2194 .
2355 2184 2368 2194 .
2394 2180 2408 2193 .

279 2230 379 2290 de.
405 2277 420 2291 .
445 2279 460 2292 .
502 2236 817 2310 subjunxit
852 2235 1244 2309 testificand0‚
1273 2253 1336 2296 se
1382 2254 1502 2295 non
1535 2236 1760 2316 generis
1791 2234 2129 2308 nobilitate,
2163 2236 2270 2295 sed
2304 2236 2423 2292 vir-

282 2341 405 2388 tute
432 2332 505 2389 ad
540 2334 727 2392 omnis
750 2335 1115 2412 magistratus
1146 2334 1495 2412 pervenisse.
1515 2339 1890 2392 Laterensem
1918 2333 2032 2391 hoc
2053 2335 2310 2411 amplius
2329 2333 2424 2390 ad·

272 2427 523 2501 jumenti
550 2431 916 2504 habiturum,
948 2431 1107 2510 quod
1136 2430 1320 2492 nobili
1353 2431 1568 2491 familia
1595 2445 1757 2490 ortus
1785 2431 1844 2489 iu
1873 2431 2184 2490 candidam
2211 2431 2424 2490 veniat.

276 2523 403 2583 Sibi
446 2544 586 2606 ergo
617 2528 972 2606 adjudicavit
998 2551 1119 2589 uon
1150 2531 1452 2590 laenocinia
1473 2529 1556 2610 (3)
1597 2530 1822 2608 generis
1843 2572 1859 2599 ,
1900 2528 2002 2588 sed
2030 2529 2424 2606 praestantiam

274 2622 507 2680 virtutis
528 2646 541 2678 :
562 2625 648 2682 illi
674 2645 819 2683 vero
844 2647 1005 2705 spem
1037 2627 1111 2686 de
1135 2627 1459 2706 Majoribus
1485 2627 1646 2686 dedit
1663 2670 1680 2698 ,
1709 2625 1872 2704 quod
1911 2625 2260 2704 suffragium
2305 2625 2420 2683 sci-

275 2735 407 2775 mus
430 2737 555 2778 esse
591 2720 858 2781 fortunae.

370 2885 693 2954 XXVIII.
764 2909 819 2954 ι.
886 2887 1346 2983 Quamquam
1403 2885 1763 2957 dissimilis
1817 2897 1928 2958 est
1977 2887 2310 2982 pecuniae
2341 2895 2420 2966 (4³

277 2990 553 3066 debitio
598 3009 671 3066 et
716 2999 979 3093 gratiae.

362 3195 537 3212 .....
589 3155 693 3230 qui
717 3156 1053 3233 aggreditur
1092 3175 1224 3234 quae
1255 3157 1568 3233 proficient
1595 3169 1656 3214 et
1695 3155 1770 3214 ad
1809 3155 2164 3231 conjecturae
2207 3167 2420 3212 statum

281 3263 341 3308 et
384 3251 461 3308 ad
492 3250 655 3308 illum
698 3253 1184 3332 compellativum.
1212 3256 1362 3311 Nam
1389 3251 1502 3332 (5).
1525 3294 1542 3310 .
1567 3297 1580 3309 .
1607 3295 1622 3310 .
1653 3251 1873 3311 valebit
1898 3252 2083 3330 gratia
2123 3251 2422 3310 cioemnis

278 3347 460 3426 ipsius
488 3359 549 3405 et
586 3365 791 3407 eorum
822 3351 923 3427 qui
950 3363 1195 3429 propter
1238 3351 1402 3409 illum
1442 3351 1674 3409 Plancio
1725 3350 1940 3409 fuerint
1967 3347 2310 3426 adjumento
2347 3347 2418 3406 ad

336 3581 415 3646 (1)
452 3577 533 3629 Ita
554 3575 679 3630 cod.
706 3565 878 3645 quern}
904 3576 999 3632 ned
1027 3577 1237 3631 videtur
1263 3577 1638 3650 corrigendum
1671 3599 1838 3646 quam.

346 3663 423 3730 (a)
452 3659 630 3731 Spatia
668 3677 833 3714 vacua
858 3661 915 3716 iu
940 3661 1142 3716 codice.

347 3745 425 3812 (3)
460 3743 549 3798 Sic
582 3743 707 3798 cod.
746 3748 1031 3798 latrocinia.

342 3829 423 3894 (4)
458 3826 593 3880 cod.
612 3831 872 3896 fortunae,
916 3829 1009 3882 sed
1054 3829 1432 3901 corrigendum
1467 3831 1570 3884 suit
1601 3835 1827 3898 pecunia·
1875 3852 1894 3882 .·
1937 3847 2064 3884 uam
2103 3832 2180 3884 sic
2217 3831 2412 3884 habent

272 3905 391 3959 edd.
417 3920 469 3960 et
484 3908 561 3962 nic
588 3910 715 3982 legit
738 3911 961 3966 inferius
990 3925 1171 3966 noster
1198 3913 1475 3984 interpres.

348 3988 425 4064 (5)
461 3989 731 4060 Spatium,
767 4004 881 4048 tum
914 3996 1153 4068 sequitur
1195 3999 1416 4064 valebit,
1461 4008 1562 4050 etc.
