2594 4537
528 264 813 333 ORAT.
860 254 997 335 DE
1044 256 1474 337 HARUSP.
1525 267 2110 340 RESPONSIS.
2229 274 2384 369 ’467

350 383 589 457 Audio
607 439 627 471 ‚
662 384 932 482 quihus
958 384 1093 456 diis
1120 384 1404 457 violatis
1431 388 1742 484 expiatio
1772 386 2204 481 debeatur&
2235 393 2390 481 sed,

234 492 639 565 hominum
677 520 839 592 quoe
880 493 977 568 ob
1014 493 1314 583 delicta,
1350 507 1613 593 quae'ro.
1659 502 1901 569 Lnnos
1945 525 2168 573 sunus
2201 528 2387 575 mu-

234 628 539 677 ana-rim
570 630 837 679 noros
860 660 880 692 ‚
908 630 1424 691 rotmrostz.
1454 609 1656 697 Quos
1689 606 1936 679 ludos?
1967 624 2040 681 te
2069 611 2388 709 appe110,

236 714 563 787 Lentule
602 718 755 813 (tui
792 713 1175 790 sacerdotii
1210 731 1382 787 sunt
1415 714 1722 803 thensae‚
1755 719 2111 791 curricula
2130 724 2187 809 4,
2217 747 2395 820 prae-

240 825 495 895 centio
517 822 573 914 ⁵,
627 824 819 914 ludi,
869 824 1290 915 libationes,
1341 826 1720 923 epulaeque
1767 826 2107 901 ludorum
2148 831 2394 928 publi-

238 936 593 1032 corum),
632 960 911 1035 vosque
935 991 956 1025 ,
988 934 1372 1033 pontifices
1395 990 1416 1024 ,
1451 935 1543 1009 ad
1579 961 1768 1033 quos
1811 938 2162 1037 epulones
2202 946 2396 1015 Jovis

242 1046 557 1142 optimi,
593 1047 926 1137 maximi,
954 1047 1021 1119 si
1052 1044 1232 1143 quid
1266 1060 1374 1119 est
1410 1048 1974 1144 praetermissum
1993 1102 2013 1137 ,
2043 1066 2168 1122 aut
2195 1073 2392 1123 com-

236 1156 591 1245 missum,
630 1152 1037 1243 afferunt⁶;
1080 1181 1399 1255 quorum
1449 1157 1540 1229 de
1585 1162 1943 1231 sententia
1983 1160 2104 1231 illa
2140 1161 2392 1235 eadem

237 1280 593 1337 renovata
628 1282 850 1364 atque
886 1268 1277 1340 instaurata
1317 1266 1820 1341 celebrantur:
1861 1273 1991 1366 qui
2033 1288 2207 1343 sunt
2241 1272 2393 1345 ludi

240 1376 496 1449 minus
539 1376 918 1474 diligenter
952 1376 1171 1450 facti?
1198 1386 1524 1475 quanm,
1567 1392 1695 1451 aut
1733 1402 1883 1475 quo
1929 1379 2197 1451 scelere
2238 1382 2397 1478 pol-

238 1484 431 1555 luti?
472 1484 975 1585 Respondebis
1021 1502 1093 1559 et
1130 1512 1262 1582 pro
1313 1501 1428 1575 te,
1471 1501 1544 1559 et
1590 1511 1724 1585 pro
1773 1487 2064 1585 collegis
2103 1493 2290 1577 tuis»,
2325 1508 2398 1563 et

243 1618 389 1691 pro
422 1594 853 1693 pontificum
896 1596 1200 1693 collegio
1218 1610 1273 1685 ⁷,
1313 1596 1494 1667 nihil
1531 1598 1964 1696 cujusquam
1999 1615 2127 1671 aut
2163 1601 2392 1698 negli-

242 1708 493 1802 gentia
534 1721 1077 1807 contemptum,
1127 1722 1253 1779 aut
1289 1708 1558 1781 scelere
1599 1732 1753 1783 esse
1794 1709 2194 1807 pollutum3
2235 1738 2390 1783 om-

243 1922 363 1970 dem
381 1921 691 1986 sequebatur,
707 1922 749 1968 si
775 1921 869 1969 diis
885 1923 1158 1971 satisfacere
1179 1937 1270 1969 vo·

240 2000 414 2047 lebant
429 2035 444 2060 ,
470 2000 689 2064 expiatio
704 2036 720 2063 ‚
755 1998 841 2047 sed
864 2016 969 2049 non
997 2011 1071 2049 est
1095 2012 1271 2065 postn-

240 2080 367 2129 latio
397 2094 411 2129 ε
450 2078 570 2144 quid
615 2096 671 2127 eu
714 2078 779 2127 sit
815 2078 960 2128 docet
986 2082 1177 2139 Varro,
1208 2078 1269 2127 de

240 2162 305 2209 L.
329 2160 383 2207 1..
402 2162 473 2207 Π
494 2174 508 2207 :
541 2180 567 2201 α
588 2160 637 2207 Δ
661 2158 877 2207 Procilio
899 2159 1104 2208 relatum
1129 2160 1182 2206 in
1208 2174 1267 2207 eo

239 2240 364 2288 loco
404 2236 593 2288 dehisse
636 2247 843 2297 terram,
871 2248 919 2287 et
956 2254 1017 2287 ex
1054 2248 1271 2308 senatus-

240 2318 475 2367 consulto
500 2318 564 2366 ad
586 2317 868 2381 haruspices
894 2317 1100 2368 relatum
1114 2353 1129 2378 ‚
1166 2334 1269 2366 esse

240 2412 555 2462 responsum,
582 2395 730 2444 deum
762 2395 985 2444 Manium
1016 2397 1267 2461 postulio-

240 2493 356 2526 nem
383 2473 653 2540 postulare,
686 2474 844 2521 ‘civem
870 2475 1183 2524 fortissimum
1207 2491 1268 2525 eo

241 2555 435 2605 demitti
456 2576 496 2602 ι.
531 2556 675 2601 Putat
701 2553 917 2617 Scaliger
942 2556 1267 2619 postulaturis

241 2645 433 2684 ostenta
448 2667 465 2694 ‚
488 2633 709 2697 fulgura,
732 2631 957 2698 prodigia
987 2633 1085 2682 dici
1100 2669 1115 2693 ‚
1153 2651 1267 2701 quae

238 2715 460 2779 neglecta
480 2714 698 2769 suerent,
720 2728 811 2760 nec
832 2725 1110 2777 procurata,
1127 2731 1266 2778 qna-

240 2810 340 2860 que
367 2793 482 2841 ideo
506 2793 806 2856 indiguerint
830 2793 1128 2856 expiatione.
1169 2793 1267 2842 Sed

237 2888 349 2922 non
370 2871 454 2920 illa
487 2881 677 2919 tautum
702 2880 917 2930 ostenta,
943 2885 1053 2934 quae
1075 2871 1263 2936 siguifi-

238 2951 416 3000 esbant
437 2949 624 3016 aliquid
639 2967 741 2998 esse
766 2949 1041 3014 neglectum
1060 2984 1077 3011 ,
1103 2951 1188 2998 sed
1216 2962 1266 2999 et

238 3047 353 3096 qnoe
390 3029 672 3079 indicabant
705 3029 891 3093 aliquid
930 3030 1077 3077 fuisse
1102 3029 1265 3094 pollu-

240 3123 373 3169 tum,
415 3118 499 3158 aut
534 3123 846 3173 quocumque
888 3107 1042 3156 modo
1076 3107 1265 3174 aliquid

240 3189 554 3238 commissum
599 3203 725 3246 esse,
768 3196 975 3251 propter
1020 3186 1156 3251 qnod
1194 3187 1263 3236 dii

240 3279 379 3317 eraut
405 3265 649 3332 placandi,
665 3277 713 3314 et
740 3267 925 3313 crimen
943 3264 1259 3330 expiandum,

240 3359 298 3397 nt
318 3363 381 3394 ex
402 3345 498 3394 hoc
524 3346 641 3393 loco
669 3341 926 3394 Ciceronis
950 3355 1176 3408 apparet,
1215 3357 1264 3395 et

240 3443 301 3476 ex
324 3425 439 3485 illo,
462 3438 608 3489 quem
628 3441 689 3474 ex
706 3427 932 3474 Varrone
953 3423 1263 3474 adduximus.

238 3505 599 3556 Postulatioues
639 3505 769 3552 enim
811 3513 979 3565 eraut,
1006 3519 1159 3567 quum
1195 3503 1265 3551 dii

240 3585 409 3634 violati
448 3583 639 3649 aliquid
677 3581 782 3632 fieri
826 3583 1129 3648 postularent
1143 3617 1158 3641 ,
1200 3582 1264 3631 sd

242 3664 499 3715 avertenda
535 3664 685 3721 mala,
720 3680 831 3728 qnae
872 3673 1063 3712 ostenta
1109 3663 1264 3710 mina·

240 3745 432 3793 bantur.

312 3824 339 3870 3
354 3857 367 3870 .
400 3821 565 3871 Audio
583 3857 602 3881 ,
634 3822 807 3888 quibus
828 3821 919 3872 diis
941 3820 1144 3870 violatis
1169 3839 1260 3870 ex·

234 3900 396 3970 piatio
422 3901 671 3949 debeatur.
700 3905 813 3951 Hoc
834 3913 933 3958 est,
968 3901 1148 3964 sudio,
1177 3903 1265 3966 qui

246 3981 316 4029 dii
338 3981 514 4029 irritati
548 3978 735 4044 aliquid
761 3981 1014 4045 postulent
1032 4015 1046 4042 ,
1088 3991 1143 4030 ut
1182 3981 1261 4043 id,

1362 1936 1462 1985 quo
1491 1921 1662 1970 violati
1687 1933 1803 1971 snut
1817 1958 1832 1983 ,
1865 1925 2108 1989 expietur,
2130 1940 2233 1973 non
2253 1924 2392 1991 quod

1360 1998 1580 2062 expiatio
1599 2002 1664 2048 sit
1681 2000 1969 2066 postulatio,
1988 2014 2045 2051 ut
2069 2020 2133 2051 ex
2153 2003 2251 2051 hoc
2271 2006 2390 2053 loco

1357 2078 1550 2143 colligit
1567 2080 1834 2128 Manutius.

1432 2166 1483 2215 4.
1513 2158 1736 2214 Thema,
1762 2158 2024 2209 curticula.
2037 2159 2244 2210 Thensae
2273 2172 2390 2211 sunt

1357 2251 1492 2286 sacra
1535 2237 1758 2287 vehicula
1776 2276 1792 2301 ,
1839 2238 2018 2304 quibus
2053 2238 2256 2288 deorum
2291 2252 2390 2290 sta-

1360 2324 1455 2363 tuae
1472 2317 1524 2363 in
1543 2317 1758 2366 circensi
1777 2332 1958 2382 pompe
1974 2318 2384 2370 circumfereban-

1357 2403 1460 2454 tur,
1481 2406 1538 2445 ut
1557 2405 1784 2445 notatum
1810 2396 1874 2444 ad
1892 2398 2124 2446 verrinas
2143 2415 2202 2447 ex
2225 2403 2384 2451 Asco-

1359 2473 1444 2522 nio
1464 2508 1480 2533 ,
1533 2473 1596 2523 de
1645 2475 1827 2539 quibus
1878 2491 1984 2541 prat
2039 2480 2218 2528 ceteris
2269 2482 2382 2531 vide

1356 2554 1408 2603 J.
1431 2553 1617 2602 Sebeff.
1638 2552 1725 2603 lib.
1747 2555 1797 2601 11
1813 2590 1828 2616 ‚
1853 2571 1962 2619 esp.
1979 2564 2042 2613 ²4
2057 2591 2072 2615 ‚
2093 2557 2156 2606 de
2177 2577 2228 2608 re
2247 2560 2385 2610 vehi-

1355 2632 1524 2680 culsrl.
1560 2633 1817 2682 Canicula
1842 2646 1957 2683 sunt
1983 2636 2281 2702 aurigarum,
2305 2640 2385 2688 bi-

1354 2711 1622 2773 gan'orum,
1667 2714 2004 2776 ffigariorum,
2041 2717 2378 2783 quadrigario·

1353 2805 1461 2836 rum
1489 2806 1662 2838 currus
1685 2828 1701 2852 ,
1725 2791 1904 2855 quihus
1932 2793 1984 2840 in
2008 2794 2138 2843 ludis
2158 2797 2256 2844 illis
2276 2815 2382 2846 cer-

1353 2868 1538 2916 tabunt.
1556 2866 1686 2916 Hinc
1695 2869 1888 2934 «bijugo
1907 2872 2202 2922 curriculum
2212 2898 2236 2917 υ
2245 2877 2380 2940 apud

1354 2949 1554 2996 Sueton.
1583 2948 1637 2994 in
1674 2948 1832 2996 Caio:
1878 2970 1904 2990 ο-
1923 2949 2166 3018 Postridie
2185 2955 2381 3017 quadri-

1353 3026 1488 3091 gario
1519 3025 1719 3086 habitu,
1758 3027 2102 3092 curriculoque
2129 3030 2283 3098 bijugi
2309 3035 2380 3082 fs-

1353 3121 1601 3154 mosorum
1627 3120 1863 3170 equorum
1902 3123 1994 3172 per
2028 3119 2139 3156 eum
2174 3121 2378 3178 pontem

1353 3186 1642 3233 commeavit
1657 3207 1704 3234 a.

1423 3264 1474 3312 5.
1503 3261 1796 3313 Praeeente‘o.
1843 3265 1932 3313 Est
1967 3262 2228 3315 tibicinum
2245 3304 2262 3331 ,
2290 3271 2380 3335 qni

1351 3343 1404 3390 in
1441 3341 1575 3390 ludis
1596 3377 1612 3402 ,
1653 3359 1806 3408 quum
1847 3343 2204 3406 sacrificarent,
2245 3348 2380 3397 tibiis

1353 3421 1606 3470 cauebant.
1653 3422 1785 3471 Hinc
1819 3423 2050 3474 inferius:
2081 3447 2108 3468 α
2132 3425 2184 3474 Si
2217 3426 2380 3475 ludius

1353 3502 1579 3551 constitit
1596 3536 1612 3564 ‚
1639 3513 1724 3552 aut
1761 3501 1946 3552 tibicen
1981 3517 2179 3570 repente
2215 3506 2377 3554 conti-

1353 3581 1459 3631 cuit
1473 3603 1516 3628 ¹·-

1425 3663 1477 3710 6.
1511 3661 1704 3709 Ernest.
1730 3664 1864 3724 conj..
1890 3661 2132 3720 deserunt.

1428 3758 1480 3803 7.
1519 3743 1618 3789 Pro
1635 3741 1930 3810 pontificum
1948 3741 2175 3809 collegio.
2201 3743 2376 3792 Hono·

1355 3821 1423 3870 ris
1449 3835 1594 3868 censs
1620 3821 1870 3869 consulem
1899 3837 1991 3886 pro
2015 3837 2067 3870 se
2090 3821 2385 3888 respondere

1353 3902 1480 3949 sinet
1505 3899 1770 3964 collegium
1793 3899 2084 3968 pontificum
2104 3936 2120 3961 ,
2163 3917 2314 3968 quum
2339 3905 2386 3951 ei

1351 3997 1406 4030 se
1441 3979 1664 4028 assentiri
1695 3979 2076 4048 significaverit:
2115 3985 2382 4047 prasertim

2079 4067 2189 4137 30.
