2594 4537
537 267 926 339 ORATIO
975 267 1178 335 PRO
1227 266 1385 337 CN.
1440 266 1929 340 PLANCIO.
2161 268 2297 359 545

156 391 394 490 patris
429 390 854 462 auctoritate
880 403 953 461 et
961 389 1210 485 gratia
1229 388 1538 476 miserit3
1568 389 1769 488 quod
1796 389 2111 516 denique
2148 420 2300 467 om-

161 498 392 571 nibus
435 498 690 571 officiis
743 523 874 597 per
919 522 1034 585 se,
1075 522 1206 595 per
1246 512 1563 595 patrem,
1609 525 1741 599 per
1784 502 2091 597 majores
2133 530 2303 579 suos

159 625 402 681 totam
437 610 806 681 Atinatem
839 605 1339 706 praefecturam
1382 609 2061 707 comprehenderit.
2092 617 2195 687 sic
2220 630 2305 688 tu

164 718 360 791 doce
383 772 405 807 ‚
478 734 930 817 sequestrem
993 714 1212 791 fuisse
1233 771 1252 805 ‚
1318 717 1653 815 largitum
1723 744 1879 793 esse
1905 775 1924 809 ‚
1974 726 2305 795 conscri-

163 830 436 929 psisse,
467 828 776 901 tribules
800 828 1299 901 decuriavisse.
1339 827 1555 918 Quod
1587 830 1648 900 si
1675 854 1830 902 non
1868 846 2079 929 potes
2101 888 2121 922 ‚
2155 836 2309 907 noli

165 938 430 1012 tollere
482 964 568 1011 ex
625 937 881 1011 ordine
930 952 1182 1009 nostro
1237 934 1736 1011 liberalitatem
1761 994 1781 1029 ‚
1824 943 1977 1014 noli
2032 944 2309 1017 malefi-

167 1052 368 1123 cium
399 1051 676 1148 'putare
715 1072 868 1122 esse
903 1049 1200 1146 gratiam
1219 1100 1238 1137 ,
1267 1048 1421 1121 noli
1458 1047 1988 1123 observantiam
2034 1056 2309 1128 sancire

168 1146 414 1259 5021...

271 1274 530 1368 Itaque
560 1268 1009 1342 haesitantem
1031 1284 1104 1341 te
1119 1265 1149 1313 ⁵
1175 1272 1252 1341 in
1274 1269 1419 1341 hoc
1444 1268 1938 1342 sodalitiorum
1962 1273 2315 1347 tribuario

169 1382 516 1469 crimine,
557 1378 647 1451 ad
698 1402 1166 1451 communem
1217 1378 1533 1451 ambitus
1572 1403 1855 1452 causam
1904 1384 2318 1472 contulisti,

169 1492 282 1561 in
311 1514 458 1587 qna
511 1486 925 1561 desinamus
982 1487 1415 1588 aliquando,
1467 1490 1527 1561 si
1566 1488 1879 1575 videtur,
1928 1492 2207 1590 vulgari
2246 1509 2321 1565 et

170 1614 562 1700 pervagata
599 1599 1138 1672 declamatione
1171 1597 1635 1671 contendere.
1691 1600 1805 1701 Sic
1844 1604 2035 1670 enim
2076 1614 2319 1673 tecum

171 1734 336 1808 ago.
373 1712 612 1799 Quam
647 1707 776 1779 tibi
823 1706 1292 1782 commodum
1330 1724 1477 1797 est,
1521 1732 1741 1780 unam
1777 1708 2053 1782 tribum
2086 1709 2321 1809 delige

171 1838 260 1895 tu
279 1844 302 1890 ε
333 1816 514 1891 doce
542 1818 658 1905 id,
686 1815 892 1915 quod
918 1817 1142 1891 debes
1164 1873 1184 1907 ‚
1221 1842 1357 1916 per
1384 1843 1610 1916 quem
1652 1834 2096 1917 sequestrem
2115 1876 2135 1909 ‚
2167 1846 2321 1919 quo

171 1930 488 2003 divisore
523 1942 866 2026 corrupta
905 1929 1018 2000 sit.
1065 1934 1217 2025 Ego
1237 1982 1258 2015 ‚
1292 1930 1353 1999 si
1386 1927 1463 1998 id
1501 1925 1736 1999 facere
1768 1954 1922 2000 non
1958 1934 2317 2027 potueriS,

171 2038 378 2139 quod
399 2096 419 2129 ,
461 2054 546 2110 ut
583 2040 838 2138 opinio
882 2060 1051 2110 mea
1087 2036 1270 2125 fert,
1318 2062 1413 2109 ne
1454 2039 1758 2135 incipies
1798 2040 2097 2137 quidem
2122 2094 2142 2129 ‚
2188 2065 2323 2139 per

171 2174 398 2249 quem
447 2148 694 2221 tulerit
714 2146 772 2236 ⁶,
827 2146 1133 2219 docebo,
1195 2152 1414 2221 Estne
1470 2147 1621 2219 haec
1672 2172 1843 2220 vera
1900 2152 2323 2222 contentio?
2374 2148 2381 2157 “

169 2262 508 2362 placetne
559 2260 662 2332 sic
715 2259 880 2357 agi?
935 2262 1100 2333 Non
1155 2283 1452 2357 possum
1478 2271 1504 2314 ⁷
1559 2259 1785 2354 magis
1840 2256 2102 2356 pedem
2144 2285 2321 2333 con-

169 2371 366 2446 ferre
385 2367 440 2460 ⁸,
485 2385 570 2443 ut
605 2373 846 2458 aiunt,
894 2384 1020 2442 aut
1069 2372 1375 2468 propius
1430 2366 1793 2440 accedere.
1846 2367 2043 2459 Quid
2084 2373 2323 2444 taces?

169 2480 354 2581 quid
377 2480 828 2554 dissimulas?
845 2479 1026 2578 quid
1048 2480 1575 2578 tergiversaris?
1596 2482 1831 2550 Etiam
1858 2494 2081 2578 atque·
2105 2484 2321 2555 etiam

169 2597 369 2664 insto
401 2608 621 2689 atque
657 2615 887 2690 urgeo
906 2645 946 2680 ‚u
969 2593 1285 2662 insector
1303 2600 1360 2678 ⁹,
1397 2609 1623 2688 posco
1644 2644 1663 2678 ,
1710 2603 1929 2688 atque
1970 2590 2156 2665 adeo
2190 2592 2315 2665 fla-

169 2706 328 2802 gito
371 2705 644 2774 crimen
685 2727 702 2770 :
762 2725 1303 2798 quamcumque
1352 2700 1625 2772 tribum
1656 2755 1675 2788 ,
1726 2701 2027 2799 inquam
2048 2757 2069 2789 ‚
2120 2702 2319 2776 dele-

169 2813 362 2913 geris
380 2865 401 2900 ,
437 2835 658 2910 quam
691 2809 940 2882 tulerit
971 2809 1307 2882 Plancius
1324 2865 1343 2896 ,
1375 2825 1457 2881 tu
1490 2809 1856 2882 ostendito
1878 2864 1899 2899 ,
1934 2812 1994 2882 si
2022 2817 2319 2909 poteris,

171 3047 232 3094 in
247 3043 564 3111 vectigalibus
580 3045 908 3111 exigendie,et
923 3045 1198 3094 rationibus
1364 3047 1413 3095 8.
1448 3045 1628 3094 Pedem
1664 3042 1921 3110 conferre,
1966 3057 2021 3094 ue
2060 3045 2220 3097 aiunt.
2262 3051 2321 3098 Id

170 3123 516 3186 conficiendis,
538 3136 634 3175 ete.
653 3136 800 3188 atque
825 3124 896 3174 ita
919 3125 1111 3174 fuerunt
1131 3125 1200 3173 lu-
1288 3136 1388 3184 σοι,
1423 3125 1674 3190 congredi.
1689 3125 1966 3173 mastatio
1996 3141 2023 3172 ι
2050 3124 2320 3176 luctatione

170 3204 312 3254 oeni·
327 3205 477 3253 aucti.
1288 3215 1498 3269 sumpte.

251 3285 304 3331 5.
349 3282 670 3332 Baesiwneem
717 3293 782 3332 te.
829 3283 998 3344 Quum
1012 3317 1028 3341 ‚
1077 3282 1202 3346 quid
1360 3299 1415 3346 9.
1454 3285 1691 3334 Inseeeor.
1724 3283 1913 3334 ltu-furt.
1942 3283 2186 3350 imeqnor.
2200 3290 2319 3338 Vul-

171 3362 384 3422 «Ποσει,
405 3375 510 3410 non
529 3361 749 3419 haberet,
765 3360 1012 3423 nullisque
1037 3375 1202 3424 posses
1291 3372 1452 3426 getam
1474 3371 1641 3410 tuetur
1666 3361 1835 3410 similis
1872 3362 2014 3412 locus
2040 3381 2135 3430 pro
2169 3369 2315 3417 Font.

171 3441 360 3490 crimen
414 3441 718 3505 argumentis
772 3438 1079 3488 confirmare.
1130 3467 1202 3478 --
1295 3455 1345 3505 1,
1366 3463 1389 3484 α
1403 3441 1622 3491 insector
1638 3441 1821 3490 ultro...
1840 3442 2073 3504 insector,
2098 3445 2315 3510 inquam,

171 3519 355 3587 Delige
373 3531 425 3568 tu
455 3538 475 3568 .·
501 3521 624 3568 doce
647 3519 716 3568 id.
735 3519 961 3568 Gulielm.
1003 3517 1200 3585 delige.-
1289 3537 1347 3568 nc
1384 3521 1550 3585 flagito
1580 3532 1725 3569 testes
1737 3543 1778 3570 n.
1808 3523 2050 3588 Insequar
2080 3535 2321 3576 monstrat

169 3613 276 3648 eum
299 3600 426 3648 doce
445 3599 514 3646 id.
1289 3599 1431 3648 locus
1466 3599 1793 3665 supplementi
1819 3617 1913 3665 pro
1934 3603 2128 3665 Flacco,
2167 3605 2218 3660 3,
2241 3605 2319 3652 ed.

243 3680 300 3728 6.
329 3680 428 3727 Per
445 3693 590 3742 quem
605 3677 783 3727 tulerit.
809 3676 871 3726 ld
895 3687 999 3738 est,
1025 3677 1203 3726 suffre-
1290 3679 1416 3727 Mai.
1453 3695 1565 3744 pag.
1598 3680 1683 3741 53,
1717 3678 1795 3728 ed.
1828 3681 2045 3730 Cramer.
2074 3697 2190 3747 pag.
2212 3685 2281 3748 98
2306 3699 2319 3734 :

171 3758 252 3824 gt·
275 3757 564 3807 confecerit.
1291 3777 1321 3799 ο
1338 3769 1671 3806 accusatorem
1690 3757 1879 3822 urgebo
1897 3769 2045 3823 atque
2068 3761 2320 3826 insequar,

249 3855 296 3898 7.
312 3839 430 3885 Non
444 3853 664 3900 possum.
677 3837 849 3887 Bavar.
867 3851 1209 3900 numpoesum.
1297 3845 1349 3884 et
1382 3835 1513 3884 ultro
1536 3837 1722 3884 crimen
1748 3836 1813 3884 ab
1833 3837 2109 3887 adversario
2134 3840 2323 3905 flagita·

173 3917 260 3966 sic
281 3916 592 3978 Gulielmius,
613 3915 752 3980 quod
781 3918 978 3966 Gruter.
1001 3925 1052 3966 et
1066 3915 1210 3966 Wol-
1297 3915 1367 3963 bo
1386 3931 1443 3976 »ς
1488 3915 1575 3964 sed
1616 3913 1826 3964 insector
1868 3917 2039 3979 majori
2076 3919 2235 3983 pollet
2269 3921 2321 3969 vi

171 3994 268 4044 flua
292 3986 584 4060 probabant.
1300 4011 1447 4059 qnam
1470 3995 1716 4062 insequor,
1729 4006 1779 4045 et
1802 3997 1902 4046 hoc
1930 3997 1983 4046 in
2008 3995 2123 4048 loco
2148 4000 2322 4064 prufe-

371 4087 492 4154 IV,
549 4098 646 4144 cic.
665 4113 776 4160 pm
801 4096 1018 4144 κωιια.
1268 4120 1277 4131 -
1987 4081 2079 4154 35
