2594 4537
468 292 754 361 ORAT.
807 289 947 359 DE
998 292 1436 368 HARUSP.
1489 292 2084 363 RESPONSIS.
2204 292 2355 377 ·453

185 417 301 487 sit
324 468 351 504 ,
386 437 538 511 quo
565 436 723 485 sese
760 412 1029 484 scelere
1068 411 1514 503 devinxerit,
1547 437 1700 484 non
1721 411 2012 503 dubim,
2043 418 2224 513 quin
2262 419 2353 487 sit

190 527 669 597 miserrimus
698 550 719 613 ;
753 524 863 596 sin
901 538 1143 595 autem
1192 524 1265 595 id
1304 548 1457 595 non
1495 524 1726 611 videt,
1760 526 2160 623 periculum
2197 542 2305 598 est
2331 584 2351 613 ‚

190 660 305 706 ne
343 658 421 705 se
458 633 777 731 stuporis
819 634 1281 705 excusatione
1318 632 1672 706 defendat.

308 742 609 816 Accedit
638 745 847 815 etiam
860 799 879 831 ,
900 742 1101 843 quod
1121 798 1141 833 ,
1159 747 1695 842 exspectatione
1727 747 2055 817 omnium
2069 800 2088 835 ,
2119 744 2355 818 fortis-

192 858 407 929 simo
444 869 518 926 et
557 854 947 926 clarissimo
984 855 1178 944 viro,
1223 860 1302 927 T.
1355 856 1631 945 Annio,
1669 856 1926 929 devota
1968 872 2040 929 et
2091 862 2358 929 consti-

190 980 377 1037 tuta
420 969 554 1037 ista
587 965 826 1037 hostia
845 974 911 1009 ¹⁰
948 988 1103 1037 esse
1137 964 1468 1036 videtur:
1507 969 1623 1036 cui
1667 991 1783 1037 me
1824 972 2209 1066 praeripere
2242 965 2364 1040 de-

194 1099 561 1175 sponsam
593 1075 743 1170 jam
790 1088 865 1147 et
907 1074 1337 1147 destinatam
1382 1074 1669 1147 laudem
1695 1130 1715 1165 ,
1751 1102 1980 1174 quum
2015 1082 2170 1178 ipse
2207 1080 2364 1175 ejus

196 1208 444 1283 opera
494 1199 567 1256 et
622 1184 1043 1283 dignitatem
1089 1200 1163 1256 et
1216 1186 1520 1258 salutem
1560 1190 2050 1286 recuperarim
2073 1245 2094 1275 ,
2161 1189 2368 1262 valde

202 1309 337 1367 est
377 1298 733 1394 iniquum.

322 1410 443 1477 lv.
475 1411 758 1478 Etenim
785 1461 804 1493 ,
840 1420 925 1478 ut
959 1409 1035 1477 P.
1080 1406 1199 1478 ille
1232 1409 1474 1506 Scipio
1503 1422 1717 1480 natus
1748 1407 1944 1487 mihi
1962 1407 2248 1481 videtur
2278 1411 2370 1481 ad

209 1518 605 1587 interitum
637 1518 1086 1613 exitiumque
1129 1519 1612 1617 CarthaginiS,
1654 1521 1782 1616 qui
1825 1519 2019 1589 illam
2051 1543 2092 1589 a
2128 1521 2372 1592 multis

212 1625 791 1723 imperatoribus
832 1622 1197 1699 obsessam
1214 1682 1235 1716 ,
1276 1643 1768 1727 oppugnatam
1788 1683 1807 1717 ,
1839 1626 2334 1700 labefactatam
2356 1689 2375 1721 ,

213 1762 439 1836 paene
487 1752 773 1836 captam
825 1735 1250 1833 aliquando,
1295 1742 1503 1835 quasi
1555 1738 1750 1811 fatali
1803 1755 2068 1812 eventu
2103 1796 2122 1823 ‚
2179 1740 2377 1813 solus

218 1850 494 1920 evertit
533 1874 550 1916 z
590 1848 693 1919 sic
733 1852 809 1918 T.
849 1849 1130 1919 Annius
1183 1846 1275 1919 ad
1327 1848 1518 1920 illam
1562 1864 1838 1949 pestem
1890 1853 2373 1949 comprimen-

218 1958 441 2045 dam,
498 1958 1137 2056 exstinguendam,
1182 1956 1514 2031 funditus
1549 1958 1930 2033 delendam
1974 1975 2187 2033 natus
2223 1986 2376 2033 esse

220 2066 555 2157 videtur,
590 2083 663 2140 et
698 2071 905 2166 quasi
942 2068 1192 2140 divino
1232 2093 1540 2141 munere
1585 2070 1896 2142 donatus
1939 2070 2374 2169 reipublicae.

224 2178 448 2250 Solus
483 2178 602 2249 ille
639 2182 1021 2279 cognovit,
1060 2178 1672 2277 quemadmodum
1716 2194 2072 2251 armatum
2113 2182 2340 2251 civem
2362 2235 2381 2270 ‚

227 2292 370 2388 qui
388 2288 782 2387 lapidibus,
801 2293 930 2388 qui
958 2288 1152 2362 ferro
1180 2291 1360 2363 alios
1383 2301 1407 2333 ¹
1441 2288 1750 2388 fugaret,
1778 2288 1956 2360 alios
1988 2288 2186 2360 domi
2212 2314 2384 2361 con·

230 2404 536 2489 tineret,
564 2403 693 2498 qui
716 2401 976 2474 urbem
999 2416 1225 2473 totam
1244 2457 1263 2491 ,
1291 2404 1420 2498 qui
1443 2401 1716 2472 curiam
1735 2455 1754 2485 ‚
1785 2401 1914 2496 qui
1945 2397 2185 2470 forum
2205 2453 2224 2488 ,
2255 2402 2382 2496 qui

232 2511 515 2608 templa
556 2513 803 2582 omnia
828 2512 1019 2583 caede
1053 2511 1554 2609 incendiisque
1595 2525 1897 2582 terreret
1921 2564 1938 2598 ,
1973 2533 2125 2581 non
2157 2507 2382 2582 modo

234 2626 568 2710 vincere,
598 2647 855 2694 verum
892 2625 1108 2693 etiam
1153 2625 1468 2696 vincire²
1502 2635 1895 2721 oporteret.

345 2735 528 2803 Huic
565 2755 736 2829 eg0,
777 2745 850 2803 et
888 2731 1051 2822 tali,
1085 2747 1157 2803 et
1182 2735 1283 2804 ita
1310 2734 1398 2805 de
1434 2758 1550 2803 me
1573 2787 1592 2818 ‚
1632 2755 1714 2803 ac
1746 2730 1836 2802 de
1870 2735 2103 2828 patria
2129 2731 2389 2804 merito

330 2950 406 2982 10.
426 2932 621 2982 Hostia.
648 2935 771 2996 Quae
796 2935 854 2981 T.
888 2933 1083 2992 Anni0,
1108 2934 1272 2982 fortis-
1363 2932 1500 2998 qnod
1533 2933 1717 2981 crimen
1745 2930 1808 2979 ad
1836 2945 1960 2994 quos
1988 2923 2098 2990 ju're
2121 2939 2394 2978 revertatur

244 3014 378 3064 simo
412 3013 545 3074 viro,
583 3012 809 3061 dedatur.
839 3015 1005 3076 Atque
1037 3012 1136 3060 hoc
1160 3013 1276 3060 loco
1365 3012 1632 3062 modestior
1651 3027 1742 3073 ego
1771 3025 1874 3057 non
1895 3009 2068 3056 dicam.

246 3097 319 3144 de
352 3094 663 3142 accusatione
695 3092 947 3157 loquitur,
982 3109 1126 3156 quam
1152 3093 1279 3142 Milo
1437 3095 1530 3139 IV.
1571 3107 1618 3138 x.
1657 3090 1815 3136 Alios.
1861 3088 1930 3136 Ut
1978 3089 2284 3136 Ciceronem.
2321 3114 2391 3124 -—

242 3179 351 3238 jam
377 3185 480 3222 tum
508 3172 687 3222 Clodio
714 3173 1005 3220 intenderat.
1025 3175 1089 3221 Et
1110 3171 1283 3220 eodem
1372 3171 1530 3220 Alios.
1553 3171 1624 3217 Ut
1649 3167 1952 3231 Pompeium.

249 3271 399 3304 sensu
416 3255 590 3302 Cicero
617 3253 791 3300 consul
820 3267 914 3316 pro
936 3253 991 3298 L.
1006 3252 1177 3299 Flacco
1206 3268 1281 3298 re-
1446 3266 1494 3299 α.
1525 3249 1662 3307 Alii,
1687 3256 1743 3295 ut
1772 3245 1942 3293 lamb.
1966 3256 2017 3293 et
2035 3247 2226 3294 Ernest.
2249 3245 2400 3308 magis

248 3332 583 3400 petundamm
628 3348 714 3380 reo
756 3331 902 3379 verba
952 3331 1098 3388 facit,
1138 3347 1285 3393 quem
1373 3329 1586 3396 probant
1626 3349 1650 3369 «ι
1675 3326 1888 3383 vincire,
1915 3340 2017 3372 ver.
2047 3337 2112 3374 et.
2131 3325 2326 3372 vincere
2350 3346 2398 3373 ι.

252 3413 395 3462 coni'.
441 3429 548 3477 cap.
596 3413 677 3460 38.
731 3411 860 3459 Solis
898 3409 1193 3458 Marklando
1236 3419 1286 3457 et
1373 3409 1544 3457 Falso:
1567 3423 1680 3455 nam
1701 3416 1757 3453 ut
1775 3406 1963 3453 vincias
1980 3403 2398 3462 belluam,victam

252 3491 446 3542 Wolfio
476 3492 620 3539 datm·
644 3491 715 3538 ita
738 3491 903 3538 locum
921 3490 1056 3538 hunc
1078 3489 1285 3550 trahere,
1376 3501 1516 3537 antea
1532 3505 1634 3536 esse
1660 3495 1874 3551 oportet.
1891 3512 1960 3522 —
1978 3487 2129 3534 Anno
2150 3483 2398 3546 superiore

252 3584 317 3622 ut
362 3571 425 3620 ad
464 3573 676 3620 futuram
719 3571 885 3619 Clodii
926 3568 1138 3627 caedem,
1174 3583 1285 3631 quae
1375 3569 1502 3617 Milo
1529 3567 1757 3614 tribunus
1784 3565 1858 3628 pl.
1887 3564 2118 3614 Clodium
2155 3561 2400 3626 privatum

254 3652 417 3701 tribus
461 3662 573 3716 post
617 3652 759 3698 annis
800 3651 925 3698 sacta
975 3659 1048 3696 est
1069 3683 1086 3707 ‚
1134 3647 1289 3696 alludi
1379 3647 1658 3697 accusavit:
1689 3643 1775 3694 sed
1802 3643 1928 3691 ratIo
1953 3653 2027 3690 est
2054 3644 2251 3688 inventa
2271 3671 2286 3696 ,
2307 3654 2402 3702 qua

261 3745 455 3781 certum
484 3731 721 3789 habeant,
759 3741 809 3777 et
835 3731 888 3778 in
912 3730 1009 3777 hoc
1051 3740 1151 3776 tam
1188 3727 1300 3791 pul-
1385 3727 1624 3790 judicium
1670 3724 1723 3772 id
1777 3722 2030 3770 tolleretur
2049 3754 2064 3779 ,
2111 3717 2412 3780 Clodiusque

262 3813 387 3862 chro
425 3829 569 3860 sensu
616 3811 867 3859 exsultent
884 3842 900 3868 ‚
938 3825 1049 3856 cnm
1087 3807 1300 3854 festivis·
1391 3822 1585 3854 causam
1612 3821 1715 3852 non
1735 3802 1934 3850 diceret.
1950 3801 2076 3847 Tum
2105 3799 2266 3862 itaque
2288 3795 2414 3844 Milo

270 3893 393 3942 nima
424 3889 529 3958 (dii
568 3889 757 3952 bonii)
800 3888 981 3936 ironia!
1012 3887 1109 3948 Qui
1148 3884 1187 3932 εἰ
1224 3880 1303 3931 vel
1393 3887 1623 3935 adversus
1671 3892 1902 3930 armatam
1955 3879 2088 3927 illim
2135 3878 2235 3924 vim
2284 3890 2413 3923 arma

266 3973 473 4022 minime
512 3984 723 4035 nequens
767 3978 916 4032 capnt
952 3965 1305 4029 respexissent,
1393 3967 1602 4034 paravit.
1625 3961 1754 4012 Vide
1789 3969 1904 4026 post
1937 3957 2102 4007 Redit.
2133 3957 2186 4004 in
2215 3957 2327 4004 Sen.
2357 3955 2418 4012 83

272 4074 375 4106 non
407 4065 653 4104 oratorem
698 4051 916 4100 stultitiae
959 4050 1266 4098 damnassent
1288 4079 1306 4107 ‚
1397 4062 1488 4110 pro
1520 4045 1653 4092 Sext.
1692 4049 1787 4101 40,
1823 4051 1872 4101 et
1912 4055 2044 4103 seqq.
2075 4039 2140 4084 Ea
2173 4035 2232 4084 de
2265 4052 2314 4082 re
2353 4033 2422 4081 sic
