2594 4537
372 265 503 338 188
986 269 1083 337 M.
1135 263 1215 338 T.
1272 271 1862 344 CICERONIS

360 392 645 463 minum
666 403 1116 460 venustatem
1142 404 1215 463 et
1239 388 1526 464 facetias
1553 395 1961 492 perspicere
1987 397 2292 492 potuisti
2307 397 2342 468 ἱ)
2373 401 2488 470 Isti

360 501 601 598 igitur,
626 501 742 572 isti
764 502 1215 598 Pergameni,
1245 504 1850 601 proscriptiones⁷
1872 561 1893 595 ,
1923 531 2104 604 quas
2132 521 2214 578 tu
2247 507 2493 580 affere-

359 608 529 698 bas,
564 609 1145 709 repudiaverunt.
1171 615 1245 682 P.
1277 612 1580 702 Orbius,
1627 614 1852 687 homo
1887 632 1960 688 et
1991 616 2320 715 prudens
2341 616 2406 708 ⁸,
2427 635 2490 692 et

362 722 749 809 innocens,
782 737 1037 793 contra
1076 735 1149 794 te
1198 725 1442 795 omnia
1477 724 1811 796 decrevit.

456 834 751 902 XXXII.
780 837 864 903 In
892 836 967 903 P.
998 832 1392 906 Globulum
1410 843 1466 923 ¹,
1485 859 1732 906 meum
1758 837 2274 927 necessarium,
2299 837 2488 911 fuisti

362 942 761 1038 gratiosior.
802 943 1093 1016 Utinam
1134 968 1375 1041 neque
1410 946 1690 1042 ipsum,
1743 969 1983 1042 neque
2027 971 2145 1018 me
2183 951 2489 1045 poenite·

360 1049 509 1124 ret!
549 1056 602 1121 F
602 1053 964 1124 laccum²
945 1079 1023 1125 ιιι
1044 1057 1245 1126 curia
1279 1054 1778 1128 decrevissent.
1807 1055 2211 1129 Veridicas³
2239 1057 2489 1155 adjun-

364 1149 473 1260 gis
512 1187 760 1234 causas
793 1163 1366 1253 inimicitiarum,
1409 1163 1610 1263 quod
1649 1167 1836 1264 patri
1873 1171 1949 1238 L.
1989 1166 2260 1255 Flacci,
2311 1167 2487 1239 aedili
2563 1155 2565 1170 '

362 1273 681 1362 curuli4,
721 1289 925 1373 pater
958 1289 1160 1361 tuus,
1194 1219 1532 1347 tribimus
1557 1275 1826 1374 plebis,
1861 1275 2054 1348 diem
2085 1275 2370 1348 dixerit.
2405 1283 2489 1349 At
2563 1289 2565 1340 f

362 1383 557 1456 istud
577 1409 671 1456 ne
694 1385 834 1483 ipsi
862 1385 1157 1482 quidem
1193 1387 1379 1483 patri
1414 1385 1646 1457 Flacci
1680 1385 1890 1458 valde
1923 1385 2317 1458 molestum
2342 1409 2488 1459 esse
2563 1455 2565 1466 ,

362 1492 617 1568 debuit
650 1524 666 1566 ε
705 1497 1096 1592 praesertim
1141 1520 1370 1592 quum
1403 1495 1561 1584 ille,
1590 1497 1708 1568 cui
1737 1494 1890 1568 dies
1913 1495 2104 1568 dicta
2133 1511 2284 1584 est,
2323 1519 2488 1595 prae-
2563 1533 2565 1578 7

361 1602 525 1676 τοι·5
558 1619 808 1704 postea
847 1603 1077 1678 factus
1114 1607 1202 1676 sit
1222 1659 1241 1694 ,
1268 1619 1340 1676 et
1371 1606 1668 1694 consu13
1700 1605 1852 1697 ille,
1888 1607 2018 1704 qui
2052 1605 2246 1676 diem
2277 1605 2484 1693 dixit,
2563 1619 2565 1670 ὲ

362 1739 513 1786 non
558 1717 880 1812 potuerit
924 1717 1239 1815 privatus
1272 1716 1348 1785 in
1385 1716 1666 1788 civitate
1709 1713 2164 1788 consistere⁶.
2211 1715 2354 1788 Sed
2374 1769 2395 1801 ‚
2435 1713 2490 1784 si
2563 1711 2565 1714 ⁴

358 1824 589 1919 justas
628 1825 1035 1898 inimicitias
1070 1824 1408 1923 putabas,
1447 1849 1610 1913 cur,
1645 1851 1876 1924 quum
1925 1824 2268 1897 tribunus
2309 1823 2485 1896 mili-
2563 1811 2565 1884 ἒ

364 1949 519 2006 turn
538 1947 563 1993 ⁷
600 1934 894 2035 Flaccus
918 1951 1105 2009 esset
1124 1991 1145 2025 ,
1168 1939 1243 2008 in
1273 1935 1430 2031 ejus
1459 1937 1739 2034 legione
1769 1935 1972 2008 miles
2005 1933 2238 2022 fuisti,
2265 1959 2484 2033 quum
2563 1983 2565 2028 ÷

362 2043 499 2116 tibi
542 2070 675 2143 per
729 2046 922 2144 leges
968 2047 1310 2120 militares
1359 2045 1676 2144 effugere
1737 2047 1987 2118 liceret
2039 2048 2486 2145 iniquitatem
2563 2039 2565 2148 ξ

362 2153 680 2228 tribuni?
716 2162 862 2229 Cur
890 2172 1132 2230 autem
1165 2171 1432 2255 praetor
1477 2173 1590 2245 te,
1641 2159 2014 2230 inimicum
2062 2171 2444 2256 paternum
2469 2209 2486 2239 ‚
2563 2175 2565 2194 ³

358 2270 437 2338 in
466 2267 849 2341 consilium
882 2268 1207 2342 vocavit?
1238 2294 1401 2367 quae
1429 2266 1724 2367 quidem
1751 2293 1971 2367 quam
2007 2282 2257 2340 sancte
2291 2267 2488 2339 solita
2563 2346 2565 2349 Α

362 2510 493 2559 inter
532 2509 898 2573 magistratuum
951 2507 1286 2558 crudelitatem
1333 2520 1385 2559 et
1469 2524 1742 2573 verasque,
1777 2508 1914 2573 quod
1943 2508 2100 2557 multo
2135 2518 2361 2572 prestat,
2399 2506 2486 2555 uisi

359 2589 583 2650 judicum
603 2588 909 2651 iniquitatem
929 2588 1173 2637 destitutis
1198 2589 1386 2639 miseris
1472 2588 1626 2651 forte,
1647 2599 1702 2636 ut
1729 2588 2002 2639 camerario
2028 2588 2218 2653 placet,
2239 2590 2308 2637 sit
2329 2588 2482 2651 legen·

362 2668 519 2717 nihil
498 2683 601 2729 μω
626 2666 803 2731 reliqui
826 2684 928 2716 esse
952 2680 1137 2733 posset.
1474 2625 1626 2715 dum
1617 2666 1916 2717 verissimas.

438 2764 491 2809 7.
516 2747 646 2806 Alii,
671 2768 695 2791 κ
709 2748 1083 2812 pez-scriptiones
1096 2768 1139 2796 a.

440 2827 491 2875 8.
516 2826 755 2876 Prudens.
776 2830 969 2875 Frustra
984 2825 1211 2876 nonnulli
1232 2826 1388 2875 corri-

364 2915 487 2971 gunt
500 2907 714 2972 pudens.
736 2907 943 2971 Vulgata
969 2908 1116 2956 lectio
1142 2922 1293 2970 quum
1325 2904 1390 2953 ad

360 2999 623 3053 pretorem
658 2987 891 3035 referatur
930 2989 1115 3051 optime
1150 2986 1277 3047 juris
1313 2984 1392 3033 di-

362 3066 506 3115 cendi
533 3058 745 3130 perituxn
779 3066 1027 3114 hominem
1055 3076 1213 3114 sonat.

432 3146 657 3195 xxxn.
688 3161 731 3195 1.
748 3145 849 3193 Alii
872 3160 974 3193 non
1002 3143 1251 3202 dubitant,
1269 3142 1392 3206 quin

358 3223 620 3289 legendum
643 3224 707 3272 sit
724 3260 741 3287 ,
764 3246 789 3267 ιι
804 3224 957 3290 Apud
982 3226 1037 3272 P.
1064 3223 1334 3274 Globulum
1345 3244 1388 3269 a.

358 3306 583 3353 Testatur
607 3306 844 3353 Gruterus
868 3304 951 3353 hio
986 3306 1110 3353 Mss
1143 3319 1258 3352 suos
1284 3318 1388 3350 om-

360 3398 449 3431 nen
470 3380 669 3430 mutilo·
688 3398 789 3431 esse
812 3382 1000 3446 integro
1019 3381 1160 3430 solio.
1187 3382 1221 3428 J
1224 3383 1304 3429 .V.
1325 3380 1384 3428 L.

434 3478 485 3513 u.
513 3460 782 3511 mendosus
805 3462 963 3511 locus.
985 3461 1113 3513 eod.
1144 3461 1378 3525 stephan.

361 3543 602 3591 «Flaccus
625 3545 676 3591 vi
704 3555 753 3591 et
772 3544 947 3605 injuria
970 3541 1203 3605 decrevit,
1218 3552 1383 3589 motus

360 3622 576 3688 paternis
606 3622 733 3671 odiis
754 3644 777 3665 a
796 3656 813 3683 ‚
852 3639 999 3687 quam
1032 3622 1146 3671 lect.
1183 3618 1385 3670 Schiitz.

362 3712 596 3764 sequutus
626 3712 731 3761 est,
764 3702 933 3767 paucis
970 3703 1187 3750 mutatis.
1224 3702 1378 3764 Quae‚

362 3796 515 3845 quum
558 3798 753 3830 sensum
786 3782 997 3846 aliquem
1024 3784 1215 3843 justum
1254 3796 1382 3845 prae·

1547 2754 1599 2805 4.
1616 2746 1776 2795 AEde'ls'
1785 2744 1957 2796 wruli.
1979 2746 2160 2811 Argnit
2177 2760 2238 2794 ex
2260 2747 2312 2796 h.
2329 2746 2366 2795 l.
2391 2748 2485 2792 Fer·

1475 2827 1625 2874 ratius
1655 2841 1758 2873 non
1782 2826 2001 2890 potuisse
2021 2825 2248 2875 eumdem
2272 2824 2483 2873 Flaccum

1475 2905 1552 2953 bis
1571 2904 1818 2953 consulem
1833 2904 2002 2967 fuisse,
2021 2904 2168 2953 semel
2180 2905 2459 2959 cumMnrio
2472 2938 2487 2963 ,

1477 2985 1650 3033 iterum
1696 3000 1808 3031 cum
1849 2985 2031 3047 OEnna3
2075 2999 2228 3047 quum
2253 2985 2487 3033 Decianus

1477 3064 1561 3113 ille
1584 3064 1808 3113 tribunus
1831 3063 1988 3129 plebis
2017 3064 2168 3126 ,fiierit
2193 3074 2312 3128 post
2335 3066 2488 3112 Satur-

1477 3144 1584 3192 nini
1609 3154 1816 3191 mortem
1829 3178 1846 3203 ,
1893 3158 2004 3207 quae
2043 3142 2217 3192 macco
2255 3154 2306 3192 et
2337 3142 2484 3193 Mario

1477 3225 1549 3271 VI
1576 3236 1704 3273 coss.
1737 3224 1917 3271 evenit.
1957 3222 2104 3271 Unde
2137 3238 2244 3272 non
2283 3223 2484 3287 potuisse

1474 3301 1582 3351 fieri
1599 3336 1613 3362 ,
1643 3314 1700 3351 ut
1725 3304 1815 3367 qni
1841 3300 2018 3350 consul
2051 3314 2156 3350 erut
2183 3302 2302 3353 vivo
2331 3305 2484 3351 Satur-

1475 3384 1613 3441 nino,
1631 3394 1746 3447 post
1763 3382 1895 3431 illius
1919 3392 2124 3429 mortem
2143 3381 2300 3431 edilis
2317 3379 2483 3431 eurulis

1473 3461 1635 3511 fuerit.

1545 3542 1594 3591 5.
1631 3543 1839 3590 Praetor.
1866 3540 1982 3589 Fuit
2012 3540 2070 3589 1..
2094 3541 2319 3591 Valerius
2359 3552 2482 3605 pater

1473 3630 1654 3685 praetor
1670 3636 1803 3669 enno
1827 3622 1898 3669 U.
1919 3620 1979 3669 C.
2001 3620 2104 3669 658
2127 3656 2142 3680 ,
2192 3620 2366 3671 consul
2391 3618 2485 3667 sus-

1473 3701 1630 3749 feetus
1659 3716 1791 3749 enno
1813 3702 1882 3748 U.
1899 3701 2022 3763 667.
2563 3762 2565 3765 Α

1541 3780 1590 3829 6.
1605 3779 1887 3829 consistere.
1909 3781 2029 3828 Post
2048 3778 2348 3828 tribunatum
2363 3787 2484 3843 pater

363 3859 475 3909 beet
491 3895 506 3920 ,
530 3871 632 3909 erat
658 3871 789 3909 certe
807 3862 969 3910 verbis
993 3862 1183 3911 nullum
1202 3860 1384 3909 haben·
1469 3860 1714 3910 Decianus
1726 3858 1916 3921 judicio
1943 3858 2200 3908 damnatus
2225 3855 2467 3907 exsulavit.

364 3939 495 3989 tibus
518 3939 832 4005 preferenda,

432 4019 481 4065 3.
516 4016 787 4070 Veridicas.
810 4016 940 4067 cod.
970 4018 1203 4083 Stephan-
1240 4017 1391 4069 lubet

1548 3956 1596 4002 7.
1657 3940 1890 3987 Tribunus
1943 3938 2168 3987 militnm.
2227 3940 2481 4003 Imperautae

1479 4018 1686 4068 Servilio
1711 4020 1764 4067 in
1791 4018 1982 4067 cilicis.
