2594 4537
377 320 510 389 108

1009 322 1105 387 M.
1158 322 1237 387 T.
1290 318 1863 387 CICERONIS

363 442 423 513 si
459 465 547 511 ex
584 439 696 510 his
731 437 983 509 studiis
1023 438 1401 513 delectatio
1446 439 1597 511 sola
1637 450 2055 537 peteretur:
2094 451 2348 508 tamen
2372 491 2390 524 ,
2425 453 2495 507 ut

365 552 653 648 opinor,
692 548 879 620 hanc
917 550 1137 620 animi
1177 550 1676 622 adversionem
1702 560 1763 593 ¹⁰
1799 547 2394 619 humanissimam
2422 572 2498 618 ac

369 659 932 731 liberalissimam
957 659 1395 756 judicaretis.
1429 665 1611 734 Nam
1647 674 1900 731 ceterae
1933 682 2183 755 neque
2218 672 2495 753 tempo-

361 794 533 840 ·rum
563 786 732 841 sunt
750 779 839 858 ¹¹,
866 795 1104 869 neque
1129 784 1420 842 aetatum
1449 772 1778 842 omnium
1798 825 1819 858 ,
1848 793 2091 866 neque
2129 768 2453 839 locorum
2472 790 2493 831 τ

317 918 320 923 -
369 879 521 950 haec
557 878 791 951 studia
832 879 1388 954 adolescentiam
1434 882 1640 953 alunt
1662 892 1748 969 ¹²,
1796 893 2257 951 senectutem
2306 876 2499 948 oble-

368 1005 632 1080 ctant3·
661 991 1012 1064 secundas
1063 1018 1180 1065 res
1226 1007 1532 1082 ornant,
1584 991 1897 1064 adversis
1953 987 2373 1087 perfugium
2428 1010 2499 1056 ac

365 1102 694 1172 solatium
737 1100 1179 1201 praehent133
1217 1102 1579 1175 delectant
1617 1101 1857 1192 domi,
1893 1125 2051 1171 non
2094 1099 2501 1196 impediunt

368 1211 587 1303 foris3
655 1230 1087 1313 pernoctant
1117 1214 1529 1287 nobiscum
1551 1269 1571 1303 ,
1634 1216 2197 1313 peregrinantur
2218 1266 2239 1299 ,
2292 1212 2499 1281 rusti·

369 1338 646 1395 cantur.

462 1437 652 1506 VIII.
707 1436 927 1526 Quod
982 1439 1041 1508 si
1094 1437 1231 1534 ipsi
1286 1435 1440 1507 haec
1482 1460 1725 1533 neque
1776 1434 2135 1532 attingere
2162 1446 2219 1525 ¹,
2270 1456 2503 1530 neque

367 1569 587 1615 sensu
628 1561 884 1618 nostro
921 1562 1206 1642 gustare
1241 1570 1656 1643 possemus,
1696 1560 1942 1616 tamen
1975 1569 2061 1616 ea
2100 1545 2349 1614 mirari
2390 1542 2505 1611 de·

370 1652 745 1743 beremuS,
789 1660 1004 1727 etiam
1047 1679 1277 1753 quum
1332 1658 1407 1725 in
1462 1656 1615 1727 aliis
1662 1655 2097 1727 videremus.
2150 1656 2338 1744 Quis
2385 1677 2505 1722 no-

371 1778 597 1836 strum
661 1780 806 1835 tam
861 1768 1104 1838 animo
1164 1768 1469 1865 agresti‘²
1522 1792 1605 1837 ac
1650 1766 1838 1837 duro
1889 1764 2071 1855 fuit,
2132 1778 2218 1835 ut
2264 1763 2509 1857 ‚Roscii

373 1890 608 1946 morte
661 1901 898 1975 nuper
959 1902 1110 1948 non
1168 1878 1792 1948 commoveretur?
1839 1877 1986 1968 Qui
2048 1900 2287 1972 quum
2338 1885 2511 1945 esset
2561 1904 2563 1919 ·

367 2010 589 2057 senex
638 2002 969 2058 mortuus
996 2042 1015 2072 ,
1070 2002 1355 2075 tamen,
1410 2001 1707 2084 propter
1762 1985 2245 2057 excellentem
2289 2000 2507 2055 artem
2561 2058 2563 2081 ι

372 2120 454 2165 ac
477 2110 924 2167 venustatem
945 2151 964 2181 ,
989 2094 1372 2166 videbatur
1389 2096 1692 2165 omnino
1716 2098 1903 2165 mori
1924 2121 2079 2165 non
2106 2088 2506 2165 debuisse³.
2561 2186 2563 2189 Ι

369 2210 557 2304 Ergo
605 2207 722 2279 ille
771 2211 1098 2306 corporis
1148 2222 1357 2278 motu
1395 2220 1678 2277 tantum
1728 2228 2053 2276 amorem
2088 2202 2233 2276 sibi
2272 2204 2507 2276 conci-
2561 2200 2563 2261 ἱ

370 2318 575 2388 liarat
617 2343 658 2388 a
705 2315 920 2389 nobis
957 2315 1348 2388 omnibus:
1399 2341 1535 2387 nos
1589 2320 2000 2388 animorum
2050 2315 2511 2387 incredibiles
2561 2387 2563 2418 ÷

449 2566 524 2598 ιο.
581 2551 763 2597 Muret.
810 2553 926 2598 Var.
972 2551 1085 2598 lect.
1128 2554 1252 2610 ΧΠ,
1300 2555 1363 2600 ι5
1378 2586 1393 2612 ,

365 2629 485 2692 legit
506 2627 664 2676 animi
677 2629 1000 2687 aversionem3
1026 2631 1088 2678 aL
1111 2646 1138 2678 e
1161 2633 1269 2680 Laz.
1297 2632 1395 2678 Bo-

371 2707 549 2755 namici
562 2707 870 2767 conjectura,
885 2707 1393 2758 animirema‘ssae'onem.

372 2790 406 2836 J
410 2821 423 2834 .
443 2789 508 2833 V.
531 2789 586 2834 L.

447 2881 526 2911 ιι.
561 2866 736 2930 Neque
766 2876 1034 2929 temporum
1071 2879 1199 2914 sunt.
1242 2869 1395 2916 ,Iuris-

369 2942 627 3008 prudentia
656 2946 784 2992 enim
811 2955 862 2993 et
879 2946 1158 3010 eloquentia
1175 2982 1191 3009 ,
1218 2957 1272 2994 ut
1289 2947 1394 3010 ipse

367 3037 462 3086 pro
498 3023 704 3070 Murena
739 3022 894 3082 dixit,
928 3025 970 3071 si
1003 3023 1121 3072 belli
1157 3025 1395 3073 tumultus

366 3101 662 3163 increpuerit
682 3138 696 3161 ‚
709 3102 892 3163 jacent.
913 3103 974 3150 Et
989 3103 1081 3150 alia
1101 3113 1216 3150 suut
1233 3103 1395 3152 studia

312 3229 316 3234 ,
370 3178 492 3239 sori,
520 3179 612 3226 alis
639 3181 813 3238 curiae,
839 3181 931 3228 alia
953 3182 1119 3239 nabis,
1144 3181 1232 3229 alia
1253 3184 1391 3231 ruris.

433 3249 530 3304 ἰπ.
561 3257 726 3306 Alunt.
752 3258 980 3321 Quodam
1003 3259 1116 3308 cibo
1137 3263 1389 3311 nutriunt:

369 3348 425 3385 ut
445 3336 498 3381 in
517 3337 618 3385 Off.
638 3337 662 3384 1
675 3371 689 3395 ,
713 3339 798 3394 ³0,
814 3337 1062 3387 «hominis
1079 3351 1238 3388 autem
1257 3357 1393 3390 mens

367 3414 604 3464 discendo
629 3415 776 3464 alitur
797 3439 840 3465 n.
867 3418 1143 3482 Victorius,
1169 3421 1393 3470 Gravius

365 3506 417 3543 et
469 3495 660 3542 Ernesti
721 3511 786 3542 ex
825 3495 1068 3560 plerisque
1141 3498 1394 3548 codicibus

368 3595 394 3614 a
413 3583 564 3636 agunt
583 3595 625 3635 ι,
651 3574 790 3637 qnod
821 3585 1032 3622 suaserat
1057 3576 1281 3624 Muretus
1297 3611 1312 3635 ,
1337 3589 1395 3627 ut

365 3667 533 3699 seusus
546 3653 634 3700 sit:
655 3653 904 3715 subigunt,
923 3663 1105 3700 acuunt
1121 3652 1397 3703 adolescen-

369 3728 492 3776 tium
525 3729 788 3792 ingenium.
829 3733 1015 3792 Verum
1065 3745 1157 3778 nos
1197 3731 1395 3781 alteram

368 3809 562 3869 sequuti
593 3823 758 3855 sumus
785 3807 1080 3866 lectionem,
1114 3820 1173 3856 ut
1208 3810 1396 3875 simpli-

344 3877 550 3932 'ciorem
568 3921 582 3947 ,
601 3887 753 3948 magis
775 3887 1023 3935 Ciceronis
1048 3887 1247 3949 ingenio
1272 3905 1393 3937 con-

369 3972 646 4011 sentaneam
662 4002 678 4027 ,
704 3974 752 4011 et
779 3965 918 4028 quod
933 3963 1010 4012 his
1028 3981 1218 4028 semper
1234 3968 1395 4018 verbis

369 4057 394 4088 a
398 4039 504 4104 pud
521 4057 612 4089 nos
627 4042 767 4090 locus
783 4041 866 4089 ille
881 4042 944 4090 sit
961 4041 1192 4105 prolatus.
1207 4045 1240 4092 J
1242 4047 1323 4096 Ν.
1340 4051 1394 4098 L.

1560 2555 1638 2600 13.
1665 2555 1905 2604 Solarium
1918 2556 2165 2619 praebent.
2197 2559 2344 2606 Hanc
2367 2554 2511 2602 imita-

1484 2642 1562 2680 tus
1584 2637 1869 2682 sententiam
1888 2633 2079 2682 Plinius
2099 2636 2283 2696 junior
2305 2635 2369 2682 de
2390 2646 2513 2680 more
2561 2643 2563 2674 ε

1482 2710 1822 2774 amplificatam
1859 2711 2089 2761 subtilius
2123 2713 2344 2779 protulit
2378 2727 2393 2762 :
2428 2721 2513 2757 «et
2560 2709 2563 2732 ³

1483 2789 1713 2853 gandium
1752 2791 1873 2839 mihi
1908 2803 1959 2840 et
1985 2793 2225 2841 solatium
2260 2795 2315 2842 in
2342 2793 2513 2847 litet-iu
2561 2819 2563 2824 ·

1482 2867 1703 2932 nihilque
1718 2881 1818 2918 tam
1836 2871 2005 2920 laetum
2020 2905 2036 2928 ,
2061 2873 2207 2934 quod
2226 2872 2309 2920 his
2330 2873 2511 2926 loetmm
2560 2863 2563 2924 ζ

1482 2947 1608 2995 nihil
1626 2959 1723 2996 tam
1746 2951 1911 3011 triste,
1938 2951 2075 3013 quod
2105 2967 2214 2999 non
2242 2969 2337 3018 per
2360 2952 2446 2999 has
2461 2949 2512 2996 sit
2561 2959 2563 2962 '

1481 3027 1642 3072 minus
1668 3027 1807 3076 triste
1826 3051 1867 3076 n.
1888 3031 1983 3095 Ep.
2006 3025 2161 3090 v111,
2203 3047 2291 3094 19.

1550 3105 1690 3155 vm.
1755 3123 1799 3154 1.
1843 3108 2122 3174 Accingere.
2180 3113 2417 3160 Tractare
2456 3134 2513 3146 -
2561 3137 2563 3140 ·

1484 3184 1713 3234 Gustare.
1755 3189 2010 3253 Percipere
2056 3192 2197 3257 vim,
2243 3192 2515 3240 suavitatem

1482 3261 1775 3313 studiorum.

1557 3355 1606 3388 a.
1645 3342 1855 3406 Agr-esti.
1892 3344 2095 3394 Inculto
2134 3359 2188 3395 et
2224 3347 2515 3402 inhumano,

1484 3419 1685 3482 quinon
1704 3421 1844 3468 facile
1858 3421 1921 3469 ad
1938 3422 2147 3488 pulchra
2167 3435 2516 3475 commovetur.
2561 3433 2563 3444 '

1556 3497 1609 3544 3.
1638 3499 1772 3546 Mori
1789 3517 1890 3548 non
1913 3502 2159 3553 debuisse.
2190 3507 2273 3553 De
2290 3505 2459 3556 Roscii
2475 3504 2516 3549 in

1482 3575 1768 3624 histrionice
1790 3589 1892 3627 arte
1919 3582 2166 3646 principis
2191 3596 2246 3634 et
2265 3585 2517 3634 virtutibus

1484 3664 1534 3702 et
1557 3653 1813 3704 honestate
1835 3659 1950 3706 vide
1976 3678 2072 3724 pro
2102 3665 2289 3725 Quint.
2320 3681 2427 3729 αι).
2446 3661 2517 3710 2⁵.

1484 3734 1559 3780 De
1584 3731 1681 3780 hoc
1700 3735 1800 3794 jam
1824 3753 1958 3785 anno
1991 3741 2096 3788 662
2128 3743 2346 3793 Crassus
2373 3753 2518 3792 orator

1484 3811 1617 3874 apud
1644 3811 1931 3864 Ciceronem
1958 3819 2226 3877 judicabat
2262 3845 2290 3866 «ι
2307 3825 2405 3872 hoc
2434 3824 2518 3883 jam

1484 3889 1571 3936 din
1584 3899 1655 3937 est
1670 3907 2025 3958 consequutus,
2038 3911 2116 3958 nt,
2134 3903 2189 3949 in
2206 3919 2315 3966 quo
2334 3905 2520 3969 quisque

1482 3965 1693 4015 artificio
1726 3973 2016 4036 excelleret,
2048 3979 2093 4026 is
2127 3980 2186 4028 in
2228 3999 2327 4033 sno
2367 3997 2521 4048 genere

1484 4046 1690 4096 Roscius
1714 4048 2020 4104 diceretur».
2042 4059 2135 4107 Or.
2162 4063 2217 4123 1,
2238 4065 2311 4112 28
2329 4098 2345 4124 ,
2371 4079 2453 4125 ²9·
