2594 4537
387 301 1121 374 COMMENTARIUS
1171 303 1486 374 SCHOL.
1537 303 1925 376 AMBROS.
2083 331 2112 378 1
2127 307 2216 380 25

188 420 363 482 Etiam
388 421 505 481 hoc
530 437 868 501 argumento
900 423 1274 484 deficiebatur
1295 424 1536 486 Archias
1562 449 1577 484 ε
1607 413 1713 486 nee
1738 439 1968 507 poterat
2003 429 2054 490 is
2077 451 2222 510 pro·-

128 517 246 576 bare
260 561 277 590 ‚
315 539 444 577 cum
472 521 679 578 ceteris
705 519 931 580 civibus
955 523 1208 581 romanis
1232 522 1388 601 apud
1414 522 1862 601 praecedentium
1899 539 2226 606 temporum

130 635 363 676 censores
405 615 562 675 bona
600 636 705 676 sua
750 618 1093 696 professum.
1134 623 1211 679 Et
1250 619 1365 678 hoc
1411 621 1705 680 coloratur
1751 621 2023 684 absentiae
2062 625 2227 684 adle-

130 711 293 770 ctione
313 713 396 790 (1)
412 757 431 788 ,
456 713 616 791 quod
648 735 779 774 eum
810 727 1033 774 constet
1058 715 1170 774 illis
1200 716 1536 776 censoribus
1561 729 1622 776 et
1640 721 1842 778 Romae
1869 739 1990 780 non
2015 720 2190 782 fuisse
2206 765 2226 796 ‚

128 829 183 866 ac
209 824 516 890 propterea
546 831 780 871 censum
811 833 931 871 non
958 812 1246 876 detulisse.

209 983 268 1056 3.
312 990 498 1058 Cum
534 993 614 1059 L.
648 988 955 1060 Lucullo
992 988 1186 1087 apud
1221 993 1618 1061 exercitum
1651 987 1889 1078 fuisse.

192 1130 250 1184 In
275 1127 409 1186 Asia
436 1127 653 1188 scilicet
678 1141 937 1208 tempore
962 1127 1103 1188 belli
1128 1127 1527 1188 Mithridatici.

204 1309 265 1392 [4.
308 1309 398 1377 Et
430 1321 935 1378 testamentum
971 1329 1155 1406 saepe
1198 1304 1368 1378 fecit
1407 1307 1672 1378 nostris
1703 1306 2007 1404 legibus.

190 1453 235 1505 A
258 1447 519 1525 partibus
545 1447 620 1507 ad
648 1460 852 1507 totum.
879 1446 1077 1508 Rebus
1102 1448 1275 1525 gestis
1303 1447 1740 1526 quamplurimis
1767 1449 2044 1509 Archiam
2066 1449 2227 1531 signa

131 1540 344 1602 edidisse
372 1544 515 1602 civis
540 1549 609 1606 R.
633 1563 763 1622 quae
791 1563 909 1602 non
933 1557 1165 1622 poterat
1187 1543 1408 1605 habere
1436 1544 1791 1623 peregrinus.

202 1723 313 1790 VI.
366 1721 742 1810 Quantum
780 1719 1095 1817 denique
1137 1683 1308 1793 aleae
1349 1735 1704 1819 quantum
1752 1720 1912 1820 pilae
1940 1728 2046 1810 (2).

191 1871 327 1928 Sunt
351 1869 507 1928 enim
530 1870 683 1942 haec,
710 1881 776 1928 ut
796 1867 1386 1948 vulgo'eomperimus
1401 1911 1419 1943 ,
1449 1889 1661 1949 genera
1687 1870 1928 1930 ludendi
1950 1870 2056 1950 (3).

195 2057 386 2136 ‚VIIL
417 2055 599 2145 Quis
630 2055 869 2124 animo
900 2068 1047 2125 tam
1076 2033 1338 2151 agresti
1373 2069 1446 2126 et
1477 2053 1662 2126 duro
1690 2053 1864 2142 fuit,
1895 2071 1982 2126 ut
2011 2060 2222 2129 Rosci

129 2177 335 2235 morte
370 2187 521 2234 non
562 2164 1020 2235 moveretur?

198 2306 462 2377 Quintum
485 2304 759 2363 Roscium
788 2304 1017 2365 Gallum
1042 2303 1186 2361 dicit
1212 2303 1324 2362 illis
1350 2302 1706 2382 temporibus
1723 2304 2002 2364 illustrem
2027 2306 2232 2366 comici

86 2398 95 2405 ’
132 2401 299 2476 operis
325 2415 622 2461 auctorem
647 2399 731 2479 (l.)
750 2444 769 2474 ,
791 2420 967 2479 quem
1004 2399 1444 2478 familiarissime
1485 2401 1688 2460 Cicero
1719 2401 1954 2473 dilexit,
1985 2404 2088 2482 qui
2115 2424 2234 2463 nou

130 2508 199 2551 ‘ta
209 2496 289 2575 (5)
320 2498 549 2577 pridem
580 2498 699 2557 vita
711 2509 1066 2557 excesserat.

214 2676 329 2745 IX.
364 2672 493 2744 Ille
514 2676 783 2745 Marius
808 2671 999 2745 idem
1020 2688 1105 2770 (6)
1129 2673 1386 2744 eximie
1403 2676 1482 2744 L.
1503 2673 1838 2745 Clodium
1853 2682 1940 2763 (7)
1962 2674 2229 2747 dilexit.

130 2887 302 2938 reduxit
314 2924 331 2951 ,
347 2904 504 2954 eoque
523 2889 723 2939 crimine
742 2888 995 2937 damnum
1018 2898 1107 2937 eet.
1120 2889 1153 2936 J
1154 2904 1231 2936 am
1242 2887 1350 2937 hoee
1367 2888 1525 2936 oratio
1547 2888 1694 2954 vulgo
1713 2888 1930 2939 ereditur
1949 2888 2078 2939 dieta
2101 2906 2231 2941 anno

134 2976 261 3025 Urbis
282 2978 405 3042 693.
432 2972 589 3041 Igitur
612 2977 691 3026 vel
710 2985 926 3043 tempora
943 2975 1197 3041 perturbat
1220 2986 1389 3025 noster
1412 2977 1650 3042 interpres
1665 3011 1682 3039 ,
1697 2989 1844 3041 atque
1872 2977 1934 3025 de
1961 2978 2058 3027 alio
2086 2978 2237 3028 Gabi·

132 3064 201 3109 nio
220 3064 429 3129 loquitur
449 3065 622 3114 Cicero
636 3102 653 3130 ,
673 3074 731 3114 ut
750 3064 973 3114 censebat
990 3064 1191 3129 quidam
1213 3064 1396 3113 amicus
1419 3080 1571 3125 meus,
1583 3064 1664 3112 vel
1681 3063 1788 3113 haee
1807 3065 1966 3113 oratio
1981 3065 2232 3130 aliquanto

134 3152 263 3201 serius
285 3170 313 3203 a
336 3155 574 3206 Cicerone
612 3154 743 3203 dicta
770 3164 877 3203 est:
903 3152 985 3201 cni
1011 3153 1261 3203 sententie
1289 3153 1484 3202 obstare
1507 3151 1740 3201 videntur
1765 3169 1822 3202 ea
1860 3170 1970 3217 qne
1999 3170 2064 3201 ex
2086 3154 2236 3216 hujus

135 3240 345 3291 omioni·
381 3258 489 3308 ap.
520 3240 551 3293 5
592 3241 717 3289 «neit
746 3241 1004 3289 Fabricius
1034 3240 1086 3288 in
1114 3239 1370 3289 Ciceronis
1393 3240 1498 3289 vin
1519 3238 1584 3287 ιιι
1606 3255 1790 3289 mum
1813 3240 1962 3289 mhi·
1989 3242 2089 3305 ⁶92
2127 3236 2236 3305 (seu
2325 3222 2334 3231 ’

136 3328 279 3387 potius
304 3332 451 3397 693),
475 3331 653 3379 Pisone
678 3341 727 3379 et
752 3329 979 3379 Messalla
999 3345 1127 3379 coes.
1147 3331 1210 3378 A.
1232 3330 1308 3378 M.

192 3416 261 3481 (1)
292 3420 461 3469 Codex
484 3421 558 3469 sie
584 3420 891 3477 adlectione,
926 3436 1019 3469 nee
1041 3420 1187 3471 male.
1209 3420 1274 3469 A.
1296 3418 1376 3468 M.

190 3503 261 3571 (α)
284 3510 379 3557 Pro
404 3510 511 3561 hoc,
530 3519 667 3559 textu:
688 3508 846 3557 eodex
870 3509 1043 3559 habet:
1067 3508 1236 3571 ·Quia
1257 3506 1428 3573 eloqui
1443 3506 1600 3572 pila»,
1617 3508 1998 3573 corruptissime.
2014 3509 2078 3556 A.
2093 3508 2165 3555 M.

192 3593 263 3659 (3)
284 3598 432 3645 Pravo
456 3612 549 3661 ego
574 3596 801 3647 dederam
817 3598 869 3645 in
890 3597 1111 3663 principe
1136 3597 1353 3647 editione
1377 3594 1628 3644 ludorum.
1647 3592 1710 3644 Δ.
1739 3596 1820 3645 Μ.

192 3679 262 3745 (4)
296 3686 367 3733 Ita
388 3684 503 3734 eod.
523 3697 789 3736 auctorem.
808 3684 921 3735 Nisi
946 3686 1071 3735 forte
1098 3684 1410 3735 scribendum
1434 3694 1510 3734 est
1535 3694 1766 3733 aeeonm.
1780 3684 1843 3731 A.
1855 3683 1926 3732 M.

193 3768 259 3835 (5)
282 3771 492 3821 Codex·
470 3774 595 3838 aqui
624 3788 755 3822 non.
799 3788 853 3821 .a
881 3772 1133 3838 pridem»,
1159 3772 1330 3821 relicto
1359 3770 1588 3837 spatiolo.
1619 3770 1792 3819 Visum
1813 3779 1887 3819 est
1906 3768 2234 3834 supplendum

139 3851 207 3903 ‘'la-
234 3860 299 3909 Δ.
324 3860 396 3909 Μ.

195 3937 265 4009 (6)
291 3950 508 3999 Fortasse
534 3948 873 4015 corrigendum
899 3948 1040 4012 item,
1066 3958 1121 3998 ut
1139 3949 1379 3999 editiones
1397 3946 1596 3998 habent.
1615 3950 1682 3998 A.
1705 3948 1781 3997 Μ.

198 4027 263 4095 (7)
292 4034 457 4087 Codex
485 4048 649 4104 aperte
680 4040 736 4089 l..
757 4037 990 4089 Olodmm.
1014 4038 1079 4088 Et
1103 4036 1303 4102 quidem
1321 4034 1519 4111 Οζοᾱίιιε
1543 4032 1650 4101 (sed
1678 4050 1790 4086 oum
1819 4034 2116 4101 praenomine
2131 4034 2239 4081 Ser-
