2594 4537
641 289 1026 358 ORATIO
1074 291 1276 358 PRO
1320 287 1623 356 DoMo
1672 285 1893 354 suA.
2176 290 2321 383 409

195 409 449 480 omnia
497 408 744 481 subire
793 408 1453 482 conservandorum
1504 407 1767 477 civium
1819 429 2064 488 causa,
2106 421 2323 506 atque

197 522 337 606 ita,
369 535 454 590 ut
473 519 807 592 dolenter
844 519 1032 591 absis
1055 575 1078 608 ‚
1115 544 1265 590 non
1291 533 1439 590 tam
1466 519 1749 616 sapiens
1768 572 1788 604 ‚
1822 541 2040 613 quam
2072 518 2157 606 ii,
2198 523 2326 615 qui

199 627 384 699 nihil
432 645 727 712 curant,
772 628 916 701 sed·
956 645 1100 700 tam
1153 651 1401 700 amans
1449 642 1742 697 tuorum
1789 650 1869 696 ac
1907 629 2059 713 tui,
2106 649 2355 724 quam·

201 745 612 810 communis
653 739 1060 810 humanitas
1099 738 1465 836 postulat:
1518 761 1603 808 ea
1647 735 1801 806 laus
1840 735 2173 834 praeclara
2217 749 2325 806 at·

199 873 350 945 que
387 849 644 920 divina.
687 853 868 920 Nam
910 852 1038 946 qui
1075 873 1193 936 ea,
1243 873 1403 945 quae
1451 869 1851 944 numquam
1900 869 2063 918 cara
2102 869 2184 916 ac
2215 846 2327 940 ju-

197 957 442 1030 cunda
493 957 734 1048 duxit,
787 960 1030 1030 animo
1070 983 1282 1056 aequo
1320 954 1737 1055 reipublicae
1774 981 1984 1028 causa
2018 955 2283 1028 deserit
2303 1010 2323 1044 ,

197 1067 474 1139 nullam
517 1067 1074 1140 benivolentiam
1111 1069 1467 1165 insignem
1516 1069 1593 1136 in
1630 1063 2149 1164 rempublicam
2196 1062 2323 1134 de-

197 1175 472 1246 clarat:
521 1179 652 1274 qui
707 1193 954 1250 autem
1007 1202 1091 1249 ea
1154 1178 1543 1274 relinquit,
1602 1174 2017 1272 reipublicae
2070 1199 2280 1246 causa
2303 1229 2323 1261 ‚

195 1309 240 1356 a
277 1286 546 1383 quibus
579 1312 746 1359 cum
781 1313 1066 1360 summo
1098 1286 1349 1360 dolore
1380 1285 1765 1375 divellitur,
1800 1289 1867 1357 ei
1900 1286 2124 1383 patria
2158 1309 2321 1355 cara

193 1411 344 1484 est,
384 1399 590 1494 cujus
629 1400 930 1472 salutem
981 1400 1254 1470 caritati
1302 1401 1681 1496 anteponit
1716 1417 2033 1466 suorum.
2080 1395 2322 1484 Quare

193 1546 264 1594 ad
287 1547 564 1610 IVQuaest.
605 1550 743 1598 Pauli
780 1562 817 1601 t.
839 1553 903 1610 V,
935 1567 1044 1616 pag.
1083 1551 1215 1613 9883

195 1628 378 1673 Parcus
399 1626 450 1672 in
477 1630 595 1675 Lex.
628 1629 754 1678 Crit.
773 1646 828 1693 p.
860 1629 1212 1692 1093Gmher.

196 1705 282 1766 11,
305 1702 367 1750 de
391 1719 424 1766 9
447 1707 592 1756 Pont.
616 1721 647 1768 9
665 1721 682 1767 ς
703 1709 752 1756 J.
779 1713 832 1756 F.
856 1709 1140 1758 Gronovius
1153 1707 1218 1774 qd

197 1781 308 1831 Liv-
331 1783 397 1842 11,
422 1799 473 1846 93
491 1784 722 1832 Ernestus
751 1786 803 1833 iu
831 1787 942 1835 Ind.
974 1787 1218 1836 Gesner-us

193 1859 250 1906 iu
275 1859 422 1909 Thes.
461 1865 515 1910 1..
549 1864 604 1910 1..
639 1866 831 1912 Horum
857 1863 1075 1928 plerique
1103 1881 1216 1912 cum

199 1939 540 1989 Hottomanno
563 1952 692 1990 recte
719 1952 1008 2002 statuerunt,
1033 1957 1217 1990 merce-

197 2017 312 2064 dem
325 2051 344 2078 ,
381 2021 614 2083 pretium,
639 2022 906 2085 impensam
933 2022 1115 2069 funeris
1139 2022 1214 2068 in-

201 2096 378 2160 telligi,
405 2097 490 2145 sed
509 2115 571 2146 ex
587 2099 686 2146 loci
703 2115 864 2160 sensu,
885 2115 987 2147 non
1004 2116 1064 2146 ex
1079 2099 1215 2147 verbi

191 2175 454 2239 explorata
475 2178 680 2226 ratione.
702 2179 828 2228 Nam
849 2178 898 2226 id
919 2178 1114 2241 quidem
1133 2177 1218 2225 ad-

195 2255 298 2305 huc
325 2253 585 2304 obscurum
611 2272 724 2305 reor
765 2273 778 2307 ε
805 2257 860 2306 in
893 2274 994 2321 quo
1015 2258 1216 2306 Mattius

195 2343 250 2381 et
263 2333 524 2383 Abramius
542 2336 849 2385 vehementer
861 2349 1100 2399 errarunt,
1111 2338 1217 2386 aliis

199 2422 299 2460 tam
327 2430 498 2477 parum
521 2416 798 2479 explanatio
825 2417 1063 2480 processit
1077 2452 1094 2480 ,
1111 2427 1166 2465 ut
1179 2417 1216 2463 ii

195 2490 458 2541 videantur
476 2494 646 2543 fecisse
668 2494 974 2558 prudentius,
989 2496 1091 2559 qui,
1113 2512 1216 2545 rem

195 2587 352 2635 quum
367 2571 579 2621 viderint
597 2610 614 2636 ‚
641 2574 703 2622 de
719 2574 872 2623 verbo
899 2574 1094 2623 solliciti
1113 2591 1215 2624 non

195 2650 416 2699 fixerunt.
449 2655 686 2699 Heuman-
720 2652 785 2699 ad
821 2666 929 2718 cap.
963 2669 990 2714 7
1030 2654 1080 2701 iu
1098 2656 1210 2703 Sen.

195 2728 438 2776 Consules
453 2761 468 2788 ,
497 2741 741 2794 tamqnam
766 2731 820 2779 in
837 2731 984 2779 bonis
999 2732 1212 2796 reipubl.

195 2806 463 2855 coheredes
481 2842 496 2867 ,
527 2810 726 2857 arbitria
759 2808 948 2859 familie
971 2811 1214 2859 erciscun-

195 2884 276 2933 dae
292 2921 308 2946 ,
331 2884 543 2935 debitam
569 2887 796 2935 nimirum
819 2906 882 2936 ex
909 2888 1076 2937 arbitri
1112 2907 1215 2938 sen-

197 2966 352 3027 tentia,
385 2968 660 3029 portionem
688 2968 956 3031 accepisse,
973 2968 1212 3033 interpre-

197 3054 347 3093 tatur.
370 3044 467 3093 Sed
493 3047 558 3093 ita
583 3060 755 3095 vocem
770 3046 960 3109 fimet-is
987 3048 1216 3113 expedire

197 3138 304 3171 non
355 3126 534 3188 potuit.
583 3126 814 3188 Cujacius
867 3137 914 3175 et
959 3128 1215 3179 Turnebus

199 3202 220 3263 (
242 3202 382 3266 apud
404 3219 530 3266 quoa
559 3204 682 3252 male
707 3204 885 3270 legitur
908 3206 1214 3271 arbitr-aria),

195 3282 338 3344 quod
373 3282 554 3331 funeris
589 3284 768 3333 modus
788 3320 804 3347 ,
829 3296 900 3345 511,
917 3286 1134 3349 impensa
1161 3287 1212 3335 in

193 3360 401 3421 alicuius
417 3361 671 3411 arbitrium
695 3373 980 3413 testamento
1005 3365 1216 3413 conferri

195 3439 402 3501 soleret,
449 3440 638 3489 idcirco
681 3442 934 3506 pecuniam
969 3443 1020 3491 in
1069 3444 1216 3493 funus

193 3528 444 3583 erogatam
459 3554 474 3577 ‚
491 3520 628 3583 quasi
643 3521 810 3569 arbitri
828 3522 1216 3583 aestimationem,

193 3597 450 3646 arbitrium
486 3600 716 3663 appellari
751 3601 1033 3652 censebant.
1085 3604 1216 3651 Gro-

193 3678 374 3725 novius
396 3678 522 3724 hanc
540 3678 842 3727 locutionem
860 3681 926 3729 ad
937 3691 1092 3730 certas
1107 3682 1216 3729 illas

195 3758 457 3819 pensiones
483 3757 668 3819 retulit,
689 3758 866 3823 quibus
894 3776 921 3808 a
939 3760 1215 3824 publicanis

191 3836 264 3883 rei
299 3835 504 3898 alicujus
523 3837 793 3888 vendendas
815 3840 1066 3888 arbitrium
1089 3840 1216 3889 redi-

191 3914 434 3975 mebatur,
459 3926 516 3963 ut
541 3932 685 3965 omne
706 3918 768 3966 ad
804 3920 938 3983 ipsos
971 3934 1034 3967 ex
1073 3938 1128 3968 ea
1163 3938 1214 3968 re

189 3996 206 4041 1
211 4010 382 4043 uerum
402 3994 710 4047 redundaret.
721 3999 846 4058 'Ejus
855 3999 1042 4049 arbitrii
1054 3990 1214 4049 minz

1305 1548 1443 1613 plum
1464 1549 1610 1598 babet
1634 1547 1837 1596 Alfenus
1850 1547 2004 1593 Varus
2020 1547 2073 1594 in
2090 1542 2323 1592 Pandect.

1303 1630 1554 1686 xxxa,
1591 1635 1643 1688 4,
1675 1628 1769 1675 15:
1786 1626 2059 1675 Obscurum
2079 1621 2321 1672 Gronovii

1304 1707 1489 1756 dictum
1524 1723 1651 1756 unus
1670 1704 1975 1770 interpretari
2001 1714 2204 1750 conatus
2220 1702 2317 1748 Ge-

1302 1802 1469 1835 merus
1491 1798 1581 1848 est,
1604 1785 1913 1851 pretiumque
1934 1783 2191 1840 intellexit,
2217 1793 2319 1843 quo

1300 1865 1479 1913 Clodio
1496 1865 1734 1928 rempubl.
1756 1863 2071 1912 funerandam
2090 1858 2317 1908 consules

1300 1943 1610 1992 addixerunt.
1630 1943 1781 1991 Sedis
1798 1939 2001 1990 mirifice
2014 1957 2115 1988 rem
2126 1953 2319 1987 omnem

1297 2021 1565 2085 implicavit
1576 2053 1595 2080 ,
1612 2036 1755 2083 quam
1770 2036 1819 2067 se
1834 2019 2074 2066 declarare
2094 2015 2316 2082 putabat.

1300 2099 1429 2147 mud
1456 2098 1654 2162 quidem
1693 2107 1990 2161 compertum
2034 2105 2132 2155 est,
2178 2091 2314 2157 quod

1299 2193 1445 2226 nerno
1474 2177 1682 2226 attendit
1697 2210 1711 2235 ,
1733 2176 1882 2223 locari
1908 2177 2077 2224 funera
2100 2187 2311 2221 consue-

1299 2256 1445 2307 visse.
1470 2255 1599 2305 vide
1624 2256 1907 2305 Kirchmau.
1928 2254 1987 2303 de
2008 2255 2181 2301 Funer.
2200 2253 2242 2311 1,
2261 2264 2316 2313 9.

1301 2339 1425 2387 Cum
1452 2335 1756 2396 libitinariis‚
1795 2346 1850 2383 ut
1884 2334 1937 2381 in
1962 2350 2065 2381 eam
2086 2344 2317 2395 pompam

1302 2416 1461 2465 omnia
1480 2413 1768 2479 preberent,
1794 2424 1923 2461 certa
1942 2412 2161 2461 mercede
2183 2409 2317 2475 paci-

1300 2494 1533 2545 scendum
1558 2504 1675 2543 erat.
1697 2495 1809 2544 Jam
1833 2493 1939 2541 haec
1966 2507 2149 2539 merces
2182 2490 2313 2537 καὶ·

1300 2575 1453 2625 matio
1473 2584 1573 2623 erat
1592 2574 1851 2623 multarum
1868 2582 1916 2619 et
1934 2587 2116 2630 rerum,
2134 2580 2183 2619 et
2200 2585 2316 2633 ope-

1297 2671 1473 2703 rarum.
1513 2654 1645 2702 Socii
1693 2651 2038 2700 conductionis
2086 2649 2316 2697 videntur

1297 2734 1447 2783 fuisse
1459 2735 1816 2797 dissignatores,
1832 2728 2203 2795 quosfimerum
2226 2743 2315 2775 ar·

1295 2814 1445 2864 biems
1469 2812 1795 2861 Tertullianus
1821 2808 2033 2874 appellat
2057 2807 2119 2857 de
2148 2809 2313 2873 Spect.

1305 2908 1369 2940 xo
1384 2926 1399 2951 ,
1420 2889 1650 2955 quoniam
1676 2890 1728 2934 in
1750 2888 2119 2951 libitinariorum
2152 2886 2315 2949 operis

1299 2986 1385 3019 eos
1408 2986 1513 3018 non
1548 2968 1693 3016 fuisse
1721 2966 1903 3015 docent
1926 2966 2104 3013 tabule
2124 2964 2313 3013 Heracl.

1297 3066 1413 3115 pag.
1440 3048 1559 3104 415.
1586 3045 1713 3095 Ludi
1740 3056 1899 3093 autem
1936 3043 2207 3107 gladiatorii
2233 3059 2317 3091 ac-

1301 3127 1537 3177 cedebant
1556 3158 1571 3185 ,
1595 3127 1746 3173 immo
1772 3125 1913 3171 etiam
1934 3122 2131 3186 epulum
2150 3122 2315 3185 publi-

1301 3224 1413 3256 cum
1452 3206 1503 3253 in
1529 3202 1836 3269 amplissimis
1854 3238 1871 3264 ‚
1898 3217 2007 3264 qum
2042 3201 2141 3247 huc
2177 3200 2317 3248 decet

1299 3288 1493 3345 referre,
1504 3282 1771 3333 funeribus.
1787 3280 1923 3346 Quid
1934 3280 2103 3328 nihaec
2118 3295 2315 3344 quoqne

1299 3368 1456 3417 locata
1475 3366 1653 3413 suerint
1664 3364 1687 3411 Ρ
1708 3365 1847 3411 Hauc
1866 3360 2143 3409 mercedum
2159 3361 2315 3408 varie·-

1301 3458 1449 3496 tatem
1488 3446 1693 3493 fortasse
1737 3440 1920 3489 iudicat
1961 3441 2135 3490 Cicero
2151 3475 2167 3499 ,
2197 3440 2313 3486 dnm

1302 3544 1403 3577 non
1438 3524 1695 3574 arbitrium
1724 3522 1845 3571 dicit
1860 3556 1877 3583 ,
1900 3536 2069 3569 verum
2094 3519 2313 3568 arbitria.

1304 3606 1537 3657 Consules
1552 3620 1697 3669 ergo,
1718 3613 1961 3666 tamquam
1985 3599 2167 3647 funeris
2198 3597 2320 3661 reip.

1304 3684 1646 3743 conductores,
1673 3682 1915 3744 iidemque
1933 3676 2117 3735 arbitri,
2128 3674 2321 3739 amplis-

1304 3766 1489 3825 simam,
1504 3778 1647 3827 qnam
1666 3762 1759 3825 ipsi
1776 3761 2003 3816 fecerant,
2022 3756 2127 3815 ejus
2136 3754 2317 3802 funeris

1304 3841 1669 3891 aestimationem
1692 3856 1721 3887 a
1742 3837 1935 3893 Clodio,
1961 3844 2117 3882 morte
2138 3832 2217 3881 illa
2232 3832 2317 3881 vix

1304 3922 1455 3979 obita,
1483 3920 1813 3985 postularunt,
1828 3914 2107 3982 provincias
2124 3927 2313 3975 nempe,

1303 4013 1351 4050 et
1376 4016 1487 4065 qua·
1518 4000 1635 4049 alibi
1662 4003 2115 4048 commemorantur.
