2594 4537
319 244 460 319 558
955 242 1053 311 M.
1106 244 1186 311 T.
1239 244 1801 317 CICERONIS

310 388 598 467 rogasse
619 366 674 456 ³,
711 370 776 438 si
823 364 916 437 de
954 379 1319 461 quaestura
1352 390 1512 439 mea
1556 364 1831 439 dixero.
1870 370 2219 458 Quamvis
2264 373 2487 443 enim

311 480 432 552 illa
461 477 826 561 floruerit,
867 490 1110 547 tamen
1145 496 1313 547 eum
1340 500 1461 547 me
1487 491 1739 573 postea
1763 474 1986 549 fuisse
2020 480 2097 549 in
2130 484 2489 557 maximis

313 591 632 689 imperiis
651 590 684 639 ⁴
743 582 1080 675 arbitror,
1127 601 1216 658 ut
1267 612 1420 658 non
1474 590 1575 659 ita
1622 586 1804 659 mihi
1856 587 2173 661 multum
2228 593 2332 665 sit
2384 618 2481 664 ex

314 716 688 827 quaesturae
719 695 932 769 laude
966 694 1495 795 repetendum·
1540 694 1671 769 sed
1708 711 1949 769 tamen
1986 722 2143 769 non
2176 723 2479 789 vereor,

313 838 408 885 ne
443 813 609 908 quis
639 806 900 879 audeat
927 805 1204 895 dicere,
1233 807 1504 881 ullius
1486 834 1561 878 m
1596 796 1831 879 Sicilia
1863 824 2313 905 quaesturam
2342 826 2481 883 aut

317 922 708 1018 gratiorem
729 970 750 1007 ,
803 931 929 989 aut
993 918 1375 991 clariorem
1419 917 1661 991 fuisse.
1714 923 1905 991 Vere
1952 918 2421 995 mehercules
2442 921 2477 965 ⁵

313 1034 458 1103 hoc
483 1029 718 1101 dicam
747 1054 762 1098 :
799 1028 902 1099 sic
931 1041 1090 1099 tum
1117 1028 1611 1101 existimabam
1628 1082 1649 1116 ,
1681 1028 1865 1101 nihil
1894 1029 2227 1102 homines
2256 1032 2473 1105 aliud

313 1148 598 1229 Romae,
655 1140 790 1209 nisi
836 1136 928 1211 de
983 1152 1347 1235 quaestura
1402 1164 1561 1211 mea
1585 1193 1606 1228 ‚
1666 1140 1893 1237 loqui.
1958 1145 2341 1213 Frumenti
2390 1145 2473 1214 in

313 1274 596 1325 summa
629 1250 920 1321 caritate
955 1251 1351 1321 maximum
1390 1273 1777 1321 numerum
1824 1251 2195 1339 miseram3
2230 1277 2471 1351 nego-

311 1357 692 1433 tiatoribus
750 1357 974 1429 comis
995 1410 1018 1445 ,
1066 1357 1593 1431 mercatoribus
1630 1360 1869 1455 justus
1890 1414 1911 1449 ,
1966 1362 2472 1461 municipibus

313 1470 628 1545 liberalis
651 1520 672 1555 ,
729 1469 940 1539 sociis
997 1464 1369 1539 abstinens
1394 1522 1415 1555 ‚
1467 1468 1811 1541 omnibus
1870 1495 2067 1542 eram
2124 1473 2328 1543 visus
2388 1476 2469 1544 in

311 1582 514 1655 omni
539 1576 784 1651 officio
811 1575 1423 1673 diligentissimus.
1450 1580 1853 1677 Excogitati
1875 1579 2223 1678 quidam⁶
2248 1598 2471 1655 erant

313 1720 354 1765 a
409 1690 662 1764 Siculis
708 1686 1028 1758 honores
1081 1687 1412 1759 inauditi.
1474 1694 1730 1786 Itaque
1788 1688 1925 1762 hac
1980 1716 2109 1791 spe
2156 1691 2467 1765 decede-

315 1805 526 1887 bam,
562 1813 648 1870 ut
686 1795 865 1867 mihi
918 1797 1276 1895 populum
1313 1820 1697 1873 romanum
1734 1801 1929 1873 ultro
1968 1804 2214 1875 omnia
2256 1802 2459 1877 dela-

315 1929 562 1984 turum
613 1922 968 2007 putarem.
1021 1910 1118 1979 At
1168 1932 1306 2007 ego
1326 1960 1345 1997 ‚
1386 1934 1619 2007 quum
1660 1934 1831 1983 casu
1878 1910 2139 1985 diebus
2172 1915 2305 2001 iis,
2342 1917 2457 1985 iti·

311 2022 506 2093 neris
543 2015 850 2091 faciendi
886 2040 1136 2105 causa,
1173 2016 1533 2091 decedens
1564 2045 1607 2092 e
1642 2022 2043 2119 provincia,
2076 2025 2457 2097 Puteolos⁷

308 2132 496 2205 forte
525 2132 880 2201 venissem
898 2181 919 2216 ,
953 2152 1182 2226 quum
1214 2130 1508 2228 plurimi
1534 2146 1607 2202 et
1634 2130 2010 2205 lautissimi
2032 2134 2273 2206 solent
2300 2160 2461 2209 esse

309 2247 386 2316 in
423 2244 512 2314 iis
541 2240 768 2327 locis;
804 2237 1092 2312 concidi
1124 2262 1369 2337 paene,
1400 2239 1715 2337 judices,
1746 2266 1979 2340 quum
2012 2267 2102 2315 ex
2136 2268 2259 2318 me
2286 2246 2457 2344 qui-

307 2355 474 2428 dam
515 2353 922 2451 quaesisset,
968 2374 1119 2447 quo
1167 2348 1286 2423 die
1326 2357 1555 2424 Roma
1580 2358 1916 2440 exissem,
1956 2369 2033 2426 et
2060 2380 2245 2426 num
2272 2357 2451 2455 quid

311 2469 388 2536 in
424 2489 507 2536 ea
543 2476 730 2534 esset
761 2457 1004 2532 noviss.
1033 2464 1170 2533 Cui
1197 2485 1429 2560 quum
1456 2463 2024 2561 respondissem,
2058 2489 2181 2538 me
2212 2491 2259 2538 e
2282 2491 2453 2565 pro-

308 2573 541 2644 vincia
577 2569 928 2642 decedere
959 2597 976 2640 :
1021 2572 1254 2642 Etiam
1310 2571 1805 2662 mehercules,
1843 2577 2121 2672 inquit,
2166 2591 2259 2647 ut
2300 2579 2451 2676 opi·

309 2706 471 2768 nor,
508 2705 596 2752 ex
629 2677 888 2750 Africa.
931 2681 1116 2752 Huic
1151 2705 1288 2778 ego
1314 2682 1463 2778 jam
1500 2682 2002 2756 stomachans⁹
2037 2682 2411 2758 fastidiose
2428 2741 2451 2768 ‚

381 2893 430 2945 3.
457 2889 642 2940 Videat·
664 2905 946 2956 arrogasse.
969 2890 1200 2940 Ambms.
1213 2906 1329 2940 cum

309 2977 480 3024 Bavar.
500 2985 766 3036 arrogare,
787 2969 880 3019 etsi
895 2969 1070 3018 dixero
1091 2971 1327 3034 sequitur.

308 3057 404 3104 Pro
425 3051 645 3109 Milone,
663 3067 710 3097 ο.
731 3063 832 3112 29:
858 3049 1018 3098 «Non
1041 3049 1188 3097 timeo
1207 3050 1331 3110 ,iu-

309 3136 467 3192 dica,
491 3148 556 3180 nc
580 3128 813 3180 libentius
839 3128 981 3176 bno·
965 3145 1020 3176 m
1045 3128 1183 3178 illum
1212 3144 1331 3177 ovo-

307 3231 436 3262 mere
459 3212 646 3271 videar,
667 3225 812 3274 quam
837 3208 995 3272 verius
1004 3229 1049 3256 ι.
1073 3207 1192 3256 Non
1212 3223 1330 3256 evo-

309 3293 484 3341 muisse
500 3326 516 3350 ,
541 3289 632 3337 etsi
655 3290 757 3350 iam
782 3299 1083 3338 evomuerat.

381 3381 429 3429 4.
483 3371 543 3416 In
595 3366 829 3416 maximis
874 3364 1104 3431 imperiis.
1149 3367 1229 3414 Sic
1273 3368 1329 3414 in

310 3451 498 3516 optimo
521 3447 703 3496 Erfurt.
730 3455 782 3494 et
801 3447 976 3496 Bavar.
993 3443 1210 3494 Ma'ximn
1237 3446 1329 3492 im·

307 3530 442 3595 peria
462 3537 580 3575 suut
608 3535 817 3591 pratum
855 3535 904 3573 et
929 3524 1225 3572 consulatus.
1269 3526 1330 3571 In

308 3609 551 3676 plerisque
608 3605 735 3652 MSS
785 3613 836 3651 et
884 3601 1025 3651 editt.
1079 3601 1332 3667 legebam·

309 3689 548 3737 duntaxat
595 3685 646 3732 in
701 3680 950 3731 maximis.
1016 3683 1331 3732 Remmium

311 3767 664 3832 suppleverunt
692 3761 831 3811 robus
845 3795 860 3816 .
881 3760 1018 3824 quod
1037 3771 1110 3809 ost
1129 3761 1180 3809 in
1203 3760 1333 3810 dno-

307 3847 400 3894 bus
431 3845 651 3892 Britain.
679 3852 728 3890 et
751 3841 910 3889 Aldu·
947 3841 1136 3890 invexit
1169 3843 1330 3906 prior.

309 3923 502 3974 Habent
533 3921 678 3970 etiam
708 3922 848 3970 Junt.
881 3929 930 3967 et
965 3921 1098 3970 Crat.
1135 3921 1327 3984 Ernest.

307 4013 466 4050 autem
487 3999 606 4064 legit
632 4000 684 4048 in
713 3999 948 4048 maximis
973 3997 1195 4063 imperiis.

1492 2887 1543 2934 5.
1580 2884 1895 2935 mehercules.
1926 2887 2009 2935 Sic
2033 2885 2241 2950 vulgati.
2268 2888 2448 2935 Erfun.

1416 2963 1538 3016 cod.
1584 2965 1728 3012 narb.
1780 2967 1951 3014 Bavar.
1996 2976 2203 3030 utraque
2238 2969 2444 3018 Veneta.

1417 3059 1507 3092 sex
1543 3045 1771 3093 Britanni.
1798 3055 1851 3094 ot.
1881 3047 2023 3094 Junt.
2046 3044 2235 3094 habeat
2268 3047 2449 3094 naha·-

1418 3123 1543 3184 σεῖο,
1560 3125 1702 3189 quod
1726 3125 1923 3190 prefert
1948 3126 2115 3174 (ἴα-εν.
2136 3142 2205 3174 ex
2228 3127 2447 3174 testimo·

1422 3204 1512 3253 nio
1532 3205 1781 3254 Ciceroni·
1806 3205 1959 3270 ipsius
1978 3206 2032 3252 in
2059 3207 2197 3253 Orat.
2228 3207 2317 3266 47.

1492 3281 1544 3332 6.
1578 3283 1867 3349 Excogieead
1907 3281 2131 3348 quidam.
2171 3283 2363 3332 Erfurt.
2402 3297 2447 3332 ει

1420 3379 1545 3412 unns
1570 3365 1789 3412 Britann.
1818 3363 2034 3428 quidem·

1492 3459 1539 3503 7.
1560 3443 1805 3492 Puteolos.
1830 3444 1923 3491 nio
1940 3442 2081 3491 locus
2106 3443 2161 3490 in
2184 3443 2445 3508 (hup-nin

1417 3521 1759 3570 celeberrimus
1784 3523 1838 3569 in
1868 3519 2021 3569 veteri
2042 3521 2269 3569 historin.

1490 3605 1539 3652 8.
1578 3602 1709 3650 Nam
1731 3599 1855 3665 qm'd
1874 3597 1925 3648 in
1956 3614 2019 3648 ea
2042 3611 2169 3648 essee
2198 3599 2328 3650 novi.
2362 3603 2445 3648 Er·

1418 3681 1537 3730 furt.
1568 3691 1619 3730 et
1665 3682 1834 3729 Bavar.
1882 3680 2015 3727 Num
2058 3677 2299 3744 quidm
2334 3691 2447 3727 am

1418 3759 1546 3809 novi.
1574 3759 1725 3822 Quod
1752 3759 1949 3824 μυῖα-ἰ
1992 3759 2241 3808 Graevius.
2288 3762 2359 3808 lta
2384 3760 2441 3806 de

1418 3837 1560 3890 Orat.
1585 3855 1631 3888 e.
1652 3841 1681 3886 3
1724 3851 1739 3886 τ
1784 3839 2185 3902 ιΝιιωφιὶᾶιιιω
2206 3874 2224 3900 ,
2252 3839 2437 3904 inquit,

1420 3920 1537 3968 novi
1554 3919 1617 3965 Ρ·
1636 3921 1712 3966 Ita
1740 3919 1817 3966 XI
1842 3917 1905 3966 ad
1932 3919 2050 3968 niv.
2074 3930 2278 3979 rhete-

1490 4015 1539 4060 9.
1561 4001 1673 4046 Iam
1692 3995 2003 4046 stomachans
2006 3995 2297 4063 fhmdeose
2322 3997 2437 4044 Vide
