2594 4537
318 296 419 396 96
906 299 1007 366 M.
1059 296 1140 367 T.
1194 281 1766 370 clcssnoms

318 421 573 494 studiis
607 445 691 492 ac
725 418 1105 518 disciplina
1140 417 1460 518 profecta
1481 475 1502 509 ‚
1539 446 1579 492 a
1613 445 1758 522 qua
1795 446 1932 519 ego
1967 423 2248 495 nullum
2281 449 2466 498 con-

316 533 527 605 fiteor
556 532 779 602 aetatis
817 554 991 601 meae
1029 543 1316 629 tempus
1358 530 1818 604 abhorruisse
1865 561 1882 603 ε
1929 558 2176 604 earum
2212 559 2467 607 rerum

317 645 650 716 omnium
680 642 795 712 vel
822 643 898 711 in
934 642 1187 738 primis
1219 640 1339 712 hic
1375 647 1455 713 A.
1497 640 1868 714 Licinius4
1907 641 2225 715 fructum
2261 670 2304 716 a
2340 672 2465 719 me

314 765 645 852 repetere
674 774 903 850 prope
932 775 1065 823 suo
1088 751 1250 846 jure
1284 750 1525 822 debet.
1559 755 1740 824 Nam
1771 752 2012 851 quoad
2044 754 2463 855 longissime

314 879 554 963 potest
583 887 790 934 mens
828 871 989 933 mea
1028 864 1384 960 respicere
1429 865 1738 960 spatium
1782 865 2126 961 praeteriti
2168 880 2460 964 tempo-

314 979 451 1065 τίς,
487 988 559 1045 et
602 974 926 1071 pueritiae
962 973 1385 1044 memoriam
1425 973 1788 1043 recordari
1828 971 2236 1063 ultimam⁵,
2284 977 2462 1049 inde

312 1105 549 1181 usque
578 1096 917 1180 repetens
934 1136 954 1172 ,
984 1081 1186 1152 hunc
1212 1080 1428 1152 video
1453 1081 1632 1152 mihi
1661 1083 2065 1181 principem
2091 1100 2164 1156 et
2189 1084 2282 1156 ad
2301 1111 2460 1158 sus-

312 1189 799 1293 cipiendamss,
867 1208 939 1264 et
1005 1193 1097 1264 ad
1153 1191 1704 1291 ingrediendam
1771 1181 2129 1269 rationem
2192 1197 2462 1271 horum

314 1304 716 1378 studiorum
759 1305 1132 1375 exstitisse.
1170 1302 1390 1396 Quod
1427 1307 1486 1375 si
1522 1303 1674 1374 haec
1706 1329 1882 1393 vox,
1916 1305 2132 1402 hujus
2159 1307 2463 1380 hortatu

309 1417 834 1518 praeceptisque
862 1412 1353 1504 conformata,
1405 1413 1773 1485 nonnullis
1817 1416 2208 1514 aliquando
2247 1418 2462 1490 saluti

311 1524 449 1598 fuit
477 1549 555 1596 :a
581 1551 732 1623 quo
756 1524 831 1595 id
859 1525 1269 1622 accepimus
1286 1579 1308 1613 ‚
1338 1550 1491 1622 quo
1521 1527 1776 1598 ceteris
1813 1526 2154 1625 opitulari
2182 1541 2256 1598 et
2281 1528 2460 1600 alios

314 1659 596 1707 servare
634 1657 1050 1731 possemuS‚
1102 1633 1275 1706 huic
1330 1633 1659 1731 profecto
1703 1637 1876 1734 ipsi,
1930 1652 2289 1733 quantum
2351 1653 2463 1710 est

314 1747 531 1817 situm
568 1746 644 1815 in
680 1741 933 1834 nobis,
991 1758 1063 1815 et
1106 1768 1364 1841 opem,
1398 1758 1470 1816 et
1508 1747 1808 1818 salutem
1845 1744 2034 1819 ferre
2076 1746 2458 1821 debemus,

310 1859 416 1926 Ac
438 1909 457 1942 ,
511 1879 605 1925 ne
637 1855 803 1951 quis
839 1879 882 1926 a
920 1852 1134 1926 nobis
1166 1853 1311 1926 hoc
1345 1859 1442 1926 ita
1486 1855 1636 1928 dici
1662 1855 1847 1928 forte
1878 1858 2216 1948 miretur,
2255 1859 2463 1958 quod

313 1965 449 2038 alia
474 1963 805 2063 quaedam
833 1965 908 2034 in
945 1964 1088 2035 hoc
1120 1962 1424 2037 facultas
1452 1968 1544 2037 sit
1579 1966 1850 2068 ingenii
1871 1979 1898 2024 ⁷
1925 2021 1946 2054 ‚
1983 1965 2268 2066 neque⁸
2305 1969 2462 2041 haec

313 2073 600 2147 dicendi
633 2077 819 2146 ratio
855 2089 982 2145 aut
1019 2073 1399 2172 disciplina
1435 2105 1451 2147 :
1491 2101 1585 2148 ne
1622 2101 1756 2148 nos
1784 2076 2078 2175 quidem
2115 2079 2289 2151 huic
2325 2083 2460 2151 uni

312 2185 554 2258 studio
574 2194 608 2244 9
631 2187 921 2287 penitus
946 2209 1300 2284 umquam
1328 2185 1552 2258 dediti
1571 2184 1863 2258 fuimuS.
1887 2192 2173 2259 Etenim
2201 2212 2464 2261 omnes

312 2312 535 2385 artes»,
572 2322 731 2395 quae
758 2295 851 2367 ad
869 2295 1398 2367 humanitatem
1415 2306 1476 2341 ¹⁰
1509 2299 1901 2395 pertinent,
1926 2296 2198 2370 habent
2226 2298 2464 2395 quod·

311 2408 481 2480 dam
505 2429 898 2479 commune
922 2406 1294 2477 vinculum
1314 2460 1334 2496 ‚
1355 2422 1430 2479 et
1451 2408 1659 2505 quasi
1687 2409 2118 2505 cognatione
2141 2407 2462 2504 quadam

312 2518 503 2589 inter
538 2540 613 2587 se
652 2514 1139 2586 continentur.

386 2756 436 2806 4.
466 2745 707 2797 Nonnulli
732 2745 859 2795 MSS
883 2755 999 2811 post
1014 2747 1076 2795 A.
1098 2742 1335 2803 Licinius,

312 2824 506 2895 addunt
534 2824 759 2875 Archias.
778 2826 928 2875 Male.
954 2826 1073 2874 Non
1091 2826 1220 2872 enim
1235 2825 1340 2873 sinc

313 2918 473 2956 mente
500 2908 662 2956 statim
685 2906 748 2954 ab
768 2922 948 2955 exorsu
969 2906 1169 2955 nomine
1188 2920 1342 2953 roma-

314 2982 369 3035 ni
384 2986 507 3035 civis
532 2986 761 3050 appellat.
787 2984 869 3033 Sic
896 2985 1021 3033 infra
1051 2986 1081 3034 3
1100 3022 1116 3047 ‚
1142 3006 1165 3027 c
1190 3000 1341 3047 quum

302 3078 633 3134 purten-tatus
655 3066 797 3114 etiam
819 3076 922 3115 tum
939 3065 1144 3116 Archias
1160 3074 1287 3113 esset
1300 3083 1340 3111 »-

312 3144 367 3199 J.
385 3148 452 3195 V.
480 3148 535 3198 L.

385 3225 440 3275 5.
500 3222 749 3273 Ultimum.
804 3224 927 3294 Quae
981 3222 1262 3287 longissime
1313 3238 1342 3269 a

314 3304 444 3353 virili
468 3304 617 3353 distat
641 3313 807 3361 mate,
841 3317 1047 3367 queque
1074 3303 1127 3351 in
1150 3316 1340 3351 memo-

313 3384 434 3434 riam
456 3385 627 3433 cadere
652 3391 839 3447 potest.

383 3464 431 3514 6.
444 3461 829 3528 Suscipiendam.
844 3458 995 3523 Quod
1004 3460 1069 3507 ad
1082 3460 1338 3509 consilium

310 3546 601 3611 eloquentia!
626 3540 870 3591 discendae
891 3542 1119 3604 pertinet.
1148 3568 1219 3578 —-
1248 3544 1337 3589 In-

308 3624 647 3691 grediendam.
659 3620 742 3669 Ad
750 3620 911 3685 ipsum
927 3619 1147 3668 discendi
1158 3630 1338 3669 actum.

310 3702 461 3767 Quod
483 3704 585 3767 ipse
601 3701 765 3749 statim
785 3699 1127 3764 interpretatur
1151 3710 1332 3759 orator,

310 3798 463 3847 quum
492 3778 615 3827 dicit
638 3794 810 3827 vocem
838 3793 974 3826 suam
1015 3794 1101 3827 sen
1141 3776 1337 3827 dicendi

1502 2758 1550 2809 7.
1594 2746 1800 2817 Ingenii.
1835 2734 2001 2814 Quum
2029 2762 2176 2817 poeta
2209 2751 2422 2802 Archias
2441 2790 2460 2817 ,

1429 2826 1597 2876 orator
1631 2828 1805 2879 Cicero
1839 2841 1962 2878 esset
1979 2864 1997 2891 ,
2035 2832 2214 2879 mirum
2247 2831 2458 2882 fortasse

1433 2907 1588 2953 cnivis
1621 2906 1777 2955 videri
1821 2920 2013 2973 poterat
2027 2944 2045 2969 ‚
2077 2909 2332 2973 quomodo
2375 2910 2462 2961 ille

1429 2996 1610 3035 tantam
1631 2987 1832 3051 gratiam
1857 2988 1982 3036 inire
2001 2990 2263 3054 potuisset.

1503 3066 1555 3115 8.
1577 3066 1762 3129 Neque.
1781 3068 2008 3117 Correxit
2021 3067 2247 3119 Schiita-
2257 3082 2408 3134 atque
2415 3093 2459 3130 n,

1430 3146 1568 3208 quasi
1592 3162 1695 3195 non
1719 3146 1878 3196 dicere
1904 3148 2139 3200 voluisset
2160 3162 2332 3200 orator
2352 3156 2460 3200 non

1429 3224 1482 3272 in
1515 3223 1712 3273 dicendi
1743 3235 1846 3275 arte
1880 3227 2017 3276 nullo
2034 3228 2190 3277 modo
2206 3220 2458 3279 ¹versatum

1429 3302 1679 3353 Archiam.

1502 3398 1552 3445 9.
1580 3382 1707 3430 Huic
1733 3383 1823 3431 um'
1836 3384 2016 3434 studio.
2036 3378 2211 3435 Multis
2229 3404 2296 3437 ex
2311 3404 2458 3453 argn-

1425 3461 1600 3510 mentis
1623 3473 1815 3512 constat
1836 3464 2044 3528 poetica
2067 3464 2311 3515 studuisse
2337 3468 2459 3516 Tul-

1424 3540 1544 3588 lium
1563 3575 1581 3598 ,
1649 3552 1701 3590 et
1751 3540 1964 3608 plurima
2018 3544 2288 3593 carminum
2347 3549 2459 3608 ejus

1425 3620 1689 3683 fragmenta
1729 3621 1950 3670 invenias
1968 3655 1985 3682 ‚
2026 3638 2137 3687 quae
2185 3625 2302 3675 satis
2341 3626 2460 3691 pul-

1426 3698 1592 3746 chram
1635 3699 1683 3748 ei
1729 3698 1924 3750 laudem
1961 3702 2304 3754 conciliassent
2317 3739 2335 3765 ,
2357 3706 2459 3753 nisi

1426 3792 1530 3825 eam
1552 3777 1828 3842 eloquentia
1853 3780 2110 3831 obruisset.
2140 3783 2288 3833 Conf.
2322 3784 2458 3833 mut.

308 3871 459 3908 artem
493 3857 641 3917 hujus
678 3872 783 3905 non
820 3856 977 3905 solum
996 3853 1227 3919 hortatu,
1246 3856 1335 3905 sed
1421 3856 1474 3903 in
1493 3858 1650 3907 Cicer.
1669 3858 1761 3907 snb
1778 3860 1892 3909 init.

256 3924 263 3930 ⁰
306 3936 449 3987 etiam
479 3936 738 4001 praeceptis
776 3932 1128 3985 conformatam
1164 3946 1213 3983 et
1244 3952 1332 3984 ex·

306 4015 483 4064 cnltam
510 4029 631 4063 esse.

1501 3952 1522 3983 1
1531 3953 1580 3986 ο.
1593 3938 1683 3985 Ad
1691 3938 2063 3993 humanitatem.
2085 3944 2276 4010 Nempe
2290 3944 2460 3994 studia

1422 4015 1688 4067 literarum.
