2594 4537
289 251 428 349 273
945 252 1040 317 Μ.
1098 248 1172 317 Τ.
1213 247 1761 318 clcERoms

289 372 469 460 fuit,
509 370 634 444 sed
671 372 883 441 etiam
922 370 999 440 in
1039 370 1461 440 concionem
1502 364 1908 453 adscendit,
1946 390 2175 464 eaque
2210 364 2459 453 dixit,

291 508 453 583 quae
470 538 490 571 ,
527 484 585 555 si
613 482 766 577 ejus
795 481 906 550 vir
933 489 999 539 ¹9
1027 480 1331 552 Catilina
1358 480 1765 566 revixisset,
1792 476 2031 549 dicere
2062 501 2206 547 non
2236 488 2461 546 esset

290 618 546 665 ausus:
585 616 659 663 se
697 614 1053 662 nonarum
1083 589 1445 662 decembr.
1473 600 1562 677 ²⁰,
1593 614 1752 686 quae
1778 612 1892 659 me
1928 587 2226 659 consule
2253 584 2459 657 fuis-

289 718 484 791 sent,
521 698 833 797 clivique
867 699 1255 799 Capitolini
1291 724 1547 799 poenas
1572 698 1662 769 ab
1696 697 2071 795 equitibus
2106 696 2453 767 romanis

291 838 444 886 esse
467 812 972 910 repetiturum.
1021 815 1278 907 Neque
1318 810 1549 880 solum
1596 808 1669 879 id
1718 807 1926 893 dixit,
1976 806 2103 878 sed
2135 829 2327 904 quos
2364 806 2445 875 ei

291 920 754 996 commodum
789 920 958 1010 fuit,
994 920 1489 1019 compellavit3
1524 926 1604 991 L.
1640 942 1813 991 vero
1841 918 2195 1001 Lamiam,
2230 916 2442 1013 equi-

290 1051 437 1106 tem
498 1058 878 1105 romanum
906 1086 925 1121 ,
989 1034 1355 1131 praestanti
1414 1031 1758 1127 dignitate
1802 1028 2259 1127 hominem&
2282 1079 2304 1113 ,
2360 1038 2443 1094 et

286 1146 498 1217 saluti
549 1170 724 1217 meae
777 1171 907 1244 pro
960 1142 1439 1215 familiaritate
1462 1154 1555 1230 ²²,
1619 1137 2033 1239 reipublicae
2092 1160 2231 1234 pro
2290 1133 2445 1205 for-

288 1257 484 1326 tunis
536 1256 723 1345 suiS,
774 1256 1282 1327 amicissimum
1300 1250 1390 1342 ²³,
1444 1252 1699 1324 consul
1750 1253 2183 1348 imperiosus
2234 1246 2435 1317 exire

291 1363 472 1436 urbe
498 1365 710 1461 jussit
731 1368 830 1453 ²⁴3
853 1380 924 1436 et
950 1390 1180 1462 quum
1204 1390 1333 1435 vos
1356 1378 1630 1435 vestem
1663 1359 2083 1433 mutandam
2111 1360 2435 1429 censuis-

291 1477 458 1545 setis
479 1472 569 1562 25,
599 1476 990 1571 cunctique
1024 1476 1465 1561 mutassem,
1496 1489 1713 1570 atque
1743 1472 1937 1543 idem
1970 1492 2229 1541 omnes
2252 1467 2430 1538 boni

287 1582 430 1678 jam
479 1598 648 1654 ante
691 1584 1064 1671 fecissent3
1110 1584 1230 1656 ille
1263 1586 1656 1683 unguentis
1692 1582 2007 1669 oblitus,
2050 1604 2220 1651 cum
2262 1594 2429 1673 toga

293 1706 635 1790 praetexta
651 1690 743 1781 ²⁶,
778 1716 998 1789 quam
1031 1718 1285 1766 omnes
1323 1710 1665 1793 praetores
1702 1691 2085 1789 aedilesque
2118 1704 2282 1759 tum
2308 1686 2427 1758 ab·

2446 1790 2477 1811 0

367 1934 450 1983 19.
482 1920 604 1985 Ejus
633 1918 732 1968 vir.
767 1920 919 1983 Quasi
947 1920 1186 1970 Gabinius
1217 1922 1313 1970 Cs-

293 2000 445 2049 tiunae
471 2001 711 2065 nupsisset
724 2036 741 2063 ‚
770 1999 1152 2065 pudicitiamque
1178 2016 1315 2049 susm

290 2079 366 2127 illi
420 2080 758 2143 prostituisset.
823 2084 1113 2127 Amatorem
1173 2090 1316 2127 auten

296 2158 421 2207 dixit
439 2158 470 2223 S
495 2174 570 2207 ιο.

367 2254 448 2288 no.
468 2240 728 2286 Nonarum
745 2236 981 2286 decembr.
1003 2238 1117 2302 Quo
1131 2238 1212 2286 die
1225 2238 1317 2289 SC.

245 2313 252 2320 ’
297 2319 358 2370 de
399 2319 662 2380 conjuratis
699 2317 971 2381 plectendis
1005 2317 1183 2365 factum
1227 2327 1317 2366 est.

297 2401 450 2448 Erant
484 2409 646 2445 sutem
683 2397 772 2444 illo
815 2397 893 2443 die
930 2398 1098 2444 armati
1133 2401 1321 2461 equites

299 2493 423 2526 rom.
451 2476 504 2522 in
539 2477 668 2523 clivo
693 2475 1004 2538 Capitolino,
1039 2478 1168 2524 circa
1194 2487 1320 2524 tem-

303 2555 436 2620 plum
476 2553 764 2604 Concordiae
781 2589 798 2615 ,
841 2555 929 2601 ubi
965 2558 1214 2603 seutentiae
1260 2557 1321 2605 de

301 2634 544 2699 supplicio
561 2635 921 2694 conjuratorum
943 2635 1240 2682 dicebantur.

372 2729 400 2760 ο
416 2729 456 2760 x.
494 2713 751 2760 Fra-stanti
787 2712 1024 2778 dignitate
1057 2713 1316 2763 hominem.

301 2795 411 2840 Hoc
446 2791 661 2852 addidit,
701 2791 814 2856 quia
851 2809 952 2840 non
980 2794 1136 2841 solum
1171 2811 1321 2859 eques

302 2885 528 2920 romanus
539 2907 554 2932 ‚
571 2872 657 2919 sed
669 2873 894 2937 princeps
907 2874 1048 2921 etiam
1068 2883 1170 2922 erat
1181 2891 1322 2937 eque-

299 2953 410 3000 stris
430 2951 614 3001 ordinis
635 2967 648 3001 ε
679 2964 732 3001 nt
747 2953 802 3000 in
820 2971 896 3017 ep.
918 2955 981 3002 sd
1001 2957 1062 3004 D.
1087 2957 1290 3003 Brutum
1304 2991 1319 3015 ,

297 3029 512 3091 lib.-11,
541 3047 620 3097 ep.
652 3033 711 3080 16
732 3045 746 3080 ε
772 3055 796 3074 α
814 3033 1064 3082 Clodianis
1086 3035 1320 3100 tempori-

299 3109 390 3158 bus
405 3145 420 3169 ‚
447 3125 596 3174 quum
621 3112 856 3174 equestris
883 3111 1068 3159 ordinis
1093 3114 1322 3178 princeps

297 3199 418 3236 esset
438 3222 453 3248 ,
489 3203 682 3252 proque
734 3205 836 3236 mea
887 3189 1040 3238 salute
1087 3195 1321 3242 acerrime

297 3279 653 3333 propugnaret,
681 3287 708 3316 a
739 3269 947 3317 Gabinio
975 3271 1172 3320 consule
1198 3273 1321 3322 rele-

298 3358 436 3410 gatus
455 3357 527 3394 est
547 3368 588 3393 ι.

367 3441 451 3474 22.
477 3427 572 3472 Pro
585 3422 944 3484 familiaritate.
965 3429 1157 3490 Quanta
1171 3431 1315 3477 inter·

293 3507 488 3555 cesserit
507 3505 732 3555 Ciceroni
750 3521 860 3553 cnm
881 3509 1040 3554 Lamia
1059 3510 1156 3558 hoc
1179 3511 1314 3559 fami-

290 3587 494 3644 liaritas,
524 3585 680 3633 discas
698 3585 812 3633 lieet
830 3601 858 3633 e
879 3585 966 3636 lib.
987 3589 1064 3635 11
1079 3624 1092 3645 ,
1115 3590 1179 3637 ad
1197 3593 1309 3639 Div.

198 3672 238 3730 s·
290 3667 432 3729 epist.
461 3665 522 3713 16
547 3677 596 3712 et
623 3681 703 3728 17,
725 3673 772 3711 et
787 3664 874 3712 lib.
895 3667 1020 3726 ΧΠ,
1043 3669 1183 3733 epist.
1205 3686 1307 3736 29:

291 3765 312 3786 ι
329 3743 585 3792 Neminem
601 3744 650 3790 iu
665 3743 857 3806 'populo
877 3759 1079 3794 romano
1098 3749 1310 3799 arbitror

287 3839 388 3870 esse
403 3857 416 3878 ,
463 3821 542 3868 eui
576 3821 639 3868 sit
680 3821 847 3884 ignota
889 3839 943 3870 ea
985 3823 1307 3891 familiaritas,

287 3917 392 3964 quoe
415 3901 532 3947 mihi
552 3915 664 3946 cnm
681 3901 842 3947 Lamia
865 3913 936 3949 est
957 3924 997 3949 n.

357 3981 437 4026 23.
459 3965 831 4028 Amicissimum}
853 3983 962 4030 Hoc
976 3983 1095 4034 dicit
1117 3999 1303 4052 orator,

1401 1920 1612 1969 Lamiam
1638 1930 1686 1968 et
1710 1934 1810 1967 suae
1840 1918 2094 1969 Ciceronis
2117 1934 2189 1967 se.
2212 1920 2357 1967 saluti
2382 1928 2425 1965 et

1402 1994 1681 2065 reipnblicae
1694 2000 1904 2046 amicum
1920 1999 2096 2057 fuisse5
2118 2009 2167 2047 et
2182 1998 2426 2049 Ciceronis

1402 2078 1600 2142 quidem
1636 2078 1779 2126 saluti
1818 2094 1915 2141 pro
1956 2077 2282 2125 familiaritate
2319 2092 2425 2125 cum

1403 2160 1512 2223 ipso
1531 2191 1548 2218 ‚
1576 2158 1859 2221 reipublicae
1882 2172 2003 2205 vero
2029 2173 2125 2220 pro
2150 2158 2361 2205 [omnis
2382 2168 2425 2203 et

1404 2238 1548 2287 bonis
1574 2226 1691 2287 suis.
1720 2238 1943 2301 Quorum
1972 2236 2105 2284 enim
2132 2236 2311 2300 ample
2337 2238 2427 2284 for-

1398 2332 1527 2368 tunoe
1550 2329 1674 2367 'snut
1692 2353 1707 2377 ,
1748 2319 1784 2365 ii
1818 2328 2103 2383 praesentem
2148 2318 2427 2383 reipublicae

1399 2409 1575 2447 statum
1616 2407 1777 2446 amant
1795 2434 1812 2458 ,
1862 2397 2034 2446 novari
2068 2397 2198 2446 nihil
2236 2397 2425 2447 voiunt.

1398 2479 1499 2542 Qui
1524 2495 1639 2526 vero
1659 2497 1685 2527 s
1708 2479 1916 2527 fortunis
1942 2477 2187 2541 rebusque
2204 2477 2427 2527 domn-

1408 2558 1477 2606 cis
1504 2569 1620 2606 sunt
1642 2557 1864 2622 imparati
1882 2591 1897 2615 ‚
1934 2557 1995 2603 iis
2026 2572 2154 2621 resp.
2192 2573 2302 2605 cern
2334 2573 2425 2604 non

1406 2647 1479 2686 est
1514 2654 1527 2687 t
1565 2647 1788 2701 quaerunt
1839 2637 2103 2684 novitatem
2150 2651 2313 2683 rerum
2358 2637 2425 2684 vel

1408 2733 1517 2765 cum
1538 2717 1732 2782 publiea
1756 2716 1969 2781 pernicie
1986 2749 2001 2773 ,
2026 2724 2083 2762 ut
2104 2717 2209 2763 suis
2230 2717 2423 2780 privetis

1408 2799 1688 2846 vulneribus
1710 2796 2008 2844 medeantur.

1480 2887 1563 2934 24.
1600 2877 1757 2925 Exire
1784 2875 1901 2922 urbe
1911 2873 2071 2940 jussit.
2092 2873 2211 2922 vid.
2232 2873 2296 2920 ad
2312 2873 2417 2922 niv.

1406 2956 1492 3004 lib.
1512 2957 1587 3003 XI
1608 2993 1622 3017 ,
1651 2971 1733 3019 ep.
1762 2955 1855 3015 16,
1876 2965 1925 3003 et
1951 2953 2044 3002 lib.
2066 2954 2168 3000 ΧΠ
2186 2987 2201 3010 ,
2228 2969 2308 3017 ep.
2328 2969 2417 3014 29,

1408 3044 1456 3083 et
1476 3049 1568 3099 pro
1600 3035 1803 3083 Sextio:
1837 3055 1860 3077 ι
1886 3035 1943 3081 1..
1970 3033 2183 3081 Iamiam
2222 3031 2275 3078 in
2305 3046 2419 3078 eon-

1407 3114 1548 3162 cione
1567 3114 1793 3178 relegavit
1812 3128 1825 3162 ε
1849 3113 2124 3175 edixitque,
2148 3121 2208 3158 ut
2226 3110 2289 3158 ab
2306 3109 2417 3158 urbe

1406 3193 1591 3242 abesset
1608 3193 1756 3241 millia
1782 3207 2011 3258 passuum
2028 3191 2239 3238 ducenta
2255 3223 2271 3247 ‚
2290 3191 2417 3252 qnod

1406 3284 1529 3320 esset
1546 3289 1687 3321 susus
1714 3289 1808 3338 pro
1828 3274 1935 3320 cive
1954 3305 1969 3330 ,
1994 3284 2087 3334 pro
2106 3269 2231 3316 bene
2254 3269 2418 3316 merito

1401 3353 1536 3412 cive,
1574 3369 1668 3418 pro
1704 3353 1887 3410 amico,
1928 3363 2021 3415 pro
2054 3347 2303 3414 republica
2336 3347 2413 3396 de-

1399 3433 1587 3496 precari
1606 3455 1648 3481 n.

1472 3511 1560 3559 25.
1632 3513 1695 3558 Ec
1746 3526 1894 3574 quum
1945 3523 2040 3556 vos
2080 3516 2265 3554 vestem
2319 3521 2413 3552 mn-

1400 3588 1606 3636 tandam
1634 3586 1951 3636 censuissetis.
1989 3586 2409 3634 Senatusconsulto

1397 3670 1598 3734 proprie
1620 3669 1681 3717 de
1701 3685 1755 3716 ea
1775 3685 1827 3716 re
1848 3667 1997 3716 sacto.

1468 3757 1551 3804 26.
1579 3757 1692 3803 Cum
1716 3765 1831 3818 toga
1846 3763 2116 3818 pra-texta.
2140 3753 2249 3815 Qua
2268 3753 2405 3812 ποιῇο-

1394 3853 1468 3884 res
1506 3837 1810 3900 magistratus
1855 3834 2135 3892 utebantur,
2184 3842 2231 3878 et
2272 3847 2403 3894 quam

1396 3927 1495 3963 tum
1519 3917 1655 3979 quasi
1680 3917 1730 3963 in
1758 3913 1953 3980 publica
1981 3913 2249 3962 calamitate
2277 3909 2404 3971 abje-

1396 4006 1573 4043 cerant.
