2594 4537
580 289 967 358 ORATIO
1016 289 1218 360 PRO
1267 291 1346 358 L.
1393 289 1818 359 FLACCO.
2131 284 2248 356 151

151 425 325 509 gunt
348 407 401 498 ³,
438 434 592 480 non
634 408 1117 499 dissimulant,
1154 435 1304 481 non
1343 426 1706 483 verentur.
1755 415 1864 481 De
1905 407 2260 480 subselliis

151 521 463 617 queror?
518 544 667 591 una
716 545 805 591 ex
856 520 1077 592 domo
1116 519 1568 617 prodeunt4:
1617 522 1678 592 si
1715 518 1934 590 verba
1990 516 2253 589 tituba-

148 632 317 718 rint,
352 654 505 728 quo
539 644 1025 719 revertantur,
1067 656 1219 702 non
1250 630 1628 703 habebunt
1649 629 1703 701 ⁵.
1733 636 1842 702 An
1873 632 2254 727 quisquam

146 761 285 811 esse
308 741 507 811 testis
533 739 805 838 potest,
830 761 1050 836 quem
1076 736 1448 813 accusator
1469 743 1622 812 sine
1644 763 1814 811 cura
1839 743 2258 836 interroget,

144 874 265 920 nec
288 864 603 934 metuat}
642 851 738 921 ne
779 849 917 920 sibi
959 851 1263 949 aliquid,
1302 852 1510 949 quod·
1535 853 1688 950 ipse
1714 851 1938 933 nolit,
1961 871 2259 946 respon·-

144 956 337 1030 deat?
364 957 509 1030 Ubi
550 975 657 1031 est
696 960 913 1057 igitur
954 961 1073 1033 illa
1111 960 1263 1032 laus
1301 965 1649 1048 oratoris,
1687 984 1847 1058 quae
1887 959 2003 1030 vel
2037 960 2112 1026 in
2149 982 2260 1027 ac·

144 1084 455 1140 cusator-e
494 1083 738 1157 antea,
772 1071 887 1141 vel
914 1073 989 1142 in
1021 1086 1331 1168 patrono
1374 1073 1684 1170 spectari
1720 1069 2039 1143 solebat?
2065 1073 2260 1138 Bene

142 1193 383 1251 testem
414 1181 919 1277 interrogavit3
946 1179 1200 1254 callide
1228 1188 1556 1270 accessit3
1585 1179 2084 1279 reprehendit3
2107 1202 2258 1275 quo

29 1333 31 1386 1
140 1289 390 1374 voluit,
416 1286 757 1376 adduxit;
788 1292 1143 1380 convicit,
1176 1306 1249 1363 et
1290 1291 1651 1389 elinguem
1693 1287 2022 1360 reddidit.
2060 1285 2258 1377 Quid

142 1415 214 1470 tu
242 1403 459 1471 istum
499 1425 749 1498 roges,
784 1401 994 1488 Laeli,
1032 1405 1199 1500 qui,
1244 1404 1672 1500 priusquam
1703 1401 1880 1488 hoc,
1907 1424 1994 1470 ‘re
2021 1421 2215 1470 noco
2237 1451 2257 1482 ‚

138 1511 385 1582 dixeris
404 1564 425 1596 ‚
454 1510 663 1607 plura
708 1512 923 1584 etiam
966 1511 1289 1582 effundat
1306 1510 1364 1598 ⁶,
1393 1537 1617 1609 quam
1657 1524 1740 1580 tu
1769 1512 1832 1580 ei
1861 1507 2062 1580 domi
2087 1522 2258 1578 ante

138 1621 691 1718 praescripseris?
724 1620 920 1711 Quid
954 1647 1087 1717 ego
1116 1637 1355 1693 autem
1384 1619 1721 1693 defensor
1751 1621 2042 1716 rogem?
2069 1620 2254 1688 Nam

136 1745 245 1800 aut
292 1731 525 1800 oratio
576 1732 871 1802 testium
914 1729 1143 1804 refelli
1190 1731 1407 1820 solet,
1453 1747 1578 1803 aut
1617 1733 1780 1802 vita·
1805 1728 1966 1800 laedi
1987 1741 2039 1798 ⁷.
2088 1730 2252 1818 Qua

29 1843 32 1918 ξ
140 1837 612 1938 disputatione
658 1844 1061 1913 orationem
1104 1841 1431 1914 refellam
1478 1841 1674 1936 ejus,
1713 1843 1840 1937 qui
1879 1838 2088 1926 dicit,
2133 1863 2253 1908 mz-

136 1973 375 2038 nmus3
405 1949 583 2021 nihil
614 1951 969 2051 amplius?
1002 1957 1087 2022 In
1128 1951 1502 2024 hominem
1545 1948 1938 2022 dicendum
1978 1961 2088 2020 est
2128 1947 2254 2044 igi-

136 2071 267 2145 tur,
310 2082 543 2156 quum
588 2063 825 2132 oratio
860 2066 1556 2159 argumentationem
1590 2083 1741 2130 non
1783 2057 2022 2128 habet.
2055 2057 2254 2146 Quid

136 2165 351 2240 dicam
380 2170 457 2240 in
485 2171 861 2266 ignotum?
901 2171 1378 2262 Querendum
1416 2185 1524 2242 est
1563 2193 1736 2266 ergo
1775 2182 1848 2238 et
1872 2167 2252 2264 deploran-

134 2276 323 2369 dum,
350 2279 427 2350 id
462 2281 663 2377 quod
692 2281 1133 2377 J‘amdudum·
1158 2281 1380 2369 facio,
1419 2280 1512 2352 de
1541 2280 1742 2352 omni
1773 2278 2248 2349 accusationis

132 2388 536 2485 iniquitate:
566 2394 880 2487 primum
931 2391 1023 2463 de
1064 2393 1437 2464 communi
1480 2414 1745 2488 genere
1786 2390 2098 2461 testium.
2131 2388 2252 2457 Di-

130 2494 257 2567 cit8
298 2501 501 2569 enim
545 2504 741 2572 natio
786 2503 1085 2575 minime
1140 2504 1217 2573 in
1281 2502 1714 2575 testimoniis
1757 2497 2082 2573 dicendis
2126 2522 2244 2569 re-

130 2606 380 2704 ligiosa.
436 2612 739 2708 Propius
794 2613 1079 2686 accedo.
1135 2616 1338 2713 Nego
1393 2634 1548 2685 esse
1607 2613 1740 2684 ista
1793 2612 2241 2695 testimonia,

128 2740 272 2813 quae
322 2734 403 2792 tu
455 2722 606 2819 ipse
644 2720 1154 2835 psephismata
1177 2722 1536 2821 appellas3
1586 2721 1710 2795 sed
1760 2736 1833 2793 et
1873 2719 2240 2791 fiemitum

129 2832 553 2923 egentium,
494 2842 529 2891 9
588 2846 663 2903 et
701 2847 979 2903 motum
1008 2810 1396 2931 quemdam
1429 2830 1894 2904 temerarium
1919 2827 2240 2928 graeculae

1212 3071 1550 3131 multaverint,
1587 3069 1760 3121 Laelius
1789 3039 1952 3117 nudos
1984 3079 2036 3117 et
2069 3069 2242 3133 inopes

1214 3153 1364 3202 domo
1389 3168 1473 3201 eun
1497 3151 1724 3215 expellet.

126 3070 315 3133 publicis
328 3104 345 3133 ,
374 3071 467 3121 ubi
500 3088 577 3121 res
607 3088 661 3126 ea
694 3073 847 3123 fusius
878 3083 1125 3123 tractatur.

186 3151 233 3198 3.
269 3152 354 3198 E:
384 3162 725 3199 accusatorum
757 3152 991 3202 subselliis
1022 3170 1128 3202 sur-

122 3240 243 3289 gunt.
266 3233 485 3281 Auctore
502 3232 739 3281 Cicerone
764 3246 859 3297 pro
880 3234 995 3281 Sex.
1016 3235 1127 3282 Ro·

126 3307 241 3367 seio,
278 3326 425 3359 nemo
452 3311 607 3358 utitur
647 3322 765 3361 teste
806 3328 866 3360 eo
885 3345 904 3372 ,
942 3313 1029 3377 qui
1065 3313 1126 3362 de

125 3390 393 3437 accusatoris
418 3389 651 3441 subsellio
678 3390 846 3455 surgit.

183 3472 231 3520 4.
256 3470 365 3523 Una
390 3484 460 3515 ex
482 3468 629 3517 domo
642 3469 904 3533 prodeunt.
930 3471 1125 3521 Paullus

125 3544 163 3590 J.
180 3546 234 3595 C.
250 3564 301 3595 π.
320 3548 381 3597 de
399 3548 631 3599 tatibus:
650 3570 676 3596 οι
690 3550 859 3600 Testes
872 3566 985 3609 eos,
998 3567 1123 3613 quoe

124 3636 352 3675 aecusator
370 3626 432 3676 de
455 3628 603 3677 domo
631 3630 945 3692 produxerit,
970 3630 1121 3677 inter-

125 3706 267 3765 rogari
288 3720 389 3755 nou
412 3706 651 3771 placuit».

182 3783 231 3831 5.
260 3784 367 3847 Quo
390 3797 707 3843 revereantur,
722 3801 835 3841 ‘non
858 3783 1123 3836 habebunt.

126 3858 172 3905 Id
193 3873 287 3921 eet,
315 3864 529 3913 domum.
555 3864 743 3929 Nempe
766 3876 885 3913 sunt
904 3876 1121 3927 egentes,

1282 3233 1332 3283 6.
1348 3233 1428 3282 Sic
1446 3234 1634 3280 Eme-t.
1648 3248 1677 3279 e
1691 3230 1802 3279 cod.
1818 3227 2068 3280 Guelferb.
2082 3227 2230 3285 Olim,

1213 3310 1453 3378 ffundet.
1484 3316 1517 3361 J
1523 3348 1536 3360 .
1557 3315 1620 3361 V.
1649 3313 1702 3359 L.

1288 3408 1338 3453 ¹7.
1368 3391 1482 3439 Vita
1507 3392 1644 3441 Ioedi.
1673 3391 1734 3439 Id
1760 3400 1833 3439 est
1850 3423 1866 3447 ,
1893 3388 1992 3437 vita
2019 3395 2240 3435 anteacta
2272 3400 2278 3405 ·

1210 3470 1524 3535 reprehendi,
1553 3484 1610 3521 ut
1635 3472 1750 3519 inde
1779 3480 2120 3534 cognoscatur,
2151 3482 2239 3515 eos

1209 3551 1273 3599 nd
1302 3550 1562 3600 dicendum
1589 3551 1920 3601 testimonium
1940 3564 2040 3596 non
2060 3547 2239 3596 admit-

1210 3629 1404 3679 teudon-

1282 3710 1334 3757 8.
1367 3708 1516 3757 Dicit,
1551 3709 1920 3763 Tathnoninm.
1955 3730 2027 3743 -—
2061 3705 2235 3754 Natio.

1210 3788 1404 3835 Graeca.

1280 3882 1336 3929 9.
1359 3862 1558 3913 Sehfitz.
1594 3866 1703 3912 sine
1721 3866 1845 3913 MSS
1875 3886 1902 3905 α
1921 3880 2012 3929 ego
2033 3874 2119 3911 aut
2142 3863 2239 3911 fre·

124 3938 237 3987 Laelii
268 3953 465 4007 sumptu
502 3944 706 4003 vivuntg
740 3945 781 3991 ei
812 3944 963 4009 igitur
988 3944 1125 4006 quod
1212 3945 1386 3993 mitum
1421 3944 1690 4007 egentium,
1727 3953 1812 3991 aut
1843 3954 2062 4001 motum,
2092 3954 2188 3991 etc.
2213 3965 2239 3985 a»

450 4186 464 4214 f

29 4020 31 4025 '
123 4016 175 4065 ad
208 4021 407 4073 vei-bum
434 4022 737 4084 didicerunt,
768 4040 875 4075 uon
906 4024 1127 4090 apprime
1213 4026 1263 4075 J.
1281 4026 1348 4075 V.
1377 4027 1434 4075 L.
1475 4050 1548 4061 --
1579 4022 1834 4075 Freemtum
1876 4022 2135 4087 egentium.
2178 4022 2240 4071 Id
