2594 4537
544 300 936 373 ORATIO
986 300 1186 371 PRO
1235 304 1311 370 L.
1362 296 1781 372 FLACCO.
2097 303 2227 389 145

131 441 197 495 ut
244 424 434 498 hunc
485 425 628 495 hoc
674 424 951 520 judicio
987 438 1414 510 arcesserem
1451 448 1889 521 omnemque
1927 426 1993 495 ei
2029 450 2232 498 suam

131 542 601 608 auctoritatem
623 591 642 624 ‚
681 537 1012 632 gratiam,
1052 538 1292 632 copias
1314 590 1332 622 ‚
1367 558 1542 631 opes
1571 534 1657 604 ad
1690 534 1831 607 hoc
1858 539 2227 632 negotium

129 642 638 716 confi-ciendum
672 645 1033 717 detulisse.
1070 644 1152 715 Id
1190 645 1333 716 hoc
1360 643 1811 714 verisimilius
1842 647 2082 739 graecis
2108 646 2233 718 ho·

131 752 422 825 minibus
470 752 886 844 videbatur,
933 756 1062 852 qui
1112 755 1357 853 paullo
1398 764 1605 825 ante⁷
1647 757 1723 823 in
1764 754 2013 827 efflbm
2064 782 2231 853 pro-

131 865 336 936 vincia
369 858 840 935 familiarem⁸
888 866 1182 937 Laelium
1220 866 1471 936 Flacco
1518 862 1862 935 viderant.
1910 869 2234 965 Pompeii

130 990 349 1045 autem
375 976 759 1046 auctoritas
785 1000 1012 1071 quum
1047 973 1242 1072 apud
1280 1000 1535 1046 omnes
1566 988 1761 1044 tanta
1793 989 1939 1059 est,
1964 992 2234 1073 quanta

129 1110 264 1155 esse
299 1083 544 1171 debet,
581 1098 736 1154 tum
782 1085 1066 1155 excellit
1101 1086 1178 1155 in
1215 1088 1353 1155 ista
1392 1086 1795 1179 provincia,
1842 1108 2057 1181 quam
2094 1112 2235 1158 nu-

130 1218 246 1290 per
276 1209 344 1265 et
384 1193 866 1293 praedonum9,
894 1209 967 1265 et
999 1218 1255 1291 regum
1291 1192 1487 1264 bello
1523 1192 1867 1263 liberavit.
1898 1194 2020 1290 Adj
2032 1200 2234 1269 unxit

131 1305 333 1392 illam,
379 1320 460 1376 ut
502 1330 665 1393 003,
709 1308 837 1403 qui
889 1304 1110 1376 domo
1160 1305 1355 1376 exire
1407 1301 1751 1374 nolebant
1778 1357 1797 1390 ‚
1838 1309 2233 1379 testimonii

131 1412 740 1486 denuntiatione¹¹
788 1429 1090 1486 terreret
1120 1442 1139 1502 ;
1173 1414 1304 1511 qui
1351 1413 1549 1484 domi
1594 1428 1779 1484 stare
1824 1440 1977 1486 non
2024 1436 2234 1515 pote-

132 1534 380 1613 rant¹²‚
421 1526 620 1622 largo
653 1540 729 1596 et
766 1525 1045 1598 liberali
1076 1527 1338 1597 viatico
1376 1540 1886 1596 commoveret.
1926 1528 2044 1598 Sic
2078 1528 2237 1600 ado-

133 1634 413 1723 lescenS‚
447 1637 714 1733 ingenii
750 1635 1046 1733 plenus»,
1079 1636 1475 1734 locupletes
1509 1649 1747 1719 metu,
1774 1650 2031 1708 tenues
2064 1663 2240 1735 prae-

135 1748 302 1832 mi0‚
341 1747 600 1817 stultos
637 1772 882 1817 errore
924 1748 1282 1845 permovit
1321 1774 1335 1815 ε
1390 1748 1492 1817 sic
1530 1762 1699 1817 sunt
1736 1770 2069 1844 expressa
2106 1751 2239 1821 ista

133 1857 482 1949 praeclara,
531 1880 695 1952 quae
747 1853 1250 1943 recitantur1³‚
1296 1854 1820 1953 psephismata,
1876 1883 2027 1930 non
2069 1885 2236 1931 sen-

133 1967 388 2055 tentiis,
439 1990 682 2063 neque
734 1966 1280 2037 auctoritatibus
1336 1964 1690 2036 declarata
1716 2020 1735 2051 ,
1779 1990 1914 2037 nec
1954 1969 2237 2062 jureju-

134 2076 338 2147 rando
360 2078 742 2147 constricta
764 2132 784 2163 ‚
809 2077 932 2147 sed
960 2074 1393 2173 porrigenda
1428 2100 1649 2146 manu
1677 2079 1770 2161 Ἣ
1786 2076 2237 2172 profunden-

134 2183 351 2284 doque
394 2187 708 2257 clamore
745 2187 1230 2258 multitudinis
1267 2189 1661 2257 concitatae.

50 2347 64 2360 ⁶
135 2357 352 2406 sedilum
377 2368 518 2422 peter
557 2373 671 2406 cum
708 2368 848 2422 patre
887 2360 940 2406 L.
969 2357 1131 2406 Flacci
1219 2356 1429 2421 publicis
1445 2356 1643 2418 judiciis
1666 2356 1771 2421 lege
1794 2356 2077 2408 denuntiare
2094 2362 2238 2412 solet.

136 2437 382 2484 inimicitias
407 2446 617 2499 gesserat
632 2469 648 2494 ,
683 2437 764 2484 cui
799 2435 929 2484 aedili
970 2435 1150 2484 curuli·

135 2515 334 2565 tribunus
363 2516 522 2581 plebis
555 2515 685 2562 diem
723 2515 914 2564 dixerat
943 2537 985 2564 ι.
1031 2517 1128 2562 Pro

134 2595 336 2653 Murem,
362 2613 470 2659 cop.
493 2611 554 2654 ²7
579 2608 594 2641 :
627 2597 872 2642 «Accusat
899 2606 1148 2658 paternus·

135 2675 292 2722 micus
307 2708 322 2733 ,
343 2675 440 2724 Cu.
463 2674 770 2731 Postumius,
793 2685 932 2722 vetus
946 2705 962 2732 ,
985 2683 1038 2720 ut
1057 2675 1126 2720 ait

133 2753 244 2816 ipse,
255 2755 436 2802 vicinus
453 2764 504 2802 ct
519 2753 865 2802 necessarius».
887 2751 1124 2816 Equidem

135 2847 220 2880 non
237 2845 348 2896 puto
367 2834 668 2881 Postumium
679 2866 693 2889 ,
722 2833 1002 2896 pretorium
1017 2847 1127 2880 can-

133 2909 346 2970 didatum,
365 2912 576 2959 amicum
597 2911 744 2959 fuisse
765 2911 915 2974 patris
937 2913 990 2960 L.
1013 2913 1126 2958 Mu-

137 3005 244 3037 oenae
257 3027 270 3049 ‚
289 2993 368 3054 qui
387 3002 496 3038 tum
515 3000 616 3038 erat
637 2991 810 3038 consul
831 2990 1123 3054 designatus.

193 3085 238 3126 7.
258 3071 330 3118 Al.
345 3093 372 3113 ιι
385 3071 472 3133 qui
489 3087 546 3134 p.
567 3086 612 3117 11.
627 3069 908 3118 familiarem
926 3069 1126 3118 Laelium

137 3144 178 3192 in
191 3149 338 3196 eadem
357 3166 432 3214 pr.
449 3150 628 3196 Flacco
645 3149 864 3196 videraut
875 3171 915 3196 n.
933 3150 964 3196 J
969 3150 1052 3198 .V.
1067 3151 1123 3198 L.

193 3227 240 3272 8.
265 3229 592 3278 Familimm.
619 3229 686 3276 Ut
712 3228 816 3288 ejus
841 3229 1126 3292 praevarica-

137 3304 270 3354 tiones
311 3317 513 3372 propter
565 3306 934 3356 familiaritatem
981 3323 1124 3356 nosse

137 3387 334 3442 potuerit.
948 3445 952 3449 ·

197 3481 244 3524 9.
277 3465 580 3514 Proedouum.
614 3465 675 3513 Id
712 3477 784 3514 cst
798 3501 812 3524 ‚
841 3466 1123 3530 piratarum.

139 3565 196 3575 —
212 3545 271 3589 Ee
290 3561 474 3608 regum.
503 3545 728 3602 Scilicet,
757 3545 1058 3593 Mithridatis
1079 3553 1127 3592 et

138 3617 344 3681 Tigranis.

201 3715 269 3746 10.
293 3702 540 3768 Adju‘nxie
563 3701 672 3750 iIIa.
702 3701 890 3748 Laelius.

42 3827 44 3850 ς
201 3791 218 3822 1
235 3794 272 3824 1.
290 3783 331 3828 T
326 3781 565 3829 estimonii
576 3780 962 3828 denuntiatione.
979 3780 1132 3840 Quin-

42 3855 44 3862 '
141 3853 199 3901 til.
231 3855 310 3905 lib.
345 3862 410 3921 V,
442 3876 550 3922 cap.
593 3877 618 3920 7
663 3873 680 3908 z
721 3881 748 3900 «ι
765 3861 904 3915 Duo,
941 3859 1131 3921 inquit,

139 3947 286 3993 genera
321 3950 432 3986 sunt
467 3939 666 3986 testium
682 3971 700 3998 ,
721 3949 806 3986 aut
831 3937 1132 3984 voluntario·

1217 2439 1441 2498 Quorum
1472 2437 1621 2484 altero
1666 2447 1865 2500 utraque
1902 2454 2013 2502 pars
2051 2441 2240 2501 utitur,

1215 2515 1419 2562 alterum
1434 2513 1795 2562 accusatoribus
1824 2525 2009 2564 tautum
2027 2533 2235 2568 conces·

1215 2609 1323 2640 sum
1340 2605 1413 2641 cst
1438 2614 1483 2642 n.

1291 2687 1374 2720 12.
1414 2673 1509 2734 Qui
1530 2673 1667 2720 domi
1690 2683 1827 2720 stare
1854 2691 1953 2722 non
1978 2689 2232 2739 poterant.

1213 2751 1274 2798 Id
1295 2761 1401 2808 est,
1423 2751 1608 2810 miseri,
1634 2763 1721 2800 aut
1744 2753 1829 2814 qui
1855 2751 2057 2802 obaerati
2074 2768 2237 2806 crant.

1211 2856 1283 2866 -
1326 2834 1486 2894 Largo
1514 2841 1565 2878 ct
1600 2829 1789 2878 liberali
1820 2832 2027 2881 viatico.
2068 2837 2139 2882 lta
2178 2847 2233 2886 ut

1213 2920 1390 2972 praeter
1408 2910 1647 2974 impensas
1661 2910 1845 2956 itineris
1860 2923 2055 2973 possent
2072 2913 2235 2963 adhuc

1211 2987 1403 3051 aliquid
1434 2988 1559 3035 lucri
1589 2989 1762 3036 facere.
1794 2991 1917 3052 Lege
1939 2991 2069 3038 Juua
2095 2993 2154 3040 de
2184 2994 2235 3040 vi

1211 3066 1309 3115 lata
1332 3067 1507 3114 eodem
1542 3078 1759 3130 tempore
1797 3068 1865 3114 ob
1894 3070 2030 3116 Laelii
2060 3071 2237 3133 agendi

1211 3147 1446 3193 rationem
1471 3147 1521 3193 in
1546 3146 1769 3194 Flaccum
1787 3182 1801 3206 ,
1821 3163 1847 3194 11
1874 3147 2085 3196 diceudo
2105 3153 2239 3198 testi·

1210 3225 1381 3271 monio
1428 3235 1616 3272 arcetur
1651 3225 1693 3271 is
1733 3227 1819 3287 qui
1860 3226 1927 3273 ob
1973 3227 2235 3278 dicendum

1211 3303 1573 3364 testimouium,
1604 3303 1680 3352 vel
1712 3320 1813 3350 non
1848 3305 2107 3356 dicendum
2143 3327 2234 3374 pe-

1211 3383 1403 3430 cuniam
1434 3384 1673 3446 accepisse
1702 3381 1974 3444 judicatus,
2002 3387 2079 3432 vel
2112 3403 2234 3436 con-

1215 3463 1373 3508 victus
1400 3462 1508 3510 erit.

1293 3543 1370 3589 13.
1430 3543 1555 3606 Qua·
1608 3542 1887 3591 recitantur.
1943 3547 1999 3592 Iu
2047 3545 2237 3605 jndicio

1215 3629 1383 3668 contra
1410 3621 1656 3668 Flaccum.
1684 3647 1755 3656 -
1785 3623 2137 3685 Pseplu'smata.
2175 3625 2238 3673 Id

1216 3712 1317 3757 cst,
1346 3699 1537 3747 decret-a
1561 3701 1899 3762 Cymaeorum,
1924 3705 2243 3766 Pergameno-

1217 3794 1349 3836 rum,
1376 3779 1435 3826 de
1456 3778 1633 3841 quibus
1653 3779 1795 3825 infra.

1295 3866 1377 3914 14.
1418 3855 1723 3921 Porrigenda
1750 3873 1916 3906 ηιαηιι.
1959 3861 2243 3910 Graecorum

1222 3952 1330 3986 mos
1358 3938 1449 3984 suit
1469 3973 1485 3999 ,
1510 3949 1566 3984 ut
1592 3938 1643 3983 in
1674 3937 1994 3987 concionibus
2020 3957 2117 3988 rcm
2136 3975 2151 3998 ,
2182 3941 2246 3989 dc

142 4027 230 4062 rum
248 4048 264 4075 ‚
308 4029 389 4064 aut
449 4033 620 4066 corum
659 4017 839 4080 quibus
885 4015 1040 4077 Judex
1083 4017 1136 4066 in
1223 4033 1319 4078 qua
1346 4027 1591 4078 ageretur,
1616 4030 1718 4063 11011
1745 4017 2009 4081 suffragiis,
2035 4019 2123 4066 sed
2150 4020 2249 4066 cla-

313 4107 579 4173 1V.Cic.
597 4134 706 4182 pars
734 4117 949 4165 secunda.

1924 4128 2008 4173 10
