<?xml version="1.0" encoding="UTF-8"?>
<!DOCTYPE html PUBLIC "-//W3C//DTD XHTML 1.0 Transitional//EN"
    "http://www.w3.org/TR/xhtml1/DTD/xhtml1-transitional.dtd">
<html xmlns="http://www.w3.org/1999/xhtml" xml:lang="en" lang="en">
 <head>
  <title>
</title>
<meta http-equiv="Content-Type" content="text/html;charset=utf-8" />
  <meta name='ocr-system' content='tesseract 3.04.00' />
  <meta name='ocr-capabilities' content='ocr_page ocr_carea ocr_par ocr_line ocrx_word'/>
</head>
<body>
  <div class='ocr_page' id='page_1' title='image "./mtciceronisquae05lemagoog_0087.png"; bbox 0 0 2594 4537; ppageno 0'>
   <div class='ocr_carea' id='block_1_1' title="bbox 379 282 2212 377">
    <p class='ocr_par' dir='ltr' id='par_1_1' title="bbox 379 282 2212 377">
     <span class='ocr_line' id='line_1_1' title="bbox 379 282 2212 377; baseline 0 -23"><span class='ocrx_word' id='word_1_1' title='bbox 379 286 1117 355; x_wconf 73' lang='lat' dir='ltr'>comffiNTAmus</span> <span class='ocrx_word' id='word_1_2' title='bbox 1157 286 1481 357; x_wconf 71' lang='lat' dir='ltr'>scum..</span> <span class='ocrx_word' id='word_1_3' title='bbox 1526 282 1913 353; x_wconf 83' lang='lat' dir='ltr'><strong>AMBROS.</strong></span> <span class='ocrx_word' id='word_1_4' title='bbox 2123 283 2212 377; x_wconf 85' lang='lat'>75</span> 
     </span>
    </p>
   </div>
   <div class='ocr_carea' id='block_1_2' title="bbox 77 403 2213 585">
    <p class='ocr_par' dir='ltr' id='par_1_2' title="bbox 77 403 2213 585">
     <span class='ocr_line' id='line_1_2' title="bbox 77 403 2213 485; baseline 0 -20"><span class='ocrx_word' id='word_1_5' title='bbox 77 426 184 483; x_wconf 82' lang='lat' dir='ltr'>qua</span> <span class='ocrx_word' id='word_1_6' title='bbox 199 424 324 465; x_wconf 85' lang='lat' dir='ltr'>non</span> <span class='ocrx_word' id='word_1_7' title='bbox 349 419 520 485; x_wconf 82' lang='lat' dir='ltr'>putet</span> <span class='ocrx_word' id='word_1_8' title='bbox 541 407 882 465; x_wconf 85' lang='lat' dir='ltr'>innocentes</span> <span class='ocrx_word' id='word_1_9' title='bbox 899 426 1022 466; x_wconf 85' lang='lat' dir='ltr'>esse</span> <span class='ocrx_word' id='word_1_10' title='bbox 1033 406 1411 467; x_wconf 77' lang='lat' dir='ltr'>damnandos.</span> <span class='ocrx_word' id='word_1_11' title='bbox 1438 410 1563 466; x_wconf 88' lang='lat' dir='ltr'>Nec</span> <span class='ocrx_word' id='word_1_12' title='bbox 1582 405 1751 465; x_wconf 84' lang='lat' dir='ltr'>cadat</span> <span class='ocrx_word' id='word_1_13' title='bbox 1774 403 2020 481; x_wconf 79' lang='lat' dir='ltr'>suspicio</span> <span class='ocrx_word' id='word_1_14' title='bbox 2041 405 2213 483; x_wconf 64' lang='lat' dir='ltr'>regite</span> 
     </span>
     <span class='ocr_line' id='line_1_3' title="bbox 80 502 2210 585; baseline 0 -25"><span class='ocrx_word' id='word_1_15' title='bbox 80 504 408 583; x_wconf 65' lang='lat' dir='ltr'>cupiditatis</span> <span class='ocrx_word' id='word_1_16' title='bbox 431 505 493 565; x_wconf 89' lang='lat' dir='ltr'>in</span> <span class='ocrx_word' id='word_1_17' title='bbox 520 506 818 585; x_wconf 82' lang='lat' dir='ltr'>privatum</span> <span class='ocrx_word' id='word_1_18' title='bbox 842 519 1163 566; x_wconf 81' lang='lat' dir='ltr'><strong>senatorem</strong></span> <span class='ocrx_word' id='word_1_19' title='bbox 1178 549 1195 576; x_wconf 90' lang='lat'>,</span> <span class='ocrx_word' id='word_1_20' title='bbox 1217 526 1349 584; x_wconf 77' lang='lat' dir='ltr'>quae</span> <span class='ocrx_word' id='word_1_21' title='bbox 1374 524 1495 563; x_wconf 89' lang='lat' dir='ltr'>non</span> <span class='ocrx_word' id='word_1_22' title='bbox 1512 502 1788 563; x_wconf 79' lang='lat' dir='ltr'>ceciderit</span> <span class='ocrx_word' id='word_1_23' title='bbox 1810 504 1873 562; x_wconf 88' lang='lat' dir='ltr'>in</span> <span class='ocrx_word' id='word_1_24' title='bbox 1898 504 2210 563; x_wconf 84' lang='lat' dir='ltr'>consulem.</span> 
     </span>
    </p>
   </div>
   <div class='ocr_carea' id='block_1_3' title="bbox 87 671 2214 994">
    <p class='ocr_par' dir='ltr' id='par_1_3' title="bbox 87 671 2214 994">
     <span class='ocr_line' id='line_1_4' title="bbox 171 671 2213 763; baseline 0 -18"><span class='ocrx_word' id='word_1_25' title='bbox 171 674 234 745; x_wconf 85' lang='lat'>3.</span> <span class='ocrx_word' id='word_1_26' title='bbox 281 676 365 745; x_wconf 91' lang='lat' dir='ltr'>Si</span> <span class='ocrx_word' id='word_1_27' title='bbox 411 672 672 747; x_wconf 86' lang='lat' dir='ltr'>falsum</span> <span class='ocrx_word' id='word_1_28' title='bbox 712 673 1045 763; x_wconf 84' lang='lat' dir='ltr'><strong>dixerim,</strong></span> <span class='ocrx_word' id='word_1_29' title='bbox 1083 688 1156 747; x_wconf 88' lang='lat' dir='ltr'>te</span> <span class='ocrx_word' id='word_1_30' title='bbox 1199 679 1275 745; x_wconf 89' lang='lat' dir='ltr'>in</span> <span class='ocrx_word' id='word_1_31' title='bbox 1316 672 1606 745; x_wconf 88' lang='lat' dir='ltr'>eosdem</span> <span class='ocrx_word' id='word_1_32' title='bbox 1645 671 1939 760; x_wconf 87' lang='lat' dir='ltr'>dixisse;</span> <span class='ocrx_word' id='word_1_33' title='bbox 1994 673 2054 743; x_wconf 92' lang='lat' dir='ltr'>si</span> <span class='ocrx_word' id='word_1_34' title='bbox 2088 696 2213 745; x_wconf 88' lang='lat' dir='ltr'>ve-</span> 
     </span>
     <span class='ocr_line' id='line_1_5' title="bbox 89 779 2214 883; baseline -0.001 -29"><span class='ocrx_word' id='word_1_35' title='bbox 89 809 278 871; x_wconf 86' lang='lat' dir='ltr'>rum,</span> <span class='ocrx_word' id='word_1_36' title='bbox 321 810 480 856; x_wconf 87' lang='lat' dir='ltr'>non</span> <span class='ocrx_word' id='word_1_37' title='bbox 505 808 663 857; x_wconf 89' lang='lat' dir='ltr'>esse</span> <span class='ocrx_word' id='word_1_38' title='bbox 697 784 842 855; x_wconf 92' lang='lat' dir='ltr'>hoc</span> <span class='ocrx_word' id='word_1_39' title='bbox 869 808 1168 883; x_wconf 84' lang='lat' dir='ltr'>regnare</span> <span class='ocrx_word' id='word_1_40' title='bbox 1187 839 1206 872; x_wconf 90' lang='lat'>‚</span> <span class='ocrx_word' id='word_1_41' title='bbox 1243 808 1474 881; x_wconf 90' lang='lat' dir='ltr'>quum</span> <span class='ocrx_word' id='word_1_42' title='bbox 1502 806 1755 855; x_wconf 88' lang='lat' dir='ltr'>verum</span> <span class='ocrx_word' id='word_1_43' title='bbox 1784 782 2063 878; x_wconf 85' lang='lat' dir='ltr'>juratus</span> <span class='ocrx_word' id='word_1_44' title='bbox 2106 779 2214 851; x_wconf 88' lang='lat' dir='ltr'>di-</span> 
     </span>
     <span class='ocr_line' id='line_1_6' title="bbox 87 880 2053 994; baseline 0.003 -30"><span class='ocrx_word' id='word_1_45' title='bbox 87 919 226 983; x_wconf 86' lang='lat' dir='ltr'>cas,</span> <span class='ocrx_word' id='word_1_46' title='bbox 259 894 602 994; x_wconf 79' lang='lat' dir='ltr'>probare.</span> <span class='ocrx_word' id='word_1_47' title='bbox 2046 880 2053 887; x_wconf 38' lang='lat'>¹</span> 
     </span>
    </p>
   </div>
   <div class='ocr_carea' id='block_1_4' title="bbox 85 1040 2216 1709">
    <p class='ocr_par' dir='ltr' id='par_1_4' title="bbox 85 1040 2216 1709">
     <span class='ocr_line' id='line_1_7' title="bbox 151 1040 2215 1123; baseline -0.002 -20"><span class='ocrx_word' id='word_1_48' title='bbox 151 1049 216 1103; x_wconf 89' lang='lat' dir='ltr'>In</span> <span class='ocrx_word' id='word_1_49' title='bbox 241 1046 434 1104; x_wconf 87' lang='lat' dir='ltr'>altero</span> <span class='ocrx_word' id='word_1_50' title='bbox 455 1049 747 1103; x_wconf 76' lang='lat' dir='ltr'>accusatio</span> <span class='ocrx_word' id='word_1_51' title='bbox 767 1046 1084 1103; x_wconf 73' lang='lat' dir='ltr'>adversarii</span> <span class='ocrx_word' id='word_1_52' title='bbox 1099 1059 1186 1104; x_wconf 91' lang='lat' dir='ltr'>est</span> <span class='ocrx_word' id='word_1_53' title='bbox 1204 1088 1221 1118; x_wconf 91' lang='lat'>,</span> <span class='ocrx_word' id='word_1_54' title='bbox 1259 1045 1321 1103; x_wconf 87' lang='lat' dir='ltr'>in</span> <span class='ocrx_word' id='word_1_55' title='bbox 1352 1047 1533 1104; x_wconf 85' lang='lat' dir='ltr'>altero</span> <span class='ocrx_word' id='word_1_56' title='bbox 1558 1044 1657 1101; x_wconf 75' lang='lat' dir='ltr'>sui</span> <span class='ocrx_word' id='word_1_57' title='bbox 1672 1043 1925 1115; x_wconf 76' lang='lat' dir='ltr'><em>defensio</em></span> <span class='ocrx_word' id='word_1_58' title='bbox 1948 1040 2049 1123; x_wconf 82' lang='lat'>(1).</span> <span class='ocrx_word' id='word_1_59' title='bbox 2095 1044 2215 1099; x_wconf 81' lang='lat' dir='ltr'>Aut</span> 
     </span>
     <span class='ocr_line' id='line_1_8' title="bbox 85 1122 2216 1222; baseline -0.001 -25"><span class='ocrx_word' id='word_1_60' title='bbox 85 1140 306 1200; x_wconf 78' lang='lat' dir='ltr'>invidiae</span> <span class='ocrx_word' id='word_1_61' title='bbox 333 1162 564 1202; x_wconf 89' lang='lat' dir='ltr'>mecum</span> <span class='ocrx_word' id='word_1_62' title='bbox 587 1142 876 1222; x_wconf 82' lang='lat' dir='ltr'><strong>particeps</strong></span> <span class='ocrx_word' id='word_1_63' title='bbox 892 1186 909 1211; x_wconf 92' lang='lat'>,</span> <span class='ocrx_word' id='word_1_64' title='bbox 935 1142 1148 1222; x_wconf 87' lang='lat' dir='ltr'>inquit,</span> <span class='ocrx_word' id='word_1_65' title='bbox 1179 1139 1507 1213; x_wconf 70' lang='lat' dir='ltr'>videberiS,</span> <span class='ocrx_word' id='word_1_66' title='bbox 1534 1140 1727 1219; x_wconf 89' lang='lat' dir='ltr'>siquid</span> <span class='ocrx_word' id='word_1_67' title='bbox 1753 1138 1836 1220; x_wconf 73' lang='lat' dir='ltr'>(a)</span> <span class='ocrx_word' id='word_1_68' title='bbox 1862 1122 1921 1197; x_wconf 79' lang='lat' dir='ltr'>in</span> <span class='ocrx_word' id='word_1_69' title='bbox 1951 1157 2023 1197; x_wconf 90' lang='lat' dir='ltr'>eo</span> <span class='ocrx_word' id='word_1_70' title='bbox 2054 1156 2216 1215; x_wconf 84' lang='lat' dir='ltr'>rega-</span> 
     </span>
     <span class='ocr_line' id='line_1_9' title="bbox 85 1235 2209 1317; baseline -0.001 -23"><span class='ocrx_word' id='word_1_71' title='bbox 85 1239 204 1297; x_wconf 81' lang='lat' dir='ltr'>liter</span> <span class='ocrx_word' id='word_1_72' title='bbox 229 1240 377 1311; x_wconf 78' lang='lat' dir='ltr'>seci‚</span> <span class='ocrx_word' id='word_1_73' title='bbox 407 1237 570 1317; x_wconf 86' lang='lat' dir='ltr'>quod</span> <span class='ocrx_word' id='word_1_74' title='bbox 596 1240 658 1297; x_wconf 90' lang='lat' dir='ltr'>in</span> <span class='ocrx_word' id='word_1_75' title='bbox 689 1241 996 1299; x_wconf 86' lang='lat' dir='ltr'>sceleratos</span> <span class='ocrx_word' id='word_1_76' title='bbox 1017 1240 1280 1298; x_wconf 89' lang='lat' dir='ltr'>homines</span> <span class='ocrx_word' id='word_1_77' title='bbox 1308 1238 1701 1297; x_wconf 88' lang='lat' dir='ltr'>testimonium</span> <span class='ocrx_word' id='word_1_78' title='bbox 1731 1235 1887 1307; x_wconf 84' lang='lat' dir='ltr'>dixi,</span> <span class='ocrx_word' id='word_1_79' title='bbox 1932 1236 2209 1313; x_wconf 89' lang='lat' dir='ltr'>quoniam</span> 
     </span>
     <span class='ocr_line' id='line_1_10' title="bbox 86 1332 2213 1411; baseline -0.002 -19"><span class='ocrx_word' id='word_1_80' title='bbox 86 1348 137 1392; x_wconf 83' lang='lat' dir='ltr'>et</span> <span class='ocrx_word' id='word_1_81' title='bbox 155 1349 209 1393; x_wconf 88' lang='lat' dir='ltr'>te</span> <span class='ocrx_word' id='word_1_82' title='bbox 233 1338 296 1394; x_wconf 91' lang='lat' dir='ltr'>in</span> <span class='ocrx_word' id='word_1_83' title='bbox 321 1338 560 1396; x_wconf 87' lang='lat' dir='ltr'>eosdem</span> <span class='ocrx_word' id='word_1_84' title='bbox 584 1337 795 1395; x_wconf 83' lang='lat' dir='ltr'>dixisse</span> <span class='ocrx_word' id='word_1_85' title='bbox 823 1338 1186 1396; x_wconf 81' lang='lat' dir='ltr'>manifestum</span> <span class='ocrx_word' id='word_1_86' title='bbox 1210 1350 1330 1409; x_wconf 73' lang='lat' dir='ltr'>est,</span> <span class='ocrx_word' id='word_1_87' title='bbox 1356 1348 1456 1395; x_wconf 89' lang='lat' dir='ltr'>aut</span> <span class='ocrx_word' id='word_1_88' title='bbox 1480 1336 1531 1394; x_wconf 89' lang='lat' dir='ltr'>si</span> <span class='ocrx_word' id='word_1_89' title='bbox 1556 1333 1701 1394; x_wconf 84' lang='lat' dir='ltr'>fides</span> <span class='ocrx_word' id='word_1_90' title='bbox 1718 1346 1777 1393; x_wconf 90' lang='lat' dir='ltr'>et</span> <span class='ocrx_word' id='word_1_91' title='bbox 1802 1332 2000 1411; x_wconf 82' lang='lat' dir='ltr'>religio</span> <span class='ocrx_word' id='word_1_92' title='bbox 2026 1332 2213 1389; x_wconf 87' lang='lat' dir='ltr'>incor-</span> 
     </span>
     <span class='ocr_line' id='line_1_11' title="bbox 87 1428 2210 1511; baseline -0.001 -24"><span class='ocrx_word' id='word_1_93' title='bbox 87 1446 248 1511; x_wconf 81' lang='lat' dir='ltr'>rupta</span> <span class='ocrx_word' id='word_1_94' title='bbox 276 1434 340 1491; x_wconf 86' lang='lat' dir='ltr'>in</span> <span class='ocrx_word' id='word_1_95' title='bbox 364 1434 479 1493; x_wconf 87' lang='lat' dir='ltr'>illis</span> <span class='ocrx_word' id='word_1_96' title='bbox 511 1434 782 1493; x_wconf 89' lang='lat' dir='ltr'>omnibus</span> <span class='ocrx_word' id='word_1_97' title='bbox 817 1435 1158 1495; x_wconf 85' lang='lat' dir='ltr'>testimoniis</span> <span class='ocrx_word' id='word_1_98' title='bbox 1189 1435 1331 1505; x_wconf 82' lang='lat' dir='ltr'>fuit,</span> <span class='ocrx_word' id='word_1_99' title='bbox 1376 1453 1495 1493; x_wconf 92' lang='lat' dir='ltr'>non</span> <span class='ocrx_word' id='word_1_100' title='bbox 1522 1445 1714 1509; x_wconf 89' lang='lat' dir='ltr'>potest</span> <span class='ocrx_word' id='word_1_101' title='bbox 1742 1452 1843 1489; x_wconf 85' lang='lat' dir='ltr'>rex</span> <span class='ocrx_word' id='word_1_102' title='bbox 1880 1428 2068 1488; x_wconf 82' lang='lat' dir='ltr'>videri</span> <span class='ocrx_word' id='word_1_103' title='bbox 2108 1430 2210 1506; x_wconf 90' lang='lat' dir='ltr'>qui</span> 
     </span>
     <span class='ocr_line' id='line_1_12' title="bbox 89 1527 2213 1612; baseline -0 -26"><span class='ocrx_word' id='word_1_104' title='bbox 89 1531 406 1591; x_wconf 85' lang='lat' dir='ltr'>testimonio</span> <span class='ocrx_word' id='word_1_105' title='bbox 434 1532 650 1591; x_wconf 77' lang='lat' dir='ltr'>adserit</span> <span class='ocrx_word' id='word_1_106' title='bbox 673 1534 993 1592; x_wconf 82' lang='lat' dir='ltr'>veritatem.</span> <span class='ocrx_word' id='word_1_107' title='bbox 1022 1539 1091 1601; x_wconf 81' lang='lat' dir='ltr'>In</span> <span class='ocrx_word' id='word_1_108' title='bbox 1114 1545 1281 1612; x_wconf 89' lang='lat' dir='ltr'>parte</span> <span class='ocrx_word' id='word_1_109' title='bbox 1307 1532 1483 1611; x_wconf 86' lang='lat' dir='ltr'>igitur</span> <span class='ocrx_word' id='word_1_110' title='bbox 1504 1530 1787 1610; x_wconf 83' lang='lat' dir='ltr'>percussit</span> <span class='ocrx_word' id='word_1_111' title='bbox 1812 1527 2091 1605; x_wconf 88' lang='lat' dir='ltr'>Torquati</span> <span class='ocrx_word' id='word_1_112' title='bbox 2117 1544 2213 1585; x_wconf 87' lang='lat' dir='ltr'>ve-</span> 
     </span>
     <span class='ocr_line' id='line_1_13' title="bbox 88 1628 1813 1709; baseline 0.001 -26"><span class='ocrx_word' id='word_1_113' title='bbox 88 1628 410 1687; x_wconf 85' lang='lat' dir='ltr'>recundiam</span> <span class='ocrx_word' id='word_1_114' title='bbox 430 1678 446 1702; x_wconf 88' lang='lat'>,</span> <span class='ocrx_word' id='word_1_115' title='bbox 481 1630 542 1687; x_wconf 89' lang='lat' dir='ltr'>in</span> <span class='ocrx_word' id='word_1_116' title='bbox 566 1642 730 1709; x_wconf 81' lang='lat' dir='ltr'>parte</span> <span class='ocrx_word' id='word_1_117' title='bbox 755 1629 922 1688; x_wconf 88' lang='lat' dir='ltr'>diluit</span> <span class='ocrx_word' id='word_1_118' title='bbox 944 1631 1152 1709; x_wconf 88' lang='lat' dir='ltr'>regalis</span> <span class='ocrx_word' id='word_1_119' title='bbox 1181 1629 1358 1689; x_wconf 88' lang='lat' dir='ltr'>animi</span> <span class='ocrx_word' id='word_1_120' title='bbox 1382 1629 1813 1707; x_wconf 81' lang='lat' dir='ltr'>proprietatem.</span> 
     </span>
    </p>
   </div>
   <div class='ocr_carea' id='block_1_5' title="bbox 91 1798 2212 2093">
    <p class='ocr_par' dir='ltr' id='par_1_5' title="bbox 91 1798 2212 2093">
     <span class='ocr_line' id='line_1_14' title="bbox 177 1798 2211 1892; baseline -0.004 -17"><span class='ocrx_word' id='word_1_121' title='bbox 177 1809 244 1891; x_wconf 76' lang='grc'>4.</span> <span class='ocrx_word' id='word_1_122' title='bbox 297 1808 478 1877; x_wconf 87' lang='lat' dir='ltr'>Uter</span> <span class='ocrx_word' id='word_1_123' title='bbox 511 1803 804 1877; x_wconf 87' lang='lat' dir='ltr'>tandem</span> <span class='ocrx_word' id='word_1_124' title='bbox 869 1830 996 1876; x_wconf 82' lang='lat' dir='ltr'>rex</span> <span class='ocrx_word' id='word_1_125' title='bbox 1051 1818 1195 1892; x_wconf 89' lang='lat' dir='ltr'>est,</span> <span class='ocrx_word' id='word_1_126' title='bbox 1234 1805 1391 1875; x_wconf 89' lang='lat' dir='ltr'>isne</span> <span class='ocrx_word' id='word_1_127' title='bbox 1438 1806 1551 1874; x_wconf 86' lang='lat' dir='ltr'>cui</span> <span class='ocrx_word' id='word_1_128' title='bbox 1607 1804 2028 1873; x_wconf 86' lang='lat' dir='ltr'>innocentes</span> <span class='ocrx_word' id='word_1_129' title='bbox 2076 1798 2211 1868; x_wconf 91' lang='lat' dir='ltr'>ho-</span> 
     </span>
     <span class='ocr_line' id='line_1_15' title="bbox 91 1909 2212 2011; baseline -0.001 -31"><span class='ocrx_word' id='word_1_130' title='bbox 91 1912 308 1984; x_wconf 88' lang='lat' dir='ltr'>mines</span> <span class='ocrx_word' id='word_1_131' title='bbox 361 1939 511 1985; x_wconf 90' lang='lat' dir='ltr'>non</span> <span class='ocrx_word' id='word_1_132' title='bbox 561 1915 901 1985; x_wconf 86' lang='lat' dir='ltr'>resistunt</span> <span class='ocrx_word' id='word_1_133' title='bbox 924 1969 944 2003; x_wconf 85' lang='lat'>,</span> <span class='ocrx_word' id='word_1_134' title='bbox 999 1939 1089 1986; x_wconf 88' lang='lat' dir='ltr'>an</span> <span class='ocrx_word' id='word_1_135' title='bbox 1129 1918 1189 1985; x_wconf 89' lang='lat' dir='ltr'>is</span> <span class='ocrx_word' id='word_1_136' title='bbox 1227 1916 1356 2011; x_wconf 89' lang='lat' dir='ltr'>qui</span> <span class='ocrx_word' id='word_1_137' title='bbox 1392 1913 1838 1985; x_wconf 88' lang='lat' dir='ltr'>calamitosos</span> <span class='ocrx_word' id='word_1_138' title='bbox 1884 1934 2037 1981; x_wconf 89' lang='lat' dir='ltr'>non</span> <span class='ocrx_word' id='word_1_139' title='bbox 2086 1909 2212 1979; x_wconf 90' lang='lat' dir='ltr'>de·</span> 
     </span>
     <span class='ocr_line' id='line_1_16' title="bbox 93 2022 288 2093; baseline 0.021 -6"><span class='ocrx_word' id='word_1_140' title='bbox 93 2022 288 2093; x_wconf 80' lang='lat' dir='ltr'>serit?</span> 
     </span>
    </p>
   </div>
   <div class='ocr_carea' id='block_1_6' title="bbox 93 2170 2213 2834">
    <p class='ocr_par' dir='ltr' id='par_1_6' title="bbox 93 2170 2213 2834">
     <span class='ocr_line' id='line_1_17' title="bbox 163 2170 2213 2254; baseline -0.002 -24"><span class='ocrx_word' id='word_1_141' title='bbox 163 2174 516 2233; x_wconf 80' lang='lat' dir='ltr'>Praemiserat</span> <span class='ocrx_word' id='word_1_142' title='bbox 533 2170 688 2233; x_wconf 88' lang='lat' dir='ltr'>enim</span> <span class='ocrx_word' id='word_1_143' title='bbox 699 2174 985 2253; x_wconf 83' lang='lat' dir='ltr'>Torquati</span> <span class='ocrx_word' id='word_1_144' title='bbox 1013 2176 1477 2254; x_wconf 86' lang='lat' dir='ltr'>propositionem</span> <span class='ocrx_word' id='word_1_145' title='bbox 1498 2172 1669 2231; x_wconf 80' lang='lat' dir='ltr'>valde</span> <span class='ocrx_word' id='word_1_146' title='bbox 1697 2170 2213 2237; x_wconf 78' lang='lat' dir='ltr'>insolentissimam,</span> 
     </span>
     <span class='ocr_line' id='line_1_18' title="bbox 93 2267 2211 2351; baseline 0 -26"><span class='ocrx_word' id='word_1_147' title='bbox 93 2283 146 2326; x_wconf 86' lang='lat' dir='ltr'>et</span> <span class='ocrx_word' id='word_1_148' title='bbox 169 2267 354 2330; x_wconf 81' lang='lat' dir='ltr'>liberae</span> <span class='ocrx_word' id='word_1_149' title='bbox 369 2272 616 2332; x_wconf 83' lang='lat' dir='ltr'>civitatis</span> <span class='ocrx_word' id='word_1_150' title='bbox 636 2273 776 2330; x_wconf 91' lang='lat' dir='ltr'>odio</span> <span class='ocrx_word' id='word_1_151' title='bbox 800 2273 1031 2351; x_wconf 83' lang='lat' dir='ltr'>dignam</span> <span class='ocrx_word' id='word_1_152' title='bbox 1053 2295 1066 2330; x_wconf 73' lang='grc' dir='ltr'><strong><em>ε</em></strong></span> <span class='ocrx_word' id='word_1_153' title='bbox 1092 2271 1200 2330; x_wconf 90' lang='lat' dir='ltr'>nisi</span> <span class='ocrx_word' id='word_1_154' title='bbox 1219 2285 1286 2330; x_wconf 92' lang='lat' dir='ltr'>tu</span> <span class='ocrx_word' id='word_1_155' title='bbox 1308 2271 1659 2330; x_wconf 83' lang='lat' dir='ltr'>defendisses</span> <span class='ocrx_word' id='word_1_156' title='bbox 1676 2275 1742 2329; x_wconf 89' lang='lat' dir='ltr'>P.</span> <span class='ocrx_word' id='word_1_157' title='bbox 1764 2267 2005 2340; x_wconf 85' lang='lat' dir='ltr'>Sullam,</span> <span class='ocrx_word' id='word_1_158' title='bbox 2036 2286 2211 2325; x_wconf 89' lang='lat' dir='ltr'>nemo</span> 
     </span>
     <span class='ocr_line' id='line_1_19' title="bbox 93 2363 2208 2445; baseline 0 -25"><span class='ocrx_word' id='word_1_159' title='bbox 93 2363 424 2426; x_wconf 79' lang='lat' dir='ltr'>defenderet.</span> <span class='ocrx_word' id='word_1_160' title='bbox 455 2369 564 2428; x_wconf 90' lang='lat' dir='ltr'>Cui</span> <span class='ocrx_word' id='word_1_161' title='bbox 589 2370 781 2427; x_wconf 85' lang='lat' dir='ltr'>statim</span> <span class='ocrx_word' id='word_1_162' title='bbox 805 2369 866 2426; x_wconf 91' lang='lat' dir='ltr'>in</span> <span class='ocrx_word' id='word_1_163' title='bbox 895 2369 1082 2427; x_wconf 86' lang='lat' dir='ltr'>forma</span> <span class='ocrx_word' id='word_1_164' title='bbox 1109 2368 1440 2427; x_wconf 88' lang='lat' dir='ltr'>concessiva</span> <span class='ocrx_word' id='word_1_165' title='bbox 1464 2367 1717 2426; x_wconf 85' lang='lat' dir='ltr'>occurrit</span> <span class='ocrx_word' id='word_1_166' title='bbox 1738 2363 1842 2445; x_wconf 82' lang='lat'>(3).</span> <span class='ocrx_word' id='word_1_167' title='bbox 1866 2370 1976 2437; x_wconf 83' lang='lat' dir='ltr'>Ut,</span> <span class='ocrx_word' id='word_1_168' title='bbox 1998 2364 2208 2442; x_wconf 87' lang='lat' dir='ltr'>inquit,</span> 
     </span>
     <span class='ocr_line' id='line_1_20' title="bbox 95 2460 2211 2543; baseline 0.002 -27"><span class='ocrx_word' id='word_1_169' title='bbox 95 2461 222 2521; x_wconf 86' lang='lat' dir='ltr'>alios</span> <span class='ocrx_word' id='word_1_170' title='bbox 256 2465 568 2523; x_wconf 84' lang='lat' dir='ltr'>concedam</span> <span class='ocrx_word' id='word_1_171' title='bbox 605 2465 992 2543; x_wconf 86' lang='lat' dir='ltr'>patrocinium</span> <span class='ocrx_word' id='word_1_172' title='bbox 1040 2461 1425 2543; x_wconf 75' lang='lat' dir='ltr'>denegatur-os</span> <span class='ocrx_word' id='word_1_173' title='bbox 1463 2463 1671 2537; x_wconf 80' lang='lat' dir='ltr'>fuisse,</span> <span class='ocrx_word' id='word_1_174' title='bbox 1698 2463 1756 2521; x_wconf 91' lang='lat' dir='ltr'>in</span> <span class='ocrx_word' id='word_1_175' title='bbox 1794 2481 1967 2540; x_wconf 88' lang='lat' dir='ltr'>quem</span> <span class='ocrx_word' id='word_1_176' title='bbox 1999 2460 2211 2538; x_wconf 64' lang='lat' dir='ltr'>justius</span> 
     </span>
     <span class='ocr_line' id='line_1_21' title="bbox 93 2556 2205 2640; baseline 0.002 -28"><span class='ocrx_word' id='word_1_177' title='bbox 93 2556 434 2620; x_wconf 82' lang='lat' dir='ltr'>derivabitur</span> <span class='ocrx_word' id='word_1_178' title='bbox 459 2561 635 2619; x_wconf 86' lang='lat' dir='ltr'>animi</span> <span class='ocrx_word' id='word_1_179' title='bbox 661 2561 868 2640; x_wconf 85' lang='lat' dir='ltr'>regalis</span> <span class='ocrx_word' id='word_1_180' title='bbox 894 2561 1211 2639; x_wconf 85' lang='lat' dir='ltr'>cupiditas,</span> <span class='ocrx_word' id='word_1_181' title='bbox 1233 2561 1295 2619; x_wconf 91' lang='lat' dir='ltr'>in</span> <span class='ocrx_word' id='word_1_182' title='bbox 1318 2581 1411 2619; x_wconf 90' lang='lat' dir='ltr'>me</span> <span class='ocrx_word' id='word_1_183' title='bbox 1442 2561 1544 2638; x_wconf 90' lang='lat' dir='ltr'>qui</span> <span class='ocrx_word' id='word_1_184' title='bbox 1566 2571 1811 2639; x_wconf 82' lang='lat' dir='ltr'>protego</span> <span class='ocrx_word' id='word_1_185' title='bbox 1836 2561 2205 2629; x_wconf 87' lang='lat' dir='ltr'>innocentes,</span> 
     </span>
     <span class='ocr_line' id='line_1_22' title="bbox 97 2657 2209 2738; baseline 0.002 -29"><span class='ocrx_word' id='word_1_186' title='bbox 97 2675 164 2711; x_wconf 80' lang='lat' dir='ltr'>an</span> <span class='ocrx_word' id='word_1_187' title='bbox 193 2657 242 2715; x_wconf 90' lang='lat' dir='ltr'>in</span> <span class='ocrx_word' id='word_1_188' title='bbox 267 2671 324 2717; x_wconf 88' lang='lat' dir='ltr'>te</span> <span class='ocrx_word' id='word_1_189' title='bbox 357 2661 464 2738; x_wconf 87' lang='lat' dir='ltr'>qui</span> <span class='ocrx_word' id='word_1_190' title='bbox 491 2659 954 2719; x_wconf 83' lang='lat' dir='ltr'>subveniendum</span> <span class='ocrx_word' id='word_1_191' title='bbox 989 2679 1109 2717; x_wconf 87' lang='lat' dir='ltr'>non</span> <span class='ocrx_word' id='word_1_192' title='bbox 1143 2671 1314 2738; x_wconf 86' lang='lat' dir='ltr'>putas</span> <span class='ocrx_word' id='word_1_193' title='bbox 1342 2657 1783 2717; x_wconf 84' lang='lat' dir='ltr'>innocentibus?</span> <span class='ocrx_word' id='word_1_194' title='bbox 1820 2662 1957 2717; x_wconf 76' lang='lat' dir='ltr'>Non</span> <span class='ocrx_word' id='word_1_195' title='bbox 1988 2669 2209 2714; x_wconf 87' lang='lat' dir='ltr'>tantum</span> 
     </span>
     <span class='ocr_line' id='line_1_23' title="bbox 94 2751 1985 2834; baseline 0.003 -27"><span class='ocrx_word' id='word_1_196' title='bbox 94 2771 220 2830; x_wconf 72' lang='lat' dir='ltr'>ergo</span> <span class='ocrx_word' id='word_1_197' title='bbox 237 2774 294 2813; x_wconf 89' lang='lat' dir='ltr'>se</span> <span class='ocrx_word' id='word_1_198' title='bbox 323 2753 594 2814; x_wconf 85' lang='lat' dir='ltr'>liberavit</span> <span class='ocrx_word' id='word_1_199' title='bbox 615 2799 634 2829; x_wconf 90' lang='lat'>,</span> <span class='ocrx_word' id='word_1_200' title='bbox 663 2755 764 2814; x_wconf 89' lang='lat' dir='ltr'>sed</span> <span class='ocrx_word' id='word_1_201' title='bbox 789 2761 1158 2834; x_wconf 85' lang='lat' dir='ltr'>Torquatum</span> <span class='ocrx_word' id='word_1_202' title='bbox 1180 2754 1365 2814; x_wconf 88' lang='lat' dir='ltr'>multo</span> <span class='ocrx_word' id='word_1_203' title='bbox 1395 2753 1659 2814; x_wconf 84' lang='lat' dir='ltr'>acerbius</span> <span class='ocrx_word' id='word_1_204' title='bbox 1686 2751 1985 2833; x_wconf 88' lang='lat' dir='ltr'>proscidit.</span> 
     </span>
    </p>
   </div>
   <div class='ocr_carea' id='block_1_7' title="bbox 97 2892 2211 3437">
    <p class='ocr_par' dir='ltr' id='par_1_7' title="bbox 97 2892 2209 3192">
     <span class='ocr_line' id='line_1_24' title="bbox 190 2892 2207 2994; baseline -0.001 -28"><span class='ocrx_word' id='word_1_205' title='bbox 190 2892 242 2966; x_wconf 82' lang='lat'>5.</span> <span class='ocrx_word' id='word_1_206' title='bbox 277 2901 368 2968; x_wconf 85' lang='lat' dir='ltr'>At</span> <span class='ocrx_word' id='word_1_207' title='bbox 407 2896 528 2968; x_wconf 90' lang='lat' dir='ltr'>hic</span> <span class='ocrx_word' id='word_1_208' title='bbox 569 2902 784 2969; x_wconf 87' lang='lat' dir='ltr'>etiam</span> <span class='ocrx_word' id='word_1_209' title='bbox 823 2895 1096 2970; x_wconf 83' lang='lat' dir='ltr'>facetus</span> <span class='ocrx_word' id='word_1_210' title='bbox 1137 2921 1288 2970; x_wconf 88' lang='lat' dir='ltr'>esse</span> <span class='ocrx_word' id='word_1_211' title='bbox 1323 2897 2207 2994; x_wconf 79' lang='lat' dir='ltr'>voluisti‚quumTa1-qui-</span> 
     </span>
     <span class='ocr_line' id='line_1_25' title="bbox 97 3003 2209 3104; baseline 0.003 -35"><span class='ocrx_word' id='word_1_212' title='bbox 97 3003 282 3075; x_wconf 88' lang='lat' dir='ltr'>nium</span> <span class='ocrx_word' id='word_1_213' title='bbox 331 3021 404 3078; x_wconf 90' lang='lat' dir='ltr'>et</span> <span class='ocrx_word' id='word_1_214' title='bbox 447 3010 762 3078; x_wconf 87' lang='lat' dir='ltr'>Numam</span> <span class='ocrx_word' id='word_1_215' title='bbox 817 3022 892 3079; x_wconf 89' lang='lat' dir='ltr'>et</span> <span class='ocrx_word' id='word_1_216' title='bbox 943 3032 1062 3078; x_wconf 89' lang='lat' dir='ltr'>me</span> <span class='ocrx_word' id='word_1_217' title='bbox 1110 3009 1405 3080; x_wconf 84' lang='lat' dir='ltr'>tertium</span> <span class='ocrx_word' id='word_1_218' title='bbox 1458 3008 1921 3104; x_wconf 84' lang='lat' dir='ltr'>peregrinum</span> <span class='ocrx_word' id='word_1_219' title='bbox 1964 3029 2209 3101; x_wconf 87' lang='lat' dir='ltr'>regem</span> 
     </span>
     <span class='ocr_line' id='line_1_26' title="bbox 101 3119 1755 3192; baseline 0.002 -4"><span class='ocrx_word' id='word_1_220' title='bbox 101 3141 236 3188; x_wconf 81' lang='lat' dir='ltr'>esse</span> <span class='ocrx_word' id='word_1_221' title='bbox 273 3119 530 3192; x_wconf 86' lang='lat' dir='ltr'>dixisti.</span> <span class='ocrx_word' id='word_1_222' title='bbox 1747 3141 1755 3152; x_wconf 91' lang='lat'><em>·</em></span> 
     </span>
    </p>

    <p class='ocr_par' dir='ltr' id='par_1_8' title="bbox 101 3259 2211 3437">
     <span class='ocr_line' id='line_1_27' title="bbox 175 3259 2211 3340; baseline 0.001 -22"><span class='ocrx_word' id='word_1_223' title='bbox 175 3259 484 3320; x_wconf 80' lang='lat' dir='ltr'>Novitatem</span> <span class='ocrx_word' id='word_1_224' title='bbox 519 3259 810 3320; x_wconf 86' lang='lat' dir='ltr'>Ciceronis</span> <span class='ocrx_word' id='word_1_225' title='bbox 842 3260 1008 3318; x_wconf 89' lang='lat' dir='ltr'>multi</span> <span class='ocrx_word' id='word_1_226' title='bbox 1033 3260 1267 3338; x_wconf 87' lang='lat' dir='ltr'>quidem</span> <span class='ocrx_word' id='word_1_227' title='bbox 1294 3281 1403 3339; x_wconf 88' lang='lat' dir='ltr'>per</span> <span class='ocrx_word' id='word_1_228' title='bbox 1424 3260 1523 3318; x_wconf 86' lang='lat' dir='ltr'>illa</span> <span class='ocrx_word' id='word_1_229' title='bbox 1551 3274 1811 3340; x_wconf 89' lang='lat' dir='ltr'>tempora</span> <span class='ocrx_word' id='word_1_230' title='bbox 1846 3261 2211 3320; x_wconf 89' lang='lat' dir='ltr'>contumeliis</span> 
     </span>
     <span class='ocr_line' id='line_1_28' title="bbox 101 3351 2206 3437; baseline 0.002 -25"><span class='ocrx_word' id='word_1_231' title='bbox 101 3352 291 3428; x_wconf 77' lang='lat' dir='ltr'>agitare</span> <span class='ocrx_word' id='word_1_232' title='bbox 313 3359 624 3417; x_wconf 83' lang='lat' dir='ltr'>voluerunt</span> <span class='ocrx_word' id='word_1_233' title='bbox 637 3355 753 3437; x_wconf 77' lang='grc'>(4),</span> <span class='ocrx_word' id='word_1_234' title='bbox 784 3369 848 3416; x_wconf 89' lang='lat' dir='ltr'>ut</span> <span class='ocrx_word' id='word_1_235' title='bbox 875 3351 1122 3416; x_wconf 82' lang='lat' dir='ltr'>Catilina</span> <span class='ocrx_word' id='word_1_236' title='bbox 1151 3371 1210 3415; x_wconf 90' lang='lat' dir='ltr'>et</span> <span class='ocrx_word' id='word_1_237' title='bbox 1235 3357 1475 3417; x_wconf 88' lang='lat' dir='ltr'>Clodius</span> <span class='ocrx_word' id='word_1_238' title='bbox 1496 3357 1577 3436; x_wconf 85' lang='lat'>(5)</span> <span class='ocrx_word' id='word_1_239' title='bbox 1596 3401 1613 3432; x_wconf 91' lang='lat'>,</span> <span class='ocrx_word' id='word_1_240' title='bbox 1645 3371 1704 3416; x_wconf 90' lang='lat' dir='ltr'>et</span> <span class='ocrx_word' id='word_1_241' title='bbox 1736 3359 1896 3436; x_wconf 84' lang='lat' dir='ltr'>ipse,</span> <span class='ocrx_word' id='word_1_242' title='bbox 1942 3358 2206 3436; x_wconf 85' lang='lat' dir='ltr'>quamvis</span> 
     </span>
    </p>
   </div>
   <div class='ocr_carea' id='block_1_8' title="bbox 105 3533 2201 4008">
    <p class='ocr_par' dir='ltr' id='par_1_9' title="bbox 105 3533 2201 3770">
     <span class='ocr_line' id='line_1_29' title="bbox 171 3533 2201 3603; baseline 0 -18"><span class='ocrx_word' id='word_1_243' title='bbox 171 3533 236 3598; x_wconf 84' lang='lat'>(1)</span> <span class='ocrx_word' id='word_1_244' title='bbox 259 3536 498 3588; x_wconf 64' lang='lat' dir='ltr'>Coti-sic:</span> <span class='ocrx_word' id='word_1_245' title='bbox 526 3537 878 3586; x_wconf 69' lang='lat' dir='ltr'>«inuitem...</span> <span class='ocrx_word' id='word_1_246' title='bbox 912 3547 984 3586; x_wconf 79' lang='lat' dir='ltr'>eet</span> <span class='ocrx_word' id='word_1_247' title='bbox 1003 3539 1056 3586; x_wconf 89' lang='lat' dir='ltr'>in</span> <span class='ocrx_word' id='word_1_248' title='bbox 1081 3537 1311 3586; x_wconf 81' lang='lat' dir='ltr'>altero...</span> <span class='ocrx_word' id='word_1_249' title='bbox 1342 3546 1461 3598; x_wconf 79' lang='lat' dir='ltr'>ant,</span> <span class='ocrx_word' id='word_1_250' title='bbox 1489 3547 1584 3587; x_wconf 85' lang='lat' dir='ltr'>etc.</span> <span class='ocrx_word' id='word_1_251' title='bbox 1608 3559 1634 3580; x_wconf 68' lang='lat' dir='ltr'>a</span> <span class='ocrx_word' id='word_1_252' title='bbox 1660 3554 1769 3600; x_wconf 65' lang='lat' dir='ltr'>qum</span> <span class='ocrx_word' id='word_1_253' title='bbox 1790 3539 1945 3603; x_wconf 78' lang='lat' dir='ltr'>spatia</span> <span class='ocrx_word' id='word_1_254' title='bbox 1969 3536 2201 3602; x_wconf 76' lang='lat' dir='ltr'>replenda</span> 
     </span>
     <span class='ocr_line' id='line_1_30' title="bbox 105 3613 2200 3686; baseline 0.006 -29"><span class='ocrx_word' id='word_1_255' title='bbox 105 3613 383 3678; x_wconf 73' lang='lat' dir='ltr'>videbantur,</span> <span class='ocrx_word' id='word_1_256' title='bbox 401 3631 456 3668; x_wconf 85' lang='lat' dir='ltr'>ut</span> <span class='ocrx_word' id='word_1_257' title='bbox 473 3621 695 3669; x_wconf 80' lang='lat' dir='ltr'>fecimus.</span> <span class='ocrx_word' id='word_1_258' title='bbox 719 3623 874 3670; x_wconf 79' lang='lat' dir='ltr'>Porro</span> <span class='ocrx_word' id='word_1_259' title='bbox 896 3631 1063 3669; x_wconf 73' lang='lat' dir='ltr'>noster</span> <span class='ocrx_word' id='word_1_260' title='bbox 1083 3621 1328 3686; x_wconf 69' lang='lat' dir='ltr'>interpres</span> <span class='ocrx_word' id='word_1_261' title='bbox 1340 3620 1456 3670; x_wconf 70' lang='lat' dir='ltr'>satis</span> <span class='ocrx_word' id='word_1_262' title='bbox 1480 3620 1606 3670; x_wconf 84' lang='lat' dir='ltr'>bene</span> <span class='ocrx_word' id='word_1_263' title='bbox 1630 3621 1839 3671; x_wconf 73' lang='lat' dir='ltr'>declaret</span> <span class='ocrx_word' id='word_1_264' title='bbox 1858 3621 2200 3681; x_wconf 72' lang='lat' dir='ltr'>huminem,</span> 
     </span>
     <span class='ocr_line' id='line_1_31' title="bbox 105 3697 1384 3770; baseline 0.005 -23"><span class='ocrx_word' id='word_1_265' title='bbox 105 3697 184 3756; x_wconf 72' lang='lat' dir='ltr'>qui</span> <span class='ocrx_word' id='word_1_266' title='bbox 200 3703 469 3751; x_wconf 75' lang='lat' dir='ltr'>recentiores</span> <span class='ocrx_word' id='word_1_267' title='bbox 488 3705 688 3752; x_wconf 77' lang='lat' dir='ltr'>criticos</span> <span class='ocrx_word' id='word_1_268' title='bbox 711 3719 812 3753; x_wconf 89' lang='lat' dir='ltr'>non</span> <span class='ocrx_word' id='word_1_269' title='bbox 837 3719 1008 3770; x_wconf 83' lang='lat' dir='ltr'>parum</span> <span class='ocrx_word' id='word_1_270' title='bbox 1034 3705 1191 3754; x_wconf 78' lang='lat' dir='ltr'>torsit.</span> <span class='ocrx_word' id='word_1_271' title='bbox 1219 3706 1286 3754; x_wconf 78' lang='lat' dir='ltr'>A.</span> <span class='ocrx_word' id='word_1_272' title='bbox 1312 3707 1384 3754; x_wconf 81' lang='lat' dir='ltr'>M.</span> 
     </span>
    </p>

    <p class='ocr_par' dir='ltr' id='par_1_10' title="bbox 169 3779 742 3852">
     <span class='ocr_line' id='line_1_32' title="bbox 169 3779 742 3852; baseline 0.003 -20"><span class='ocrx_word' id='word_1_273' title='bbox 169 3779 238 3846; x_wconf 61' lang='grc' dir='ltr'>ξπ)</span> <span class='ocrx_word' id='word_1_274' title='bbox 259 3785 373 3836; x_wconf 84' lang='lat' dir='ltr'>cod.</span> <span class='ocrx_word' id='word_1_275' title='bbox 393 3787 553 3852; x_wconf 75' lang='lat' dir='ltr'>siquit.</span> <span class='ocrx_word' id='word_1_276' title='bbox 579 3788 640 3836; x_wconf 74' lang='lat' dir='ltr'>A.</span> <span class='ocrx_word' id='word_1_277' title='bbox 670 3789 742 3836; x_wconf 80' lang='lat' dir='ltr'>M.</span> 
     </span>
    </p>

    <p class='ocr_par' dir='ltr' id='par_1_11' title="bbox 173 3865 1444 3930">
     <span class='ocr_line' id='line_1_33' title="bbox 173 3865 1444 3930; baseline 0.001 -14"><span class='ocrx_word' id='word_1_278' title='bbox 173 3865 238 3930; x_wconf 73' lang='lat'>(3)</span> <span class='ocrx_word' id='word_1_279' title='bbox 263 3869 374 3916; x_wconf 83' lang='lat' dir='ltr'>Cod.</span> <span class='ocrx_word' id='word_1_280' title='bbox 392 3893 416 3912; x_wconf 73' lang='grc' dir='ltr'>κ</span> <span class='ocrx_word' id='word_1_281' title='bbox 432 3872 486 3918; x_wconf 87' lang='lat' dir='ltr'>in</span> <span class='ocrx_word' id='word_1_282' title='bbox 510 3872 717 3924; x_wconf 76' lang='lat' dir='ltr'>[ormam</span> <span class='ocrx_word' id='word_1_283' title='bbox 744 3872 1024 3920; x_wconf 74' lang='lat' dir='ltr'>concessiva</span> <span class='ocrx_word' id='word_1_284' title='bbox 1043 3872 1197 3921; x_wconf 86' lang='lat' dir='ltr'>currit</span> <span class='ocrx_word' id='word_1_285' title='bbox 1211 3894 1254 3918; x_wconf 75' lang='lat' dir='ltr'>n.</span> <span class='ocrx_word' id='word_1_286' title='bbox 1284 3875 1347 3921; x_wconf 88' lang='lat' dir='ltr'>A.</span> <span class='ocrx_word' id='word_1_287' title='bbox 1374 3873 1444 3918; x_wconf 81' lang='lat' dir='ltr'>M.</span> 
     </span>
    </p>

    <p class='ocr_par' dir='ltr' id='par_1_12' title="bbox 173 3947 852 4008">
     <span class='ocr_line' id='line_1_34' title="bbox 173 3947 852 4008; baseline -0.001 -5"><span class='ocrx_word' id='word_1_288' title='bbox 173 3947 238 4008; x_wconf 59' lang='lat' dir='ltr'>(ai)</span> <span class='ocrx_word' id='word_1_289' title='bbox 263 3953 376 4001; x_wconf 80' lang='lat' dir='ltr'>cod.</span> <span class='ocrx_word' id='word_1_290' title='bbox 401 3953 665 4003; x_wconf 78' lang='lat' dir='ltr'>voluerim.</span> <span class='ocrx_word' id='word_1_291' title='bbox 694 3957 757 4004; x_wconf 74' lang='lat' dir='ltr'>A.</span> <span class='ocrx_word' id='word_1_292' title='bbox 777 3955 852 4003; x_wconf 83' lang='lat' dir='ltr'>M.</span> 
     </span>
    </p>
   </div>
   <div class='ocr_carea' id='block_1_9' title="bbox 181 4029 2210 4102">
    <p class='ocr_par' dir='ltr' id='par_1_13' title="bbox 181 4029 2210 4102">
     <span class='ocr_line' id='line_1_35' title="bbox 181 4029 2210 4102; baseline -0.003 -10"><span class='ocrx_word' id='word_1_293' title='bbox 181 4029 246 4092; x_wconf 81' lang='grc'>’.5)</span> <span class='ocrx_word' id='word_1_294' title='bbox 279 4037 498 4102; x_wconf 72' lang='lat' dir='ltr'>Magnam</span> <span class='ocrx_word' id='word_1_295' title='bbox 537 4038 601 4088; x_wconf 82' lang='lat' dir='ltr'>de</span> <span class='ocrx_word' id='word_1_296' title='bbox 643 4053 730 4086; x_wconf 76' lang='lat' dir='ltr'>sua</span> <span class='ocrx_word' id='word_1_297' title='bbox 769 4037 1024 4086; x_wconf 74' lang='lat' dir='ltr'>nobilitate</span> <span class='ocrx_word' id='word_1_298' title='bbox 1055 4037 1339 4101; x_wconf 83' lang='lat' dir='ltr'>opinionem</span> <span class='ocrx_word' id='word_1_299' title='bbox 1380 4049 1429 4086; x_wconf 84' lang='lat' dir='ltr'>et</span> <span class='ocrx_word' id='word_1_300' title='bbox 1459 4037 1733 4102; x_wconf 84' lang='lat' dir='ltr'>superbiam</span> <span class='ocrx_word' id='word_1_301' title='bbox 1768 4039 1987 4087; x_wconf 65' lang='lat' dir='ltr'>Claudias</span> <span class='ocrx_word' id='word_1_302' title='bbox 2012 4039 2210 4086; x_wconf 73' lang='lat' dir='ltr'>familiae</span> 
     </span>
    </p>
   </div>
  </div>
 </body>
</html>
