2594 4537
306 275 593 347 GASP.
645 274 1243 345 GARATONII
1299 273 1834 343 EXCURSUS
1881 274 1980 343 11.
2083 272 2218 345 621

72 414 197 465 est
230 419 409 462 anno
445 398 577 485 699
613 396 693 483 (i.
727 417 783 460 e.
824 418 953 482 70⁰
984 394 1151 460 AJm.
1178 393 1203 475 )
1239 409 1445 457 actam
1479 393 1699 476 fuisse,
1731 416 1866 482 quo
1891 412 2128 483 praetor
2154 399 2226 463 C.
2327 396 2350 465 ’.

72 501 303 569 Alfius
345 501 473 567 fuit
493 550 513 586 ,
538 519 855 589 eumque,
879 523 1088 589 quum
1124 500 1470 579 majestatis
1503 499 1848 587 quaestioni
1869 517 2044 567 sorte
2068 523 2232 591 prae-

74 624 299 690 esset,
333 607 664 673 Planciani
701 622 919 671 tamen
939 604 1171 699 judicii
1196 629 1232 670 a
1260 606 1604 670 Laterense
1635 604 1885 671 editum
1929 608 2230 695 quaesito·

76 737 263 779 rem.
314 715 454 778 lam
505 734 697 795 vero,
749 713 1061 801 quoniam
1111 735 1249 777 non
1290 728 1436 777 tum
1483 712 1650 776 ratio
1687 734 1816 778 nos
1865 715 2064 804 fugit,
2117 714 2232 780 sed

78 842 285 886 nunc
318 822 485 885 facta
522 835 624 883 est
652 818 1151 909 argumentandi
1178 819 1550 899 conversio,
1587 818 1710 881 alia
1743 819 2232 910 ingrediendum

78 943 199 993 est
222 927 367 1008 via,
402 941 470 990 et
504 924 666 989 ille
648 948 717 988 111
747 926 975 1014 primis
1010 922 1428 1014 explicandus
1471 939 1570 988 est
1597 924 1777 988 locus
1807 948 1944 1015 cap.
1977 949 2081 1009 ao,
2120 927 2236 1015 qui

80 1054 222 1097 nos
258 1033 328 1095 in
356 1054 499 1097 eam
533 1047 821 1096 mentem
865 1029 1179 1096 adduxit:
1206 1029 1388 1097 «Sed
1421 1052 1538 1095 cur
1569 1052 1693 1117 ego
1735 1030 1828 1096 sic
1860 1031 2024 1121 ago?
2053 1034 2240 1122 quasi

80 1160 241 1203 non
272 1134 605 1204 comitiis
581 1159 715 1218 Jam
746 1135 1189 1225 superioribus
1226 1136 1314 1200 sit
1343 1134 1640 1199 Plancius
1676 1134 2048 1225 designatus
2079 1138 2238 1205 aedi-

78 1246 214 1309 lis.
248 1266 393 1331 quae
426 1241 689 1307 comitia
716 1243 1003 1332 primum
1028 1241 1269 1306 habere
1315 1242 1508 1331 coepit
1545 1242 1776 1307 consul
1794 1289 1814 1325 ,
1853 1264 2062 1329 quum
2097 1267 2244 1310 om-

82 1345 342 1410 nibus
324 1368 391 1409 m
426 1344 618 1409 rebus
645 1366 899 1409 summa
930 1344 1336 1425 auctoritate,
1371 1360 1517 1409 tum
1549 1344 1836 1408 harum
1818 1366 2108 1433 ipsarum
2141 1347 2238 1411 le·

86 1472 265 1543 gum
302 1449 585 1515 ambitus
633 1465 913 1514 auctor·
948 1446 1185 1514 deinde
1218 1447 1460 1513 habere
1495 1449 1688 1539 coepit
1715 1430 1973 1527 subite,
2007 1466 2242 1571 praeter

88 1554 484 1648 opinionem
518 1555 853 1637 omnium,
885 1571 994 1637 ut,
1036 1578 1122 1619 ne
1154 1556 1208 1619 si
1239 1555 1585 1644 cogitasset
1616 1554 1884 1643 quidem
1901 1556 2238 1679 quispiam

86 1662 351 1751 largiri,
382 1660 649 1727 daretur
670 1660 953 1750 spatium
974 1660 1395 1751 comparandi
1421 1693 1468 1727 ι.
1491 1661 1715 1727 Manet
1738 1664 2037 1746 omnino,
2059 1664 2242 1753 quod

91 1769 265 1833 olim
300 1768 666 1851 statuimus„
701 1766 878 1831 hisce
902 1767 1113 1831 verbis
1145 1768 1237 1833 M.
1269 1767 1594 1833 Licinium
1631 1771 1967 1853 Crassum,
2004 1792 2243 1835 consu·

90 1876 235 1938 lem
279 1896 430 1937 cum
466 1873 583 1940 Cn.
618 1872 935 1961 Pompeio
984 1873 1259 1955 iterum,
1309 1872 1673 1962 significari.
1717 1874 1913 1940 silvio
1957 1875 2026 1941 id
2065 1874 2243 1940 affir-

92 1979 313 2044 manti
352 1979 609 2069 negavit
654 1978 896 2061 injuste
935 1978 1004 2042 in
1056 2002 1175 2043 sua
1220 1978 1548 2045 Ciceronis
1591 1980 1861 2045 historia
1888 1981 2240 2048 Fabricius.

92 2085 440 2151 Plancium
474 2085 693 2173 itaque
723 2084 801 2149 iis
845 2106 1012 2149 coss·
1052 2084 1421 2150 aedilitatem
1458 2086 1693 2175 petisse
1714 2134 1732 2169 ,
1770 2102 1948 2151 certo
1979 2088 2240 2152 scimus.

93 2191 234 2257 Sed
270 2191 431 2256 illud
465 2212 731 2280 quoque
758 2188 1117 2255 tenendum
1148 2206 1278 2274 est,
1317 2191 1440 2256 illis
1469 2192 1856 2281 perturbatoe
1875 2192 2035 2282 reip.
2073 2208 2242 2257 tem·

93 2298 377 2389 poribus
407 2297 718 2387 postulari
742 2319 876 2363 non
908 2319 1101 2386 posse
1138 2313 1214 2362 ut
1243 2313 1438 2379 recte,
1469 2314 1664 2387 atque
1695 2297 1926 2363 ordine
1953 2321 2057 2365 res
2089 2323 2240 2390 age-

94 2420 339 2470 rentur
370 2425 555 2467 more
587 2402 931 2482 majorum.
972 2401 1273 2467 Ambitus
1323 2403 1631 2492 gliscebat
1675 2426 1885 2492 quum
1917 2405 2239 2471 maxime:

97 2509 370 2575 comitia
422 2509 491 2573 in
542 2531 791 2573 annum
836 2508 1211 2598 proximum
1266 2508 1771 2590 rejiciebantur.
1827 2509 2124 2576 consules
2162 2535 2242 2576 ex

97 2617 481 2704 interregno
516 2589 805 2679 fiebant·
844 2613 1079 2702 reliqui
1120 2614 1528 2705 magistratus
1563 2615 1707 2706 ipso
1723 2662 1742 2697 ,
1788 2639 1921 2703 quo
1955 2616 2241 2702 inibant,

98 2743 285 2786 anno
328 2743 367 2782 a
410 2720 597 2785 novis
646 2718 1025 2784 consulibus
1068 2721 1660 2786 renuntiabantur.
1706 2721 1940 2810 triceps
1973 2745 2243 2812 rempu-

98 2827 343 2892 blicam
382 2825 645 2890 tenebat
690 2824 1080 2906 dominatiO,
1134 2826 1322 2904 cujus
1355 2825 1439 2890 ad
1471 2843 1736 2909 nutum,
1785 2828 2008 2915 paucis
2041 2852 2240 2917 repu-

103 2931 493 3023 gnantibus,
528 2931 751 2995 omnia
785 2945 1185 3020 gererentur.
1217 2930 1448 3017 Itaque
1488 2931 1678 2994 initio
1707 2931 1862 2994 anni
1888 2931 2018 3017 698
2049 2933 2247 3000 Pom-

104 3040 295 3130 peius
311 3054 377 3103 et
389 3040 654 3104 Crassus
668 3061 786 3127 per
802 3038 936 3102 vim
956 3035 1368 3102 consulatum
1387 3037 1804 3127 arripuerunt
1822 3060 1839 3101 ι
1869 3039 2240 3130 statimque,

103 3147 278 3211 SCto
297 3146 409 3210 illo
441 3141 859 3235 impudenter
888 3158 1141 3208 extorto
1156 3189 1177 3223 ,
1216 3141 1299 3206 de
1331 3165 1465 3231 quo
1492 3142 1877 3207 Plutarchus
1911 3143 1980 3206 in
2011 3146 2239 3238 Caton.

105 3252 274 3316 Min.
302 3273 441 3341 cap.
466 3255 575 3333 42,
608 3265 674 3315 et
708 3251 936 3314 Cicero
969 3248 1051 3314 ad
1091 3251 1173 3332 Q.
1203 3250 1410 3314 Fratr.
1443 3249 1513 3314 ΙΙ
1524 3297 1542 3331 ,
1567 3271 1632 3336 9,
1665 3265 1741 3314 ut
1769 3265 2077 3338 praetores
2103 3254 2241 3321 sine

105 3357 243 3423 ulla
280 3379 465 3424 mora
510 3371 739 3421 contra
779 3357 950 3445 leges
997 3356 1446 3446 magistratum
1496 3355 1768 3437 inirent,
1801 3356 1871 3421 P.
1907 3358 2240 3426 Vatinium

106 3464 451 3553 largitione
498 3478 800 3527 crearunt
820 3510 839 3543 ,
895 3479 961 3526 et
1009 3465 1199 3544 Cat0,
1254 3459 1438 3550 quod
1494 3459 2016 3550 indignissimum
2079 3467 2244 3550 fuit,

108 3570 387 3636 maxima
446 3591 676 3634 eorum
726 3567 992 3634 infamia
1046 3567 1372 3657 repulsam
1421 3567 1591 3632 tulit.
1640 3567 1889 3632 Notum
1938 3587 2036 3636 est
2081 3571 2242 3638 illud

108 3676 285 3742 Calvi
316 3676 707 3741 accusatoris
721 3674 1048 3740 Vatiniani
1085 3674 1336 3740 dictum
1356 3720 1375 3757 ,
1402 3673 1578 3762 apud
1611 3673 1987 3756 Quintilian.
2015 3677 2109 3741 lx
2125 3726 2144 3755 ‚
2179 3699 2241 3763 2,

108 3803 256 3870 pag.
290 3784 457 3869 774<
493 3780 811 3869 «perfrica
834 3781 1151 3861 frontem,
1185 3795 1251 3844 et
1281 3778 1388 3845 dic
1415 3795 1480 3844 te
1503 3777 1896 3868 digniorem,
1932 3781 2047 3869 qui
2077 3805 2242 3870 prae-

112 3903 221 3950 tor
254 3884 689 3973 fieres,quam
723 3886 1100 3949 Catonem».
1132 3885 1304 3950 Nam
1339 3915 1366 3940 «ι
1385 3884 1628 3949 factum
1641 3913 1692 3966 v,
1717 3883 1934 3973 inquit
1967 3884 2143 3951 idem
2173 3889 2242 3953 in

114 3991 419 4058 eumdem
442 4038 461 4073 ,
493 3992 656 4057 Inst.
687 3990 965 4074 Quintil.
994 3991 1122 4074 Vl,
1162 4015 1225 4074 1,
1269 4015 1412 4080 pag.
1455 3989 1622 4074 503,
1664 4021 1691 4047 ι
1713 3991 2032 4058 ambitum
2071 3995 2246 4061 scitis
