2594 4537
355 260 496 334 236
767 262 1413 333 MARKLANDI
1460 262 1593 331 ET
1640 262 2093 333 GESNERI

343 382 562 472 jungit
577 411 604 438 e
625 404 785 458 aras,
805 382 984 445 focos
1000 430 1020 463 ,
1039 398 1304 470 penates
1326 412 1373 459 ι,
1406 382 1507 445 vel
1526 411 1553 438 σι
1574 380 1730 446 deos
1748 397 2015 469 penates
2042 414 2069 439 υ
2090 405 2106 447 :
2126 403 2311 465 ecce,
2334 383 2537 447 ada-

351 488 550 553 mavit
576 486 746 551 hanc
771 486 1146 569 junctumm
1183 502 1402 551 orator
1430 508 1551 574 pro
1582 488 1800 551 Domo
1832 486 1963 569 sic,
2003 502 2080 551 ut
2108 508 2253 551 eam
2288 488 2529 551 etiam

351 610 546 682 atque
605 593 796 657 etiam
863 609 1155 681 usurpet.
1209 594 1441 659 Statim
1498 615 1636 680 cap.
1696 616 1725 657 1
1776 593 1905 657 ciet
1964 592 2069 655 illa
2134 592 2527 673 vocabula,-

352 699 508 763 item
529 746 548 781 ,
580 720 720 787 cap.
766 700 853 776 4ο
872 746 891 780 ,
923 702 1002 776 41
1048 715 1114 763 et
1147 697 1251 764 56.
1282 698 1591 764 Similiter
1620 696 1703 762 ad
1731 696 2063 762 fastidium
2089 720 2301 786 usque
2326 699 2528 763 citat

351 836 376 859 «ι
397 804 558 869 deos
597 805 990 869 immortales
1012 853 1032 889 ,
1072 828 1173 869 res
1214 804 1622 870 incredibiles
1650 820 1716 869 et
1743 802 1989 869 divinas
2010 834 2037 863 υ
2052 852 2073 887 ‚
2117 803 2199 869 de
2242 806 2523 893 quibus

354 908 502 974 vide
525 932 669 998 quae
704 908 985 975 diximus
1021 910 1088 975 in
1123 926 1284 975 orat.
1316 909 1399 975 ad
1434 910 1619 993 Quir.
1653 919 1685 986 s
1718 932 1777 974 a.

438 1016 618 1080 VIII.
653 1016 717 1079 N
721 1038 849 1080 unc
884 1016 1104 1105 paucis
1139 1014 1493 1081 dicendum
1520 1031 1620 1080 est
1650 1012 1734 1079 de
1766 1012 2032 1098 ordine,
2064 1038 2203 1104 quo
2228 1015 2519 1103 priores

351 1118 497 1185 duae
541 1122 774 1185 harum
823 1120 1190 1185 orationum
1236 1120 1434 1209 vulgo
1480 1121 1916 1203 collocantur3
1961 1118 2115 1186 dein
2159 1120 2369 1185 varias
2400 1120 2519 1193 ,ad

351 1249 882 1315 unamquamque
915 1228 1397 1292 observationes
1422 1226 1737 1307 adjiciam.

440 1336 538 1399 De
581 1334 704 1399 illis
741 1332 1006 1423 quidem
1040 1334 1445 1411 orationibus
1490 1350 1663 1399 recte
1708 1348 2112 1398 monuerunt
2142 1333 2216 1396 P.
2258 1332 2517 1397 Manu-

355 1440 483 1506 tius
519 1458 586 1507 et
627 1444 1034 1509 Hotomanus
1061 1490 1080 1525 ,
1119 1466 1224 1507 eas
1271 1443 1361 1507 ita
1403 1439 1915 1530 transponendas
1955 1439 2160 1506 videri
2180 1488 2203 1521 ,
2244 1456 2327 1505 ut
2367 1442 2515 1529 pri-

357 1571 540 1613 mum
591 1548 810 1615 locum
859 1564 1136 1637 occupet
1176 1550 1315 1613 haec
1334 1596 1369 1636 ,t
1391 1571 1535 1637 quoe
1572 1548 1639 1611 in
1676 1564 1940 1630 senatu,
1977 1546 2346 1611 secundum
2382 1570 2511 1628 ea,

358 1678 503 1744 quae
549 1656 633 1719 ad
691 1656 977 1738 Quirites
1023 1656 1241 1722 habita
1287 1656 1685 1722 inscribitur.
1720 1659 1935 1744 Atque
1968 1645 2149 1720 hunc
2188 1655 2511 1719 ordinem

361 1762 658 1827 meliores
705 1760 956 1841 codices
1003 1778 1295 1845 tuentur,
1340 1762 1701 1851 suadetque
1740 1763 1879 1851 ipsa
1920 1784 2023 1827 res
2043 1809 2062 1843 ,
2094 1776 2173 1825 ut
2201 1763 2509 1850 primum

359 1868 614 1932 senatui
643 1868 871 1957 gratias
901 1884 1072 1933 actas
1111 1866 1451 1933 credamus
1470 1918 1489 1947 ‚
1522 1884 1743 1957 postea
1774 1868 2021 1955 populo
2052 1890 2367 1931 romano:
2390 1866 2507 1931 id·

358 1995 488 2061 que
519 1973 606 2038 ita
639 1958 880 2040 factum
917 1998 1055 2040 esse
1087 1973 1350 2039 tradidit
1380 1976 1505 2039 Dio
1542 1974 1715 2039 Cass.
1747 1974 2062 2056 XXXIX,
2094 1996 2178 2061 9:
2218 2004 2245 2029 ι
2266 1975 2507 2039 Rever-

361 2100 470 2143 sus
520 2080 718 2169 igitur
765 2097 864 2145 est
907 2082 1180 2155 Romam
1227 2080 1498 2161 Cicer-03
1548 2078 1843 2167 factaque
1885 2078 2009 2142 sibi
2040 2102 2077 2143 a
2112 2078 2504 2143 consulibus

359 2202 711 2276 potestate,
743 2188 995 2253 senatui
1019 2189 1086 2251 in
1115 2188 1292 2251 curia
1316 2236 1334 2271 ,
1366 2185 1744 2277 populoque
1775 2187 1845 2249 in
1878 2186 2228 2267 concione,
2262 2186 2502 2276 gratias

363 2296 494 2385 egit
516 2327 562 2360 ν.

451 2403 570 2466 ΙΧ.
614 2403 712 2465 De
753 2401 858 2466 illa
887 2425 1042 2466 vero
1081 2403 1407 2486 oratione,
1446 2425 1644 2491 quam
1676 2402 1757 2466 ab
1796 2401 2017 2466 exsilio
2051 2401 2363 2468 reductus
2392 2402 2499 2466 Ci-

365 2529 514 2571 cero
565 2507 842 2594 primam
888 2506 1120 2573 habuit
1163 2509 1230 2572 in
1279 2525 1547 2591 senatu,
1600 2508 1693 2573 sic
1724 2506 2143 2573 statuendum
2180 2525 2281 2573 est
2302 2558 2321 2591 ,
2354 2531 2501 2572 eam

365 2633 596 2699 magna
627 2610 954 2699 diligentia
987 2613 1449 2701 compositam,
1480 2630 1546 2678 et
1566 2661 1585 2696 ‚
1619 2612 1799 2702 quod
1828 2614 1897 2678 in
1930 2635 2121 2678 causa
2151 2636 2289 2677 non
2332 2636 2501 2700 quo-

363 2715 604 2780 tidiana
640 2719 1058 2806 extemporali
1105 2720 1356 2808 impetu
1390 2735 1505 2784 aut
1546 2721 1857 2784 memoria
1892 2718 2089 2784 fidere
2124 2741 2263 2783 non
2300 2718 2505 2784 aude-

365 2835 463 2885 ret
486 2868 504 2902 ,
553 2821 635 2884 de
679 2828 910 2910 scripto
951 2823 1192 2888 dictam
1237 2826 1435 2890 fuisse
1455 2873 1472 2906 ‚
1522 2842 1599 2890 ut
1645 2825 1783 2913 ipse
1832 2817 2033 2890 refert
2064 2824 2133 2888 in
2169 2841 2336 2890 orat.
2378 2847 2501 2914 pro

366 2924 584 2992 Plano.
623 2927 662 2992 l.
698 2928 739 2991 1.
785 2928 938 2994 Haec
983 2929 1154 2992 enim
1204 2929 1611 2994 consuetudo
1658 2930 1782 2994 fuit
1826 2945 2201 2994 senatorum
2226 2976 2246 3011 ,
2290 2953 2503 3018 quum

366 3034 686 3098 sententia
722 3033 990 3102 ferenda
1019 3051 1158 3100 erat
1189 3034 1270 3100 de
1304 3058 1409 3118 re,
1442 3057 1588 3124 quae
1619 3035 1969 3101 intentiore
2000 3058 2157 3100 cura
2188 3057 2379 3124 egere
2412 3037 2505 3099 vi-

365 3136 660 3204 debatur.
718 3127 902 3205 Vide'
937 3164 1057 3229 pro
1105 3141 1276 3206 Sext.
1325 3164 1382 3206 c.
1430 3141 1537 3204 61.
1585 3141 1862 3231 Philipp.
1898 3142 1968 3223 1,
2016 3164 2092 3224 ¹3
2128 3143 2223 3220 X,
2260 3164 2343 3222 2,
2378 3157 2497 3206 etc.

365 3244 494 3309 Ista
523 3261 742 3309 autem
775 3247 980 3310 oratio
997 3294 1018 3328 ,
1053 3269 1250 3334 quam
1282 3244 1479 3331 hodie
1510 3247 1689 3311 velut
1716 3247 1785 3310 in
1820 3262 2051 3312 senatu
2082 3245 2321 3310 dictam
2356 3247 2501 3336 legi-

369 3369 553 3429 mus,
587 3349 900 3440 perlonge
933 3351 1116 3416 abest
1149 3375 1186 3415 a
1221 3351 1333 3416 tali
1366 3373 1521 3415 cura
1558 3367 1623 3415 et
1652 3351 2001 3441 diligentia.
2038 3353 2209 3416 Nam
2240 3353 2363 3416 etsi
2401 3352 2499 3416 ni·

367 3454 502 3518 hilo
550 3453 819 3542 quidem
864 3455 1145 3522 deterior
1191 3479 1331 3522 esse
1378 3455 1637 3521 videtur
1680 3459 1947 3546 reliquis
2000 3457 2247 3538 tribus,
2284 3473 2497 3524 tamen

367 3561 538 3626 varia
569 3561 778 3626 inesse
807 3562 1235 3651 reperiemus,
1273 3584 1420 3651 quae
1454 3563 1615 3626 alius
1650 3564 1983 3651 scriptoris
2014 3585 2209 3650 quam
2241 3563 2496 3627 Cicero·

371 3667 466 3731 nis
501 3690 769 3732 manum
805 3690 927 3732 nos
959 3685 1182 3734 tenere
1213 3668 1585 3734 ostendant.

457 3775 540 3838 X.
576 3777 674 3839 De
719 3775 914 3838 altera
943 3775 1236 3840 oratione
1258 3821 1276 3856 ‚
1308 3773 1393 3838 ad
1427 3774 1713 3857 Quirites
1750 3776 2056 3863 inscripta
2076 3822 2095 3856 ,
2138 3775 2493 3838 accuratius

375 3878 563 3942 nobis
613 3895 711 3944 est
758 3878 1131 3946 dicendum.
1170 3881 1451 3970 Apparet
1492 3882 1665 3946 enim
1692 3930 1711 3964 ,
1756 3890 1959 3946 totam
2011 3882 2211 3946 ferme
2248 3879 2492 3944 brevia-

371 3985 542 4048 rium
591 4007 727 4049 esse
773 3985 1042 4072 prioris,
1094 3987 1176 4052 ab
1221 3985 1548 4076 hujusque
1592 3987 2013 4053 similitudine
2060 4009 2257 4052 omne
2300 3983 2384 4050 de
2425 4009 2489 4050 ea
