2594 4537
359 291 454 367 60
501 374 504 377 ,
917 282 920 285 ’
997 297 1094 367 Μ.
1146 299 1224 365 Τ.
1281 298 1848 370 CICERONIS
2533 375 2539 383 .

347 416 696 515 elegantia
755 416 973 515 atqu'e
1030 418 1439 514 integritate
1494 418 1805 507 vixistis,
1834 414 1975 489 boc
2014 416 2329 487 maxime
2368 418 2490 487 in·
2574 442 2576 457 ·

349 544 600 618 terest,
642 544 788 599 'non
857 552 944 599 ex
1003 527 1304 600 libidine
1326 583 1345 618 ,
1390 544 1514 601 aut
1556 527 1950 615 simultate,
2010 539 2134 596 aut
2190 525 2493 599 levitate

346 642 638 713 testium
677 664 922 712 causas
955 639 1431 711 honestorum
1476 638 1857 710 hominum
1887 634 2275 734 ponderari
2300 688 2319 723 ‚
2358 634 2493 707 sed

347 754 423 821 in
477 753 750 847 magnis
793 748 1418 846 disquisitionibus
1439 802 1459 837 ,
1508 747 2053 846 repentinisque
2098 744 2445 843 periculis
2470 796 2495 834 ,

347 860 569 931 vitam
605 860 1176 957 uniuscujusque
1191 884 1345 931 esse
1362 872 1615 930 testem
1638 867 1721 928 ¹0.
1737 858 1973 946 Quam
1990 878 2141 941 vos,
2163 855 2190 950 j
2200 853 2451 927 udices
2468 910 2490 942 ‚

349 970 578 1041 nolite
614 975 828 1041 armis
872 974 1017 1042 suis
1046 969 1423 1068 spoliatam
1448 980 1504 1013 ¹¹
1546 982 1764 1065 atque
1794 965 2139 1038 nudatam
2169 963 2493 1060 objicere

349 1080 635 1152 invidiae
655 1136 674 1170 ,
711 1080 973 1153 dedere
1009 1081 1427 1179 suspicioni.
1454 1082 1736 1151 Munite
1766 1100 2229 1151 communem
2248 1099 2490 1147 arcem

347 1189 829 1282 bonorum1²‚
866 1192 1220 1265 obstruite
1263 1189 1585 1289 perfugia
1643 1186 2176 1287 improborum.
2236 1186 2495 1259 Valeat

351 1299 442 1373 ad
477 1325 768 1400 poenam
809 1318 881 1373 et
920 1301 1010 1374 ad
1055 1303 1357 1375 salutem
1386 1300 1817 1399 plurimum,
1856 1324 2076 1397 quam
2114 1296 2345 1371 solam
2380 1298 2492 1367 vi-

350 1409 534 1483 detis
562 1414 789 1510 ipsam
817 1438 906 1484 ex
935 1414 1007 1483 vi
1039 1437 1168 1485 sua
1201 1426 1602 1510 naturaque
1628 1409 1961 1483 facillime
1989 1408 2341 1510 perspici;
2376 1430 2493 1479 su-

349 1518 508 1591 bito
535 1520 728 1593 flecti
757 1520 1080 1620 fingique
1117 1547 1266 1593 uon
1306 1545 1539 1620 posse.

451 1636 706 1705 XXIX.
749 1632 938 1723 Quid
978 1634 1212 1711 ‚veroi‘
1259 1633 1411 1703 haec
1447 1636 1835 1704 auctoritas
1856 1643 1881 1675 ¹
1918 1639 2259 1733 (semper
2292 1639 2495 1707 enim

355 1741 444 1813 de
481 1767 566 1813 ea
601 1742 988 1815 dicendum
1021 1758 1162 1831 est;
1197 1766 1637 1841 quamquam
1672 1766 1714 1812 a
1748 1766 1863 1813 me
1901 1742 2151 1815 timide
2178 1744 2497 1818 modice-

351 1877 500 1951 que
528 1850 883 1949 dicetur),
923 1853 1141 1950 quid,
1181 1855 1477 1950 inquam
1506 1906 1526 1941 ,
1568 1851 1721 1924 haec
1762 1858 2146 1927 auctoritas
2198 1870 2451 1927 nostra
2477 1911 2497 1943 ,

354 1965 485 2060 qui
507 1986 548 2034 a
567 1965 818 2036 ceteris
837 1964 1357 2059 conjurationis
1376 1974 1406 2005 ²
1428 1964 1657 2037 causis
1676 1961 2157 2037 abstinuimus
2172 2019 2194 2055 ,
2230 1969 2301 2037 P.
2324 1967 2493 2038 Sul·

353 2072 498 2145 lam
529 2072 982 2147 defendimus
1031 2103 1047 2145 :
1077 2074 1258 2145 nihil
1287 2074 1489 2146 hunc
1517 2072 1811 2145 tandem
1834 2074 2157 2169 juvabit?
2194 2081 2435 2150 Grave
2456 2078 2487 2124 ³

353 2198 464 2257 est
482 2184 623 2258 hoc
641 2180 916 2259 dict-um
938 2184 1236 2257 fortasse
1257 2238 1276 2274 ,
1288 2183 1566 2280 judices
1578 2238 1599 2273 ,
1612 2187 1671 2254 si
1686 2186 2095 2283 appetimus
2110 2191 2141 2241 4
2175 2186 2455 2287 aliquid
2476 2218 2493 2260 :

355 2296 450 2383 si,
479 2321 706 2394 quum
735 2299 952 2368 ceteri
983 2295 1074 2367 de
1102 2295 1317 2366 nobis
1341 2294 1587 2379 silent,
1624 2296 2007 2392 nongetiam
2038 2314 2325 2370 nosmet
2354 2300 2501 2396 ipsi

355 2419 710 2493 tacemuS,
751 2429 986 2502 grave.
1025 2405 1197 2492 Sed,
1236 2404 1295 2474 si
1335 2402 1692 2492 laedimur,
1728 2409 1785 2476 si
1822 2430 2271 2496 accusamur,
2314 2411 2375 2480 si
2414 2414 2497 2480 in

359 2514 700 2586 invidiam
749 2539 1140 2600 vocamur3
1190 2510 1519 2611 profecto
1545 2514 1939 2588 conceditis
1968 2515 2023 2605 ⁵,
2050 2517 2369 2613 judices,
2412 2535 2501 2592 ut

355 2623 570 2696 nobis
646 2622 1048 2695 libertatem
1108 2626 1423 2694 retinere
1484 2622 1697 2695 liceat
1739 2678 1759 2710 ,
1838 2628 1896 2696 si
1968 2629 2207 2701 minus
2284 2629 2499 2700 liceat

359 2734 804 2834 dignitatem.

434 2943 513 2977 xo.
525 2927 694 2976 Vitam
701 2927 1070 2993 uniuscujusque
1081 2944 1182 2977 esse
1194 2939 1375 2976 testem.
1464 2943 1557 2976 nus
1568 2923 1820 2993 perfugio.
1848 2955 1917 2966 -
1942 2929 2132 2978 Valeas.
2156 2929 2355 2980 Scilicet
2373 2928 2495 2981 vite.

357 3006 418 3054 Id
440 3018 513 3056 est
529 3041 546 3068 ‚
586 3009 794 3056 ωακίιιιο
819 3007 1017 3056 interest
1033 3009 1179 3056 vitam
1205 3008 1376 3057 unius-

356 3087 593 3151 cujusque
615 3103 718 3135 esee
741 3098 907 3136 testem
922 3122 937 3147 ,
961 3100 1010 3137 et
1035 3104 1199 3136 causas
1220 3088 1377 3136 hone·

357 3177 544 3216 storum
599 3183 700 3232 non
765 3167 1027 3233 ponderari
1068 3182 1128 3216 ex
1173 3166 1379 3216 libidine

355 3247 549 3295 testitum
562 3282 577 3308 ,
605 3259 698 3296 etc.

431 3343 513 3377 ιι.
550 3328 715 3376 Armis
743 3327 843 3376 suis
881 3327 1159 3392 spoliatam.
1191 3328 1249 3377 Id
1274 3338 1378 3393 est,

353 3404 503 3454 vitam
522 3406 669 3455 Sullae
693 3406 948 3472 spoliatam
964 3409 1064 3456 suis
1084 3407 1373 3468 virtutibus,

353 3485 563 3545 meritis,
587 3494 682 3534 etc.
709 3485 887 3548 quibus
911 3487 1092 3536 muniri
1117 3486 1258 3536 debet
1283 3487 1373 3534 ad-

352 3578 520 3612 versus
575 3563 860 3613 invidorum
906 3567 986 3614 vel
1035 3565 1374 3630 improborum

351 3631 606 3692 hominnm
629 3644 771 3693 sulm
792 3648 1139 3695 accusationes.

427 3738 508 3772 12.
555 3723 864 3773 Communem
911 3741 1072 3774 arcem
1113 3724 1371 3774 bonorum.

350 3799 414 3850 Id
429 3813 527 3859 est,
541 3802 690 3851 vitam
708 3814 976 3854 anteactam
987 3841 1002 3866 ,
1019 3821 1128 3868 qnae
1146 3814 1219 3852 est
1236 3805 1375 3868 quasi

351 3897 442 3928 arx
468 3883 756 3932 communis.
775 3909 844 3920 -
875 3883 1118 3932 obstruite
1137 3881 1375 3949 perfugia

353 3960 694 4027 improborum.
721 3962 824 4024 Qui
841 3961 971 4010 salsis
989 3963 1194 4013 testibus
1208 3963 1375 4012 bono·

350 4054 458 4088 rum
475 4040 674 4090 salutem
693 4052 998 4107 oppugnant.
1025 4042 1156 4092 Male
1181 4043 1373 4092 Lambi-

1463 3033 1535 3044 —-
1568 3008 1683 3054 Non
1702 3023 1859 3072 posse.
1907 3008 2123 3058 Suband.
2157 3025 2303 3074 quam
2342 3010 2497 3058 vitam

1466 3087 1643 3136 videtis
1662 3103 1763 3136 non
1786 3103 1931 3152 posse
1948 3087 2113 3137 subito
2133 3087 2269 3136 flecti
2286 3097 2337 3136 et
2354 3085 2497 3153 fingi.

1534 3168 1730 3216 1111.
1774 3182 1799 3217 1
1812 3203 1824 3216 .
1862 3171 1985 3218 Hoee
2010 3167 2295 3216 aratorius.
2330 3170 2497 3231 Quam

1468 3248 1743 3312 Torquatus
1768 3247 2035 3314 diminuere
2050 3259 2267 3306 ,conatus
2288 3257 2385 3296 eet.

1535 3343 1589 3374 α.
1632 3326 1729 3392 Qui
1764 3344 1799 3374 a
1828 3325 2017 3376 cetenis·
2032 3324 2397 3393 conjuracionis.
2435 3327 2496 3376 Id

1465 3416 1537 3454 eet
1552 3441 1569 3464 ,
1598 3407 1683 3469 qui
1708 3423 1771 3456 ex
1796 3407 2061 3468 conjuratis
2086 3406 2317 3456 omnibus
2340 3406 2497 3454 alium

1460 3485 1649 3537 nullum
1668 3485 1991 3535 defendimus.

1534 3567 1583 3615 3.
1614 3567 1786 3616 Grave.
1809 3566 1870 3614 Id
1898 3575 1972 3614 est
1994 3599 2011 3626 ,
2036 3563 2312 3630 superbiam
2341 3565 2493 3629 eupit.

1460 3674 1531 3686 —-
1555 3647 1717 3695 Verba
1734 3681 1749 3705 ,
1779 3657 1875 3696 ese.
1896 3681 1911 3695 .
1930 3679 1945 3693 .
1972 3644 2199 3711 judiees,
2230 3645 2433 3694 Gruter.
2460 3660 2491 3692 e

1462 3725 1581 3776 cod.
1630 3726 1732 3775 Erf.
1782 3725 2064 3792 supplevit3
2111 3723 2245 3772 Vict.
2300 3725 2495 3774 Manat.

1462 3805 1628 3854 Lamb.
1650 3821 1750 3853 non
1777 3813 2072 3868 agnoscunt.
2100 3801 2233 3852 LV.
2258 3803 2315 3850 1..

1535 3891 1584 3940 4.
1614 3882 1668 3931 si
1694 3882 1963 3948 appetimus
1988 3879 2196 3946 aliquid.
2226 3877 2410 3928 Laudis
2436 3895 2497 3926 ex

1461 3975 1627 4012 nostra
1646 3963 1955 4010 auctoritate.

1536 4043 1585 4092 5.
1614 4040 1898 4096 Conceditis.
1922 4043 1979 4090 1··.
2001 4041 2117 4091 Urs.
2136 4037 2303 4087 anb.
2325 4038 2493 4087 (ἐι-εν.
