<?xml version="1.0" encoding="UTF-8"?>
<!DOCTYPE html PUBLIC "-//W3C//DTD XHTML 1.0 Transitional//EN"
    "http://www.w3.org/TR/xhtml1/DTD/xhtml1-transitional.dtd">
<html xmlns="http://www.w3.org/1999/xhtml" xml:lang="en" lang="en">
 <head>
  <title>
</title>
<meta http-equiv="Content-Type" content="text/html;charset=utf-8" />
  <meta name='ocr-system' content='tesseract 3.04.00' />
  <meta name='ocr-capabilities' content='ocr_page ocr_carea ocr_par ocr_line ocrx_word'/>
</head>
<body>
  <div class='ocr_page' id='page_1' title='image "./mtciceronisquae05lemagoog_0229.png"; bbox 0 0 2594 4537; ppageno 0'>
   <div class='ocr_carea' id='block_1_1' title="bbox 149 332 2279 360">
    <p class='ocr_par' dir='ltr' id='par_1_1' title="bbox 149 332 2279 360">
     <span class='ocr_line' id='line_1_1' title="bbox 149 332 2279 360; baseline -0.003 -1"><span class='ocrx_word' id='word_1_1' title='bbox 149 332 1083 360; x_wconf 54' lang='lat' dir='ltr'><strong>”mmm-mmm</strong></span> <span class='ocrx_word' id='word_1_2' title='bbox 1087 337 1267 356; x_wconf 63' lang='lat' dir='ltr'><strong><em>m</em></strong></span> <span class='ocrx_word' id='word_1_3' title='bbox 1274 337 1295 354; x_wconf 54' lang='grc' dir='ltr'>ἢ</span> <span class='ocrx_word' id='word_1_4' title='bbox 1303 335 1356 355; x_wconf 57' lang='lat' dir='ltr'><strong>§S</strong></span> <span class='ocrx_word' id='word_1_5' title='bbox 1361 333 2279 356; x_wconf 50' lang='lat' dir='ltr'><strong>mssmmmm</strong></span> 
     </span>
    </p>
   </div>
   <div class='ocr_carea' id='block_1_2' title="bbox 1139 497 1276 566">
    <p class='ocr_par' dir='ltr' id='par_1_2' title="bbox 1139 497 1276 566">
     <span class='ocr_line' id='line_1_2' title="bbox 1139 497 1276 566; baseline 0.015 -2"><span class='ocrx_word' id='word_1_6' title='bbox 1139 497 1276 566; x_wconf 80' lang='grc' dir='ltr'><strong>ἸΝ</strong></span> 
     </span>
    </p>
   </div>
   <div class='ocr_carea' id='block_1_3' title="bbox 452 709 1964 842">
    <p class='ocr_par' dir='ltr' id='par_1_3' title="bbox 452 709 1964 842">
     <span class='ocr_line' id='line_1_3' title="bbox 452 709 1964 842; baseline -0.002 -2"><span class='ocrx_word' id='word_1_7' title='bbox 452 713 627 842; x_wconf 88' lang='lat' dir='ltr'><strong>M.</strong></span> <span class='ocrx_word' id='word_1_8' title='bbox 718 714 860 840; x_wconf 92' lang='lat' dir='ltr'><strong>T.</strong></span> <span class='ocrx_word' id='word_1_9' title='bbox 902 709 1964 842; x_wconf 87' lang='lat' dir='ltr'><strong>CICERONIS</strong></span> 
     </span>
    </p>
   </div>
   <div class='ocr_carea' id='block_1_4' title="bbox 232 951 2174 1270">
    <p class='ocr_par' dir='ltr' id='par_1_4' title="bbox 232 951 2174 1270">
     <span class='ocr_line' id='line_1_4' title="bbox 232 951 2174 1071; baseline -0.001 -23"><span class='ocrx_word' id='word_1_10' title='bbox 232 979 777 1069; x_wconf 63' lang='lat' dir='ltr'><strong>,QUATUOR</strong></span> <span class='ocrx_word' id='word_1_11' title='bbox 859 979 1488 1071; x_wconf 83' lang='lat' dir='ltr'><strong>SEQUENTES</strong></span> <span class='ocrx_word' id='word_1_12' title='bbox 1564 951 2174 1050; x_wconf 75' lang='lat' dir='ltr'><strong>ORArloNEs</strong></span> 
     </span>
     <span class='ocr_line' id='line_1_5' title="bbox 692 1174 1728 1270; baseline -0.001 -3"><span class='ocrx_word' id='word_1_13' title='bbox 692 1174 1728 1270; x_wconf 86' lang='lat' dir='ltr'><strong>PROLEGOMENA.</strong></span> 
     </span>
    </p>
   </div>
   <div class='ocr_carea' id='block_1_5' title="bbox 970 1391 1460 1422">
    <p class='ocr_par' dir='ltr' id='par_1_5' title="bbox 970 1391 1460 1422">
     <span class='ocr_line' id='line_1_6' title="bbox 970 1391 1460 1422; baseline 0 3115"><span class='ocrx_word' id='word_1_14' title='bbox 970 1391 1460 1422; x_wconf 95' lang='lat' dir='ltr'><strong> </strong></span> 
     </span>
    </p>
   </div>
   <div class='ocr_carea' id='block_1_6' title="bbox 150 1514 2291 4099">
    <p class='ocr_par' dir='ltr' id='par_1_6' title="bbox 150 1514 2291 4099">
     <span class='ocr_line' id='line_1_7' title="bbox 156 1514 2278 1667; baseline -0.001 -35"><span class='ocrx_word' id='word_1_15' title='bbox 156 1514 417 1667; x_wconf 64' lang='lat' dir='ltr'><strong>Qum:</strong></span> <span class='ocrx_word' id='word_1_16' title='bbox 433 1568 566 1650; x_wconf 81' lang='lat' dir='ltr'><strong>jam</strong></span> <span class='ocrx_word' id='word_1_17' title='bbox 596 1567 969 1632; x_wconf 81' lang='lat' dir='ltr'><strong>orationum</strong></span> <span class='ocrx_word' id='word_1_18' title='bbox 985 1568 1153 1632; x_wconf 81' lang='lat' dir='ltr'><strong>hanc</strong></span> <span class='ocrx_word' id='word_1_19' title='bbox 1180 1569 1416 1632; x_wconf 90' lang='lat' dir='ltr'><strong>seriem</strong></span> <span class='ocrx_word' id='word_1_20' title='bbox 1437 1568 1789 1658; x_wconf 78' lang='lat' dir='ltr'><strong>attigimus,</strong></span> <span class='ocrx_word' id='word_1_21' title='bbox 1813 1589 1958 1656; x_wconf 78' lang='lat' dir='ltr'><strong>quae</strong></span> <span class='ocrx_word' id='word_1_22' title='bbox 1977 1565 2278 1632; x_wconf 78' lang='lat' dir='ltr'><strong>Ciceroni</strong></span> 
     </span>
     <span class='ocr_line' id='line_1_8' title="bbox 150 1672 2278 1764; baseline -0.001 -26"><span class='ocrx_word' id='word_1_23' title='bbox 150 1698 185 1738; x_wconf 79' lang='lat' dir='ltr'>a</span> <span class='ocrx_word' id='word_1_24' title='bbox 210 1673 543 1739; x_wconf 75' lang='lat' dir='ltr'><strong>nonnullis</strong></span> <span class='ocrx_word' id='word_1_25' title='bbox 558 1673 1031 1756; x_wconf 80' lang='lat' dir='ltr'><strong>abjudicantur,</strong></span> <span class='ocrx_word' id='word_1_26' title='bbox 1050 1696 1263 1763; x_wconf 79' lang='lat' dir='ltr'><strong>operae</strong></span> <span class='ocrx_word' id='word_1_27' title='bbox 1292 1674 1576 1764; x_wconf 85' lang='lat' dir='ltr'><strong>pretium</strong></span> <span class='ocrx_word' id='word_1_28' title='bbox 1597 1672 1854 1739; x_wconf 84' lang='lat' dir='ltr'><strong>videtur</strong></span> <span class='ocrx_word' id='word_1_29' title='bbox 1871 1672 1954 1738; x_wconf 88' lang='lat' dir='ltr'><strong>de</strong></span> <span class='ocrx_word' id='word_1_30' title='bbox 1982 1697 2052 1738; x_wconf 92' lang='lat' dir='ltr'><strong>re</strong></span> <span class='ocrx_word' id='word_1_31' title='bbox 2073 1693 2278 1763; x_wconf 74' lang='lat' dir='ltr'><strong>pauca</strong></span> 
     </span>
     <span class='ocr_line' id='line_1_9' title="bbox 152 1779 2280 1870; baseline -0.001 -26"><span class='ocrx_word' id='word_1_32' title='bbox 152 1779 493 1864; x_wconf 78' lang='lat' dir='ltr'>disserere,</span> <span class='ocrx_word' id='word_1_33' title='bbox 538 1803 713 1869; x_wconf 80' lang='lat' dir='ltr'><strong>quae,</strong></span> <span class='ocrx_word' id='word_1_34' title='bbox 764 1781 1057 1869; x_wconf 77' lang='lat' dir='ltr'><strong>quamvis</strong></span> <span class='ocrx_word' id='word_1_35' title='bbox 1102 1780 1276 1870; x_wconf 84' lang='lat' dir='ltr'><strong>apud</strong></span> <span class='ocrx_word' id='word_1_36' title='bbox 1309 1781 1668 1846; x_wconf 79' lang='lat' dir='ltr'><strong>Germanos</strong></span> <span class='ocrx_word' id='word_1_37' title='bbox 1713 1780 1989 1846; x_wconf 90' lang='lat' dir='ltr'><strong>omnino</strong></span> <span class='ocrx_word' id='word_1_38' title='bbox 2031 1795 2170 1844; x_wconf 81' lang='lat' dir='ltr'><strong>acta</strong></span> <span class='ocrx_word' id='word_1_39' title='bbox 2203 1799 2280 1842; x_wconf 82' lang='lat' dir='ltr'><strong>ac</strong></span> 
     </span>
     <span class='ocr_line' id='line_1_10' title="bbox 154 1882 2278 1977; baseline -0.001 -26"><span class='ocrx_word' id='word_1_40' title='bbox 154 1885 489 1976; x_wconf 80' lang='lat' dir='ltr'><strong>profligata</strong></span> <span class='ocrx_word' id='word_1_41' title='bbox 520 1887 602 1952; x_wconf 88' lang='lat' dir='ltr'><strong>sit</strong></span> <span class='ocrx_word' id='word_1_42' title='bbox 616 1935 635 1970; x_wconf 91' lang='lat'><strong>,</strong></span> <span class='ocrx_word' id='word_1_43' title='bbox 671 1902 973 1952; x_wconf 84' lang='lat' dir='ltr'><strong>nostrum</strong></span> <span class='ocrx_word' id='word_1_44' title='bbox 1002 1887 1330 1976; x_wconf 86' lang='lat' dir='ltr'><strong>plerisque</strong></span> <span class='ocrx_word' id='word_1_45' title='bbox 1361 1903 1478 1952; x_wconf 82' lang='lat' dir='ltr'><strong>aut</strong></span> <span class='ocrx_word' id='word_1_46' title='bbox 1505 1887 1728 1977; x_wconf 84' lang='lat' dir='ltr'><strong>ignota</strong></span> <span class='ocrx_word' id='word_1_47' title='bbox 1749 1934 1769 1968; x_wconf 94' lang='lat'><strong>,</strong></span> <span class='ocrx_word' id='word_1_48' title='bbox 1801 1901 1914 1951; x_wconf 84' lang='lat' dir='ltr'><strong>aut</strong></span> <span class='ocrx_word' id='word_1_49' title='bbox 1945 1901 2116 1950; x_wconf 88' lang='lat' dir='ltr'><strong>certe</strong></span> <span class='ocrx_word' id='word_1_50' title='bbox 2150 1882 2278 1948; x_wconf 88' lang='lat' dir='ltr'><strong>du·</strong></span> 
     </span>
     <span class='ocr_line' id='line_1_11' title="bbox 152 1990 2280 2082; baseline -0.002 -26"><span class='ocrx_word' id='word_1_51' title='bbox 152 1991 255 2057; x_wconf 79' lang='lat' dir='ltr'><strong>bia</strong></span> <span class='ocrx_word' id='word_1_52' title='bbox 294 2015 477 2058; x_wconf 83' lang='lat' dir='ltr'><strong>nunc</strong></span> <span class='ocrx_word' id='word_1_53' title='bbox 514 1992 707 2057; x_wconf 80' lang='lat' dir='ltr'><strong>etiam</strong></span> <span class='ocrx_word' id='word_1_54' title='bbox 742 2009 1059 2082; x_wconf 77' lang='lat' dir='ltr'><strong>superest.</strong></span> <span class='ocrx_word' id='word_1_55' title='bbox 1096 1992 1334 2080; x_wconf 81' lang='lat' dir='ltr'>Neque</span> <span class='ocrx_word' id='word_1_56' title='bbox 1366 1991 1558 2057; x_wconf 86' lang='lat' dir='ltr'><strong>nobis</strong></span> <span class='ocrx_word' id='word_1_57' title='bbox 1593 1990 1757 2055; x_wconf 88' lang='lat' dir='ltr'><strong>illud</strong></span> <span class='ocrx_word' id='word_1_58' title='bbox 1801 1992 1872 2054; x_wconf 90' lang='lat' dir='ltr'><strong>in</strong></span> <span class='ocrx_word' id='word_1_59' title='bbox 1917 1990 2138 2058; x_wconf 83' lang='lat' dir='ltr'><strong>animo</strong></span> <span class='ocrx_word' id='word_1_60' title='bbox 2182 2003 2280 2053; x_wconf 86' lang='lat' dir='ltr'><strong>est</strong></span> 
     </span>
     <span class='ocr_line' id='line_1_12' title="bbox 160 2096 2280 2179; baseline -0.003 -15"><span class='ocrx_word' id='word_1_61' title='bbox 160 2097 237 2164; x_wconf 88' lang='lat' dir='ltr'><strong>de</strong></span> <span class='ocrx_word' id='word_1_62' title='bbox 266 2098 707 2166; x_wconf 75' lang='lat' dir='ltr'><strong>controversia</strong></span> <span class='ocrx_word' id='word_1_63' title='bbox 725 2101 847 2166; x_wconf 80' lang='lat' dir='ltr'><strong>hac</strong></span> <span class='ocrx_word' id='word_1_64' title='bbox 874 2100 1149 2165; x_wconf 88' lang='lat' dir='ltr'><strong>omnino</strong></span> <span class='ocrx_word' id='word_1_65' title='bbox 1172 2099 1562 2164; x_wconf 82' lang='lat' dir='ltr'><strong>sententiam</strong></span> <span class='ocrx_word' id='word_1_66' title='bbox 1591 2100 1780 2179; x_wconf 86' lang='lat' dir='ltr'><strong>ferre,</strong></span> <span class='ocrx_word' id='word_1_67' title='bbox 1810 2113 1877 2162; x_wconf 86' lang='lat' dir='ltr'><strong>et</strong></span> <span class='ocrx_word' id='word_1_68' title='bbox 1890 2097 2190 2162; x_wconf 78' lang='lat' dir='ltr'><strong>universa</strong></span> <span class='ocrx_word' id='word_1_69' title='bbox 2209 2096 2280 2158; x_wconf 87' lang='lat' dir='ltr'><strong>in</strong></span> 
     </span>
     <span class='ocr_line' id='line_1_13' title="bbox 156 2195 2282 2295; baseline -0.003 -25"><span class='ocrx_word' id='word_1_70' title='bbox 156 2221 501 2295; x_wconf 80' lang='lat' dir='ltr'><strong>utramque</strong></span> <span class='ocrx_word' id='word_1_71' title='bbox 532 2195 791 2295; x_wconf 56' lang='lat' dir='ltr'><strong>partem*</strong></span> <span class='ocrx_word' id='word_1_72' title='bbox 814 2206 1113 2288; x_wconf 83' lang='lat' dir='ltr'><strong>recitare,</strong></span> <span class='ocrx_word' id='word_1_73' title='bbox 1146 2227 1292 2293; x_wconf 81' lang='lat' dir='ltr'><strong>quae</strong></span> <span class='ocrx_word' id='word_1_74' title='bbox 1322 2204 1407 2270; x_wconf 81' lang='lat' dir='ltr'><strong>ad</strong></span> <span class='ocrx_word' id='word_1_75' title='bbox 1435 2225 1694 2268; x_wconf 79' lang='lat' dir='ltr'><strong>causam</strong></span> <span class='ocrx_word' id='word_1_76' title='bbox 1727 2202 2133 2294; x_wconf 81' lang='lat' dir='ltr'><strong>pertineant3</strong></span> <span class='ocrx_word' id='word_1_77' title='bbox 2166 2199 2282 2289; x_wconf 89' lang='lat' dir='ltr'><strong>qui</strong></span> 
     </span>
     <span class='ocr_line' id='line_1_14' title="bbox 154 2310 2278 2402; baseline -0.002 -25"><span class='ocrx_word' id='word_1_78' title='bbox 154 2314 383 2402; x_wconf 84' lang='lat' dir='ltr'><strong>plenus</strong></span> <span class='ocrx_word' id='word_1_79' title='bbox 444 2312 614 2379; x_wconf 86' lang='lat' dir='ltr'><strong>taedii</strong></span> <span class='ocrx_word' id='word_1_80' title='bbox 669 2313 853 2378; x_wconf 85' lang='lat' dir='ltr'><strong>labor</strong></span> <span class='ocrx_word' id='word_1_81' title='bbox 898 2312 965 2377; x_wconf 90' lang='lat' dir='ltr'><strong>in</strong></span> <span class='ocrx_word' id='word_1_82' title='bbox 1028 2313 1426 2379; x_wconf 86' lang='lat' dir='ltr'><strong>immensum</strong></span> <span class='ocrx_word' id='word_1_83' title='bbox 1481 2327 1876 2376; x_wconf 87' lang='lat' dir='ltr'><strong>excresceret</strong></span> <span class='ocrx_word' id='word_1_84' title='bbox 1929 2310 2238 2375; x_wconf 80' lang='lat' dir='ltr'><strong>volumen</strong></span> <span class='ocrx_word' id='word_1_85' title='bbox 2258 2354 2278 2388; x_wconf 92' lang='lat'><strong>,</strong></span> 
     </span>
     <span class='ocr_line' id='line_1_15' title="bbox 154 2416 2280 2509; baseline -0.002 -26"><span class='ocrx_word' id='word_1_86' title='bbox 154 2436 215 2483; x_wconf 90' lang='lat' dir='ltr'><strong>et</strong></span> <span class='ocrx_word' id='word_1_87' title='bbox 262 2419 668 2485; x_wconf 81' lang='lat' dir='ltr'><strong>Ciceroniani</strong></span> <span class='ocrx_word' id='word_1_88' title='bbox 698 2420 911 2509; x_wconf 86' lang='lat' dir='ltr'><strong>operis</strong></span> <span class='ocrx_word' id='word_1_89' title='bbox 948 2419 1177 2484; x_wconf 87' lang='lat' dir='ltr'><strong>seriem</strong></span> <span class='ocrx_word' id='word_1_90' title='bbox 1227 2418 1404 2508; x_wconf 85' lang='lat' dir='ltr'><strong>gravi</strong></span> <span class='ocrx_word' id='word_1_91' title='bbox 1437 2418 1736 2507; x_wconf 85' lang='lat' dir='ltr'><strong>digressu</strong></span> <span class='ocrx_word' id='word_1_92' title='bbox 1778 2416 2280 2496; x_wconf 79' lang='lat' dir='ltr'><strong>interturbaret3</strong></span> 
     </span>
     <span class='ocr_line' id='line_1_16' title="bbox 152 2521 2283 2615; baseline -0.002 -25"><span class='ocrx_word' id='word_1_93' title='bbox 152 2548 377 2590; x_wconf 74' lang='lat' dir='ltr'><strong>verum</strong></span> <span class='ocrx_word' id='word_1_94' title='bbox 410 2525 539 2591; x_wconf 83' lang='lat' dir='ltr'><strong>litis</strong></span> <span class='ocrx_word' id='word_1_95' title='bbox 584 2542 722 2591; x_wconf 80' lang='lat' dir='ltr'><strong>acta</strong></span> <span class='ocrx_word' id='word_1_96' title='bbox 755 2548 832 2591; x_wconf 81' lang='lat' dir='ltr'><strong>ex</strong></span> <span class='ocrx_word' id='word_1_97' title='bbox 864 2525 1173 2593; x_wconf 80' lang='lat' dir='ltr'><strong>Schiitzio</strong></span> <span class='ocrx_word' id='word_1_98' title='bbox 1202 2524 1548 2615; x_wconf 83' lang='lat' dir='ltr'><strong>desumpta</strong></span> <span class='ocrx_word' id='word_1_99' title='bbox 1575 2525 1645 2589; x_wconf 88' lang='lat' dir='ltr'><strong>in</strong></span> <span class='ocrx_word' id='word_1_100' title='bbox 1695 2546 1906 2589; x_wconf 87' lang='lat' dir='ltr'><strong>unum</strong></span> <span class='ocrx_word' id='word_1_101' title='bbox 1941 2521 2283 2588; x_wconf 86' lang='lat' dir='ltr'><strong>eumdem·</strong></span> 
     </span>
     <span class='ocr_line' id='line_1_17' title="bbox 156 2628 2282 2720; baseline -0.002 -23"><span class='ocrx_word' id='word_1_102' title='bbox 156 2654 277 2719; x_wconf 88' lang='lat' dir='ltr'><strong>que</strong></span> <span class='ocrx_word' id='word_1_103' title='bbox 316 2631 579 2697; x_wconf 81' lang='lat' dir='ltr'><strong>brevem</strong></span> <span class='ocrx_word' id='word_1_104' title='bbox 610 2630 839 2697; x_wconf 87' lang='lat' dir='ltr'><strong>orbem</strong></span> <span class='ocrx_word' id='word_1_105' title='bbox 870 2630 1246 2720; x_wconf 84' lang='lat' dir='ltr'><strong>colligemus</strong></span> <span class='ocrx_word' id='word_1_106' title='bbox 1261 2678 1281 2712; x_wconf 94' lang='lat'><strong>,</strong></span> <span class='ocrx_word' id='word_1_107' title='bbox 1323 2646 1390 2695; x_wconf 86' lang='lat' dir='ltr'><strong>et</strong></span> <span class='ocrx_word' id='word_1_108' title='bbox 1432 2629 1734 2710; x_wconf 84' lang='lat' dir='ltr'><strong>subjectis</strong></span> <span class='ocrx_word' id='word_1_109' title='bbox 1783 2628 2282 2719; x_wconf 79' lang='lat' dir='ltr'><strong>praeclarissimis</strong></span> 
     </span>
     <span class='ocr_line' id='line_1_18' title="bbox 157 2735 2282 2826; baseline -0 -25"><span class='ocrx_word' id='word_1_110' title='bbox 157 2760 223 2801; x_wconf 65' lang='lat' dir='ltr'>m</span> <span class='ocrx_word' id='word_1_111' title='bbox 262 2736 347 2803; x_wconf 88' lang='lat' dir='ltr'><strong>de</strong></span> <span class='ocrx_word' id='word_1_112' title='bbox 381 2760 453 2803; x_wconf 88' lang='lat' dir='ltr'><strong>re</strong></span> <span class='ocrx_word' id='word_1_113' title='bbox 496 2738 552 2802; x_wconf 83' lang='lat' dir='ltr'><strong>J.</strong></span> <span class='ocrx_word' id='word_1_114' title='bbox 580 2738 665 2803; x_wconf 87' lang='lat' dir='ltr'><strong>V.</strong></span> <span class='ocrx_word' id='word_1_115' title='bbox 704 2735 959 2803; x_wconf 64' lang='lat' dir='ltr'><strong>Les-lere</strong></span> <span class='ocrx_word' id='word_1_116' title='bbox 994 2736 1698 2820; x_wconf 75' lang='lat' dir='ltr'><strong>animadversionibus,</strong></span> <span class='ocrx_word' id='word_1_117' title='bbox 1743 2739 1859 2826; x_wconf 87' lang='lat' dir='ltr'><strong>qui</strong></span> <span class='ocrx_word' id='word_1_118' title='bbox 1906 2736 2128 2825; x_wconf 82' lang='lat' dir='ltr'><strong>paucis</strong></span> <span class='ocrx_word' id='word_1_119' title='bbox 2165 2758 2282 2824; x_wconf 82' lang='lat' dir='ltr'><strong>pa·</strong></span> 
     </span>
     <span class='ocr_line' id='line_1_19' title="bbox 156 2843 2289 2935; baseline -0 -27"><span class='ocrx_word' id='word_1_120' title='bbox 156 2846 319 2934; x_wconf 80' lang='lat' dir='ltr'><strong>ginis</strong></span> <span class='ocrx_word' id='word_1_121' title='bbox 338 2892 356 2927; x_wconf 94' lang='lat'><strong>,</strong></span> <span class='ocrx_word' id='word_1_122' title='bbox 394 2867 529 2933; x_wconf 86' lang='lat' dir='ltr'><strong>quo</strong></span> <span class='ocrx_word' id='word_1_123' title='bbox 564 2860 665 2910; x_wconf 80' lang='lat' dir='ltr'><strong>est</strong></span> <span class='ocrx_word' id='word_1_124' title='bbox 694 2845 958 2935; x_wconf 87' lang='lat' dir='ltr'><strong>ingenio</strong></span> <span class='ocrx_word' id='word_1_125' title='bbox 999 2860 1064 2910; x_wconf 91' lang='lat' dir='ltr'><strong>et</strong></span> <span class='ocrx_word' id='word_1_126' title='bbox 1096 2843 1426 2929; x_wconf 75' lang='lat' dir='ltr'><strong>doctrina,</strong></span> <span class='ocrx_word' id='word_1_127' title='bbox 1459 2846 1882 2933; x_wconf 78' lang='lat' dir='ltr'><strong>quaestionem</strong></span> <span class='ocrx_word' id='word_1_128' title='bbox 1914 2858 2117 2908; x_wconf 79' lang='lat' dir='ltr'><strong>totam</strong></span> <span class='ocrx_word' id='word_1_129' title='bbox 2151 2865 2289 2906; x_wconf 85' lang='lat' dir='ltr'><strong>am·</strong></span> 
     </span>
     <span class='ocr_line' id='line_1_20' title="bbox 155 2945 2286 3040; baseline -0.002 -27"><span class='ocrx_word' id='word_1_130' title='bbox 155 2950 377 3036; x_wconf 79' lang='lat' dir='ltr'><strong>plexus</strong></span> <span class='ocrx_word' id='word_1_131' title='bbox 428 2965 527 3014; x_wconf 83' lang='lat' dir='ltr'><strong>est</strong></span> <span class='ocrx_word' id='word_1_132' title='bbox 548 2996 569 3032; x_wconf 89' lang='lat'><strong>,</strong></span> <span class='ocrx_word' id='word_1_133' title='bbox 626 2970 765 3015; x_wconf 88' lang='lat' dir='ltr'><strong>rem</strong></span> <span class='ocrx_word' id='word_1_134' title='bbox 798 2971 1065 3040; x_wconf 87' lang='lat' dir='ltr'><strong>prorsus</strong></span> <span class='ocrx_word' id='word_1_135' title='bbox 1100 2950 1168 3014; x_wconf 92' lang='lat' dir='ltr'><strong>in</strong></span> <span class='ocrx_word' id='word_1_136' title='bbox 1204 2948 1422 3015; x_wconf 88' lang='lat' dir='ltr'><strong>medio</strong></span> <span class='ocrx_word' id='word_1_137' title='bbox 1469 2948 1832 3037; x_wconf 86' lang='lat' dir='ltr'><strong>legentibus</strong></span> <span class='ocrx_word' id='word_1_138' title='bbox 1869 2945 2286 3027; x_wconf 74' lang='lat' dir='ltr'><strong>judicandam</strong></span> 
     </span>
     <span class='ocr_line' id='line_1_21' title="bbox 156 3053 1931 3144; baseline -0.001 -24"><span class='ocrx_word' id='word_1_139' title='bbox 156 3057 595 3144; x_wconf 81' lang='lat' dir='ltr'><strong>relinquemus</strong></span> <span class='ocrx_word' id='word_1_140' title='bbox 611 3103 631 3138; x_wconf 93' lang='lat'><strong>,</strong></span> <span class='ocrx_word' id='word_1_141' title='bbox 656 3055 713 3121; x_wconf 84' lang='lat' dir='ltr'><strong>si</strong></span> <span class='ocrx_word' id='word_1_142' title='bbox 748 3078 879 3144; x_wconf 81' lang='lat' dir='ltr'><strong>qua</strong></span> <span class='ocrx_word' id='word_1_143' title='bbox 910 3072 1127 3121; x_wconf 81' lang='lat' dir='ltr'><strong>tamen</strong></span> <span class='ocrx_word' id='word_1_144' title='bbox 1160 3056 1252 3121; x_wconf 89' lang='lat' dir='ltr'><strong>eis</strong></span> <span class='ocrx_word' id='word_1_145' title='bbox 1284 3056 1606 3121; x_wconf 81' lang='lat' dir='ltr'><strong>dubitatio</strong></span> <span class='ocrx_word' id='word_1_146' title='bbox 1633 3053 1931 3143; x_wconf 83' lang='lat' dir='ltr'><strong>supersit.</strong></span> 
     </span>
     <span class='ocr_line' id='line_1_22' title="bbox 236 3158 2288 3249; baseline -0.001 -23"><span class='ocrx_word' id='word_1_147' title='bbox 236 3162 593 3249; x_wconf 80' lang='lat' dir='ltr'><strong>Postquam</strong></span> <span class='ocrx_word' id='word_1_148' title='bbox 650 3160 923 3247; x_wconf 74' lang='lat' dir='ltr'><strong>Conycrs</strong></span> <span class='ocrx_word' id='word_1_149' title='bbox 970 3161 1325 3227; x_wconf 75' lang='lat' dir='ltr'><strong>Middleton</strong></span> <span class='ocrx_word' id='word_1_150' title='bbox 1371 3160 1912 3226; x_wconf 82' lang='lat' dir='ltr'><strong>commentarium</strong></span> <span class='ocrx_word' id='word_1_151' title='bbox 1963 3180 2157 3222; x_wconf 88' lang='lat' dir='ltr'><strong>suum</strong></span> <span class='ocrx_word' id='word_1_152' title='bbox 2203 3158 2288 3224; x_wconf 89' lang='lat' dir='ltr'><strong>de</strong></span> 
     </span>
     <span class='ocr_line' id='line_1_23' title="bbox 155 3265 2286 3349; baseline -0.002 -14"><span class='ocrx_word' id='word_1_153' title='bbox 155 3270 281 3335; x_wconf 78' lang='lat' dir='ltr'><strong>vita</strong></span> <span class='ocrx_word' id='word_1_154' title='bbox 333 3269 423 3333; x_wconf 90' lang='grc' dir='ltr'><strong>Μ.</strong></span> <span class='ocrx_word' id='word_1_155' title='bbox 488 3267 567 3333; x_wconf 92' lang='grc' dir='ltr'><strong>Τ.</strong></span> <span class='ocrx_word' id='word_1_156' title='bbox 620 3268 946 3333; x_wconf 83' lang='lat' dir='ltr'><strong>Ciceronis</strong></span> <span class='ocrx_word' id='word_1_157' title='bbox 1006 3266 1295 3333; x_wconf 79' lang='lat' dir='ltr'><strong>ediderat</strong></span> <span class='ocrx_word' id='word_1_158' title='bbox 1309 3315 1329 3349; x_wconf 93' lang='lat'><strong>,</strong></span> <span class='ocrx_word' id='word_1_159' title='bbox 1397 3288 1500 3333; x_wconf 82' lang='lat' dir='ltr'><strong>an.</strong></span> <span class='ocrx_word' id='word_1_160' title='bbox 1579 3288 1936 3333; x_wconf 77' lang='lat' dir='ltr'><strong>momccxm</strong></span> <span class='ocrx_word' id='word_1_161' title='bbox 2005 3265 2286 3331; x_wconf 76' lang='lat' dir='ltr'><strong>Iacobus</strong></span> 
     </span>
     <span class='ocr_line' id='line_1_24' title="bbox 156 3372 2276 3464; baseline -0.002 -23"><span class='ocrx_word' id='word_1_162' title='bbox 156 3374 525 3441; x_wconf 78' lang='lat' dir='ltr'><strong>Tunstallus</strong></span> <span class='ocrx_word' id='word_1_163' title='bbox 589 3373 925 3464; x_wconf 84' lang='lat' dir='ltr'><strong>epistolam</strong></span> <span class='ocrx_word' id='word_1_164' title='bbox 988 3372 1069 3438; x_wconf 78' lang='lat' dir='ltr'><strong>ad</strong></span> <span class='ocrx_word' id='word_1_165' title='bbox 1131 3397 1283 3439; x_wconf 89' lang='lat' dir='ltr'><strong>eum</strong></span> <span class='ocrx_word' id='word_1_166' title='bbox 1349 3374 1640 3463; x_wconf 79' lang='lat' dir='ltr'><strong>scripsit,</strong></span> <span class='ocrx_word' id='word_1_167' title='bbox 1712 3373 1800 3437; x_wconf 81' lang='lat' dir='ltr'><strong>ita</strong></span> <span class='ocrx_word' id='word_1_168' title='bbox 1857 3372 2276 3461; x_wconf 80' lang='lat' dir='ltr'><strong>inscriptam:</strong></span> 
     </span>
     <span class='ocr_line' id='line_1_25' title="bbox 157 3478 2288 3570; baseline -0.002 -25"><span class='ocrx_word' id='word_1_169' title='bbox 157 3512 181 3536; x_wconf 73' lang='grc' dir='ltr'>ι</span> <span class='ocrx_word' id='word_1_170' title='bbox 210 3480 499 3570; x_wconf 75' lang='lat' dir='ltr'><strong>Epistola</strong></span> <span class='ocrx_word' id='word_1_171' title='bbox 553 3479 637 3544; x_wconf 83' lang='lat' dir='ltr'><strong>ad</strong></span> <span class='ocrx_word' id='word_1_172' title='bbox 686 3480 901 3544; x_wconf 78' lang='lat' dir='ltr'><strong>virum</strong></span> <span class='ocrx_word' id='word_1_173' title='bbox 954 3478 1287 3546; x_wconf 84' lang='lat' dir='ltr'><strong>eruditum</strong></span> <span class='ocrx_word' id='word_1_174' title='bbox 1329 3480 1629 3565; x_wconf 71' lang='lat' dir='ltr'><strong>,Conyers</strong></span> <span class='ocrx_word' id='word_1_175' title='bbox 1687 3478 2042 3543; x_wconf 77' lang='lat' dir='ltr'><strong>Middleton</strong></span> <span class='ocrx_word' id='word_1_176' title='bbox 2061 3526 2080 3560; x_wconf 89' lang='lat'><strong>,</strong></span> <span class='ocrx_word' id='word_1_177' title='bbox 2143 3478 2288 3541; x_wconf 84' lang='lat' dir='ltr'><strong>vitoe</strong></span> 
     </span>
     <span class='ocr_line' id='line_1_26' title="bbox 157 3584 2286 3677; baseline -0.001 -25"><span class='ocrx_word' id='word_1_178' title='bbox 157 3586 243 3652; x_wconf 82' lang='lat' dir='ltr'><strong>M.</strong></span> <span class='ocrx_word' id='word_1_179' title='bbox 269 3588 345 3651; x_wconf 86' lang='grc' dir='ltr'><strong>Τ.</strong></span> <span class='ocrx_word' id='word_1_180' title='bbox 370 3586 699 3652; x_wconf 82' lang='lat' dir='ltr'><strong>Ciceronis</strong></span> <span class='ocrx_word' id='word_1_181' title='bbox 728 3588 1109 3677; x_wconf 87' lang='lat' dir='ltr'><strong>scriptorem</strong></span> <span class='ocrx_word' id='word_1_182' title='bbox 1128 3635 1147 3669; x_wconf 89' lang='lat'><strong>,</strong></span> <span class='ocrx_word' id='word_1_183' title='bbox 1173 3587 1245 3651; x_wconf 90' lang='lat' dir='ltr'><strong>in</strong></span> <span class='ocrx_word' id='word_1_184' title='bbox 1272 3611 1402 3675; x_wconf 82' lang='lat' dir='ltr'><strong>qua</strong></span> <span class='ocrx_word' id='word_1_185' title='bbox 1419 3610 1498 3651; x_wconf 83' lang='lat' dir='ltr'><strong>ex</strong></span> <span class='ocrx_word' id='word_1_186' title='bbox 1519 3586 1678 3652; x_wconf 87' lang='lat' dir='ltr'><strong>locis</strong></span> <span class='ocrx_word' id='word_1_187' title='bbox 1697 3586 1836 3667; x_wconf 78' lang='lat' dir='ltr'><strong>ejus</strong></span> <span class='ocrx_word' id='word_1_188' title='bbox 1855 3584 2068 3677; x_wconf 71' lang='lat' dir='ltr'><strong>operis</strong></span> <span class='ocrx_word' id='word_1_189' title='bbox 2090 3604 2286 3670; x_wconf 80' lang='lat' dir='ltr'><strong>quam</strong></span> 
     </span>
     <span class='ocr_line' id='line_1_27' title="bbox 156 3690 2291 3785; baseline -0 -28"><span class='ocrx_word' id='word_1_190' title='bbox 156 3692 449 3780; x_wconf 82' lang='lat' dir='ltr'><strong>plurimis</strong></span> <span class='ocrx_word' id='word_1_191' title='bbox 482 3695 930 3759; x_wconf 84' lang='lat' dir='ltr'><strong>recensionem</strong></span> <span class='ocrx_word' id='word_1_192' title='bbox 964 3694 1295 3759; x_wconf 86' lang='lat' dir='ltr'><strong>Ciceronis</strong></span> <span class='ocrx_word' id='word_1_193' title='bbox 1325 3693 1744 3785; x_wconf 79' lang='lat' dir='ltr'><strong>epistolarum</strong></span> <span class='ocrx_word' id='word_1_194' title='bbox 1783 3690 1867 3755; x_wconf 86' lang='lat' dir='ltr'><strong>ad</strong></span> <span class='ocrx_word' id='word_1_195' title='bbox 1903 3690 2185 3754; x_wconf 82' lang='lat' dir='ltr'><strong>Atticum</strong></span> <span class='ocrx_word' id='word_1_196' title='bbox 2225 3708 2291 3756; x_wconf 90' lang='lat' dir='ltr'><strong>et</strong></span> 
     </span>
     <span class='ocr_line' id='line_1_28' title="bbox 161 3796 2288 3884; baseline -0 -21"><span class='ocrx_word' id='word_1_197' title='bbox 161 3800 243 3882; x_wconf 90' lang='lat' dir='ltr'><strong>Q.</strong></span> <span class='ocrx_word' id='word_1_198' title='bbox 267 3802 529 3865; x_wconf 65' lang='lat' dir='ltr'><strong>fratrem</strong></span> <span class='ocrx_word' id='word_1_199' title='bbox 552 3798 899 3865; x_wconf 80' lang='lat' dir='ltr'><strong>desiderari</strong></span> <span class='ocrx_word' id='word_1_200' title='bbox 930 3800 1321 3884; x_wconf 87' lang='lat' dir='ltr'><strong>ostenditur,</strong></span> <span class='ocrx_word' id='word_1_201' title='bbox 1351 3799 1434 3865; x_wconf 88' lang='lat' dir='ltr'><strong>de</strong></span> <span class='ocrx_word' id='word_1_202' title='bbox 1460 3800 1715 3864; x_wconf 80' lang='lat' dir='ltr'><strong>illarum</strong></span> <span class='ocrx_word' id='word_1_203' title='bbox 1745 3818 1902 3863; x_wconf 77' lang='lat' dir='ltr'><strong>vero</strong></span> <span class='ocrx_word' id='word_1_204' title='bbox 1933 3818 2088 3884; x_wconf 83' lang='lat' dir='ltr'><strong>quae.</strong></span> <span class='ocrx_word' id='word_1_205' title='bbox 2103 3796 2288 3862; x_wconf 87' lang='lat' dir='ltr'><strong>Cice-</strong></span> 
     </span>
     <span class='ocr_line' id='line_1_29' title="bbox 160 3903 2284 3992; baseline -0 -26"><span class='ocrx_word' id='word_1_206' title='bbox 160 3905 335 3969; x_wconf 82' lang='lat' dir='ltr'><strong>ronis</strong></span> <span class='ocrx_word' id='word_1_207' title='bbox 370 3904 455 3969; x_wconf 83' lang='lat' dir='ltr'><strong>ad</strong></span> <span class='ocrx_word' id='word_1_208' title='bbox 495 3904 793 3969; x_wconf 78' lang='lat' dir='ltr'><strong>Marcum</strong></span> <span class='ocrx_word' id='word_1_209' title='bbox 814 3909 1142 3988; x_wconf 80' lang='lat' dir='ltr'><strong>Brutum,</strong></span> <span class='ocrx_word' id='word_1_210' title='bbox 1182 3906 1498 3992; x_wconf 84' lang='lat' dir='ltr'><strong>Brutique</strong></span> <span class='ocrx_word' id='word_1_211' title='bbox 1535 3904 1618 3969; x_wconf 81' lang='lat' dir='ltr'><strong>ad</strong></span> <span class='ocrx_word' id='word_1_212' title='bbox 1656 3904 2040 3969; x_wconf 86' lang='lat' dir='ltr'><strong>Ciceronem</strong></span> <span class='ocrx_word' id='word_1_213' title='bbox 2086 3903 2284 3991; x_wconf 79' lang='lat' dir='ltr'><strong>vulgo</strong></span> 
     </span>
     <span class='ocr_line' id='line_1_30' title="bbox 164 4010 2288 4099; baseline 0 -27"><span class='ocrx_word' id='word_1_214' title='bbox 164 4014 462 4077; x_wconf 81' lang='lat' dir='ltr'><strong>feruntur</strong></span> <span class='ocrx_word' id='word_1_215' title='bbox 488 4010 925 4099; x_wconf 80' lang='lat' dir='ltr'><strong>Epistolarum</strong></span> <span class='ocrx_word' id='word_1_216' title='bbox 956 4022 1183 4090; x_wconf 67' lang='grc' dir='ltr'><strong>αὐοιντίᾳ</strong></span> <span class='ocrx_word' id='word_1_217' title='bbox 1208 4010 1525 4077; x_wconf 83' lang='lat' dir='ltr'><strong>nonnulla</strong></span> <span class='ocrx_word' id='word_1_218' title='bbox 1551 4010 1978 4076; x_wconf 80' lang='lat' dir='ltr'><strong>disseruntur.</strong></span> <span class='ocrx_word' id='word_1_219' title='bbox 2008 4010 2288 4073; x_wconf 85' lang='lat' dir='ltr'><strong>Auctore</strong></span> 
     </span>
    </p>
   </div>
  </div>
 </body>
</html>
