2594 4537
334 262 433 337 66
961 258 1058 325 Μ.
1107 256 1183 323 Τ.
1239 252 1828 324 CICERONIS

331 384 638 486 publicae
671 402 836 452 sum
873 374 1224 447 adductus
1244 428 1264 461 ,
1322 377 1423 447 sic
1466 372 1557 445 ad
1612 373 1919 447 salutem
1966 375 2473 447 innocentium

331 495 704 567 voluntate
740 486 1082 559 deducor.
1239 542 1249 556 ,

427 601 626 679 Nihil
666 597 876 671 video
917 620 1070 669 esse
1110 596 1184 665 in
1225 595 1371 666 hoc
1408 599 1479 665 P.
1524 594 1751 684 Sulla,
1780 594 2101 689 judica,
2144 594 2313 667 odio
2355 596 2471 669 di-

333 738 600 813 gnum,
634 705 1122 781 misericordia
1163 700 1425 802 digna⁵
1460 704 1705 775 multa.
1744 708 2001 803 Neque
2040 708 2233 777 enim
2268 732 2473 779 nunc

333 816 840 922 propulsandae
875 815 1290 888 calamitatis
1340 838 1486 885 suae
1522 813 1779 887 causa⁶
1822 817 2123 915 supplex
2171 818 2259 889 ad
2302 842 2471 903 vos,

329 930 642 1026 judices,
673 922 1040 1023 confugit3
1095 922 1223 995 sed
1257 948 1351 995 ne
1394 948 1539 1021 qua
1576 930 1822 1022 generi
1877 950 1959 998 ac
2010 928 2287 999 nomini
2332 952 2471 999 suo

335 1054 510 1113 nota
543 1036 830 1111 nefariae
858 1033 1327 1133 turpitudinis
1352 1036 1701 1107 inuratur.
1736 1039 1917 1109 Nam
1944 1040 2100 1135 ipse
2133 1037 2431 1135 quidem
2450 1094 2469 1121 ‚

333 1153 394 1223 si
431 1153 565 1226 erit
588 1164 828 1221 vestro
859 1144 1136 1243 judicio
1171 1143 1555 1235 liberatus,
1592 1170 1754 1244 quae
1782 1146 2043 1219 habet?
2085 1171 2472 1219 ornamen-

336 1278 446 1349 ta,
493 1286 652 1359 quae
695 1258 946 1331 solatia
985 1255 1280 1354 reliquae
1316 1261 1517 1345 vitae,
1556 1256 1823 1355 quibus
1848 1257 2065 1328 laetari
2091 1272 2165 1329 et
2188 1255 2469 1356 perfrui

339 1371 612 1471 possit?
653 1373 929 1441 Domus
959 1371 1132 1455 erit,
1167 1366 1421 1454 credo,
1448 1383 1827 1457 exornata;
1868 1370 2285 1466 aperientur
2310 1392 2469 1439 ma·
2548 1450 2559 1459 ⁴

331 1486 574 1579 jorum
607 1472 1044 1576 imagines⁸3
1077 1479 1232 1575 ipse
1267 1494 1605 1551 ornatum
1650 1502 1735 1550 ac
1780 1480 2117 1551 vestitum
2160 1502 2467 1577 recupe-

336 1592 544 1665 rabit.
580 1591 873 1678 Omnia,
903 1588 1220 1684 judices,
1247 1589 1399 1662 haec
1434 1594 1687 1661 amissa
1716 1604 1930 1679 sunt3
1970 1592 2212 1661 omnia
2244 1614 2467 1687 gene-

338 1705 472 1790 ris,
496 1701 840 1787 nominis,
863 1698 1162 1771 honoris
1187 1700 1495 1797 insignia
1530 1714 1748 1797 atque
1784 1700 2209 1771 ornamenta
2248 1703 2471 1771 unius

330 1812 586 1909 judicii
621 1811 1072 1883 calamitates)
1109 1811 1553 1883 occiderunt.
1606 1810 1747 1881 Sed
1784 1836 1879 1883 ne
1911 1812 2301 1883 exstinctor
2342 1834 2469 1908 pa-

340 1926 488 1995 triae
509 1976 528 2011 ,
553 1946 646 1993 ne
683 1920 1008 2019 proditor
1025 1974 1044 2009 ‚
1063 1945 1158 1992 ne
1183 1921 1411 1993 hostis
1440 1921 1877 2020 appelletur,
1898 1945 1989 1992 ne
2018 1921 2209 1992 hanc
2227 1920 2467 1992 labem

339 2035 524 2105 tanti
563 2031 850 2105 sceleris
871 2042 936 2077 ²⁰
979 2035 1055 2104 in
1101 2030 1368 2102 familia
1415 2032 1811 2130 relinquat,
1860 2029 1935 2102 id
1990 2030 2271 2102 laborat
2310 2082 2329 2117 ,
2392 2032 2467 2101 id

340 2146 598 2217 metuit
626 2171 646 2228 ς
703 2168 796 2215 ne
831 2143 1146 2240 denique
1181 2143 1301 2213 hic
1332 2142 1588 2229 miser,
1623 2142 2015 2237 conjurati,
2061 2156 2133 2213 et
2167 2164 2471 2212 consce-

337 2253 538 2326 lerati
555 2309 576 2342 ,
606 2268 680 2325 et
700 2251 1095 2352 proditoris
1121 2252 1313 2324 filius
1339 2255 1757 2324 nominetur
1790 2281 1807 2323 ε
1839 2251 2013 2324 huic
2036 2277 2265 2350 puero
2284 2303 2305 2338 ‚
2338 2258 2469 2350 qui

339 2379 446 2434 est
478 2365 544 2434 ei
569 2365 716 2432 vita
741 2387 870 2434 sua
906 2362 1138 2432 multo
1173 2366 1443 2448 carior,
1488 2365 1775 2452 metuit,
1813 2367 1929 2435 cui
1962 2363 2263 2434 honoris
2284 2365 2469 2436 inte-

341 2495 508 2570 gros
541 2469 900 2540 fructus¹¹
934 2497 1086 2542 non
1123 2473 1215 2543 sit
1241 2473 1655 2561 traditurus,
1693 2499 1787 2546 ne
1818 2490 2153 2546 aeternam
2192 2497 2471 2546 memo-

339 2582 518 2652 riam
583 2579 954 2652 dedecoris
1009 2581 1391 2679 relinquat.
1466 2587 1600 2655 Hic
1655 2607 1783 2656 vos
1831 2595 2110 2672 orat1²‚
2146 2581 2467 2678 judices,

411 2727 461 2774 ⁵.
513 2725 852 2774 Miser-hordea
901 2725 1080 2790 digna.
1133 2729 1357 2780 Subaud.

341 2806 500 2855 video.
521 2805 851 2869 Quintilianus
863 2807 992 2854 libro
1007 2809 1078 2854 vl
1097 2810 1191 2856 ait:
1209 2832 1236 2852 ιι
1251 2811 1358 2859 Plu-

1518 2733 1566 2779 8.
1610 2729 1907 2796 Aperientur
1939 2731 2180 2798 majorum
2214 2730 2468 2797 imagines.

1444 2813 1617 2864 Cema
1659 2816 1895 2874 maiman
1941 2815 2171 2878 imagines
2210 2827 2471 2862 conma-

339 2888 514 2935 rimam
537 2885 664 2932 valet
696 2887 964 2944 miseratio,
1001 2903 1110 2950 quae
1140 2889 1358 2950 judicem

337 2963 464 3012 flecti
499 2979 603 3011 non
633 2973 820 3010 tantum
852 2964 1014 3026 cogit,
1051 2965 1139 3014 aed
1169 2977 1355 3016 motum

339 3059 537 3108 quoque
569 3042 718 3090 animi
743 3042 818 3090 sui
845 3043 1074 3107 lacrymis
1109 3047 1353 3096 confiteri·

341 3125 456 3171 Haec
491 3132 720 3187 petentur
745 3131 829 3168 aut
861 3137 926 3170 et.
957 3121 1020 3170 ii·
1047 3139 1158 3186 quc
1189 3141 1357 3190 passus

341 3213 412 3249 eat
437 3217 574 3258 reus,
605 3211 690 3248 aut
713 3215 778 3249 ex
801 3199 862 3248 iia
885 3217 994 3266 quae
1019 3213 1126 3250 tum
1151 3205 1359 3254 maxime

340 3280 548 3344 patitur,
591 3291 674 3327 aut
718 3295 778 3328 ex
821 3281 880 3328 iis
924 3297 1036 3344 quae
1079 3283 1359 3332 damnatum

337 3371 558 3416 manent3
572 3374 682 3422 qun
695 3369 743 3407 et
753 3360 858 3422 ipea
865 3359 1193 3424 duplicantur,
1205 3379 1357 3426 quum

340 3440 576 3496 dicimus,
615 3453 680 3485 ex
715 3452 812 3501 qua
847 3437 922 3485 illi
953 3439 1184 3500 fortuna,
1213 3453 1266 3490 et
1302 3443 1359 3490 in

337 3535 484 3584 qnam
526 3515 838 3566 recidendum
879 3518 944 3566 ait
971 3539 1018 3568 υ.
1066 3521 1158 3569 Hie
1195 3521 1355 3570 modia

336 3601 519 3658 majore
561 3614 626 3646 ex
669 3607 810 3661 parte
853 3598 1233 3648 misericordiam
1273 3601 1357 3649 hic

337 3677 508 3724 cioero
531 3687 714 3724 movet.
975 3709 984 3716 .

406 3757 456 3804 6.
511 3753 860 3817 Ptopulsandae
909 3753 1210 3805 calamitatis
1249 3774 1357 3808 sua

329 3851 496 3884 eausa.
553 3833 610 3882 1d
657 3845 732 3884 eat
753 3867 770 3894 ,
821 3834 1244 3886 condemnationi·
1293 3839 1355 3888 de

333 3913 538 3964 ambitu.
557 3937 626 3950 -—-
649 3914 842 3962 Generi.
867 3913 928 3962 ld
953 3927 1050 3974 eet,
1077 3919 1351 3982 gemitum.

405 4011 450 4054 7.
477 3995 668 4042 Erunt.
691 3993 822 4053 oeni.
845 3991 1058 4045 habebat
1079 3997 1133 4045 ’1.
1151 3999 1218 4049 V.
1243 4001 1299 4050 1..

1444 2893 1564 2942 bant
1580 2927 1595 2952 ‚
1641 2909 1761 2957 quas
1806 2893 2032 2942 velabant
2084 2893 2369 2942 calamitoso
2418 2905 2469 2940 et

1443 2971 1672 3020 luctuoso
1700 2984 1935 3037 tempore.
2034 3015 2040 3022 .

1515 3067 1569 3115 9.
1610 3051 1761 3098 Unius
1779 3051 1967 3117 judicii
1986 3051 2286 3099 calamitate.
2316 3051 2467 3100 Sullae

1446 3131 1789 3180 condemnatio
1800 3131 1871 3179 illi
1880 3132 1990 3192 jura
2004 3131 2125 3179 civis
2134 3129 2463 3195 pulcherrima

1444 3210 1702 3259 ademerat.

1522 3305 1599 3337 ιο.
1630 3289 1846 3338 Generis.
1876 3289 2163 3337 Emendavit
2190 3289 2411 3336 Lambin.
2438 3307 2465 3336 e

1444 3367 1567 3418 MSS
1608 3372 1675 3417 Η.
1716 3369 1881 3434 steph.
1917 3379 1967 3416 et
2007 3367 2202 3417 Pithoei.
2242 3369 2465 3417 Retinuit

1443 3447 1636 3496 Lauem.
1663 3449 1871 3512 priscam
1889 3447 2165 3495 lectionem.
2196 3448 2246 3495 J.
2262 3447 2327 3494 V.
2350 3451 2407 3496 L.

1520 3543 1541 3573 1
1554 3541 1600 3576 ι.
1648 3525 1862 3574 Honoris
1906 3525 2117 3592 integros
2142 3525 2357 3591 fruetus.
2406 3527 2465 3574 Id

1444 3615 1543 3664 eat,
1592 3605 1799 3670 insignia
1848 3605 2158 3662 consulatus,
2212 3621 2323 3668 quae
2374 3607 2467 3654 uisi

1443 3685 1575 3736 Sulla
1598 3686 1853 3734 damuatua
1876 3695 2023 3740 aaut,
2058 3683 2123 3732 ad
2152 3682 2311 3731 {ilium
2350 3701 2466 3749 per·

1440 3767 1703 3814 venisseut.
1743 3765 1885 3814 Dixit
1916 3781 2061 3828 cupra
2088 3779 2103 3814 τ
2142 3765 2369 3813 ‘Honor
2404 3763 2465 3811 ad

1439 3855 1627 3910 patrem
1644 3881 1659 3906 ,
1680 3845 1887 3910 insigma
1908 3844 2116 3893 honoris
2140 3843 2205 3891 ad
2228 3853 2279 3891 te
2306 3843 2465 3892 delata

1442 3935 1555 3972 aunt
1569 3946 1612 3972 n.

1518 4019 1597 4054 ια.
1642 4005 1735 4054 Hie
1776 4021 1867 4052 vos
1908 4013 2033 4051 orat.
2074 4003 2234 4051 Liberi
2274 4015 2465 4052 tantum
