2594 4537
797 280 1575 352 PRAEFATIONES.
2114 277 2255 351 233

109 403 520 492 excerpsisse
553 400 854 466 videatur
881 424 962 467 ex
993 402 1287 467 oratione
1314 426 1417 485 ea,
1454 424 1599 491 quae
1636 422 1773 467 non
1804 402 1927 465 nisi
1960 402 2257 490 sequenti

113 530 302 573 anno
339 508 570 573 haberi
601 506 1048 597 divulgarique
1077 509 1315 597 potuit.

209 615 326 679 VI.
371 619 458 679 At
499 614 791 702 primum
837 630 905 679 et
943 614 1297 677 maximum
1341 613 1577 677 harum
1620 612 1993 678 orationum
2026 612 2257 679 vitium
2326 641 2331 649 ·

119 734 224 783 est
251 720 322 784 in
361 742 476 802 eo,
505 718 687 808 quod
721 719 980 809 penitus
1018 736 1241 785 mrent
1265 719 1513 800 nervis,
1539 732 1607 784 et
1628 742 1665 783 a
1692 719 2013 809 principio
2045 741 2257 807 usque

121 824 208 889 ad
239 842 608 889 extremum
638 824 935 888 laborant
971 824 1429 889 molestissimo
1464 825 1792 915 languore.
1821 825 1947 889 Vix
1982 846 2259 913 usquam

121 930 298 1019 apud
324 952 558 995 verum
583 930 966 995 Ciceronem
989 928 1266 1019 legimus
1291 951 1521 995 vocem
1544 952 2079 1020 supervacaneam
2102 976 2121 1013 ,
2146 946 2263 995 aut

125 1060 270 1124 quae
295 1036 468 1101 nihil
492 1036 786 1101 conferat
809 1034 891 1100 ad
913 1036 1046 1099 vim
1076 1035 1605 1126 argumentandi,
1625 1036 1727 1101 vel
1746 1036 1831 1101 ad
1858 1052 2163 1101 ornatum
2194 1051 2263 1100 et

121 1144 532 1233 elegantiam.
573 1143 748 1235 Quin
783 1142 860 1206 iis
897 1164 1162 1231 quoque
1197 1143 1357 1207 locis
1372 1190 1393 1225 ‚
1427 1140 1542 1207 ubi
1574 1136 1728 1207 eum
1754 1143 2083 1207 machinas
2108 1142 2259 1207 rhe-

127 1266 348 1313 torum
380 1264 656 1313 tractare
687 1247 984 1312 videmus
1021 1264 1086 1313 et
1123 1264 1260 1313 arte
1287 1247 1577 1332 efficere,
1613 1264 1691 1314 ut
1723 1249 1793 1313 in
1825 1248 2120 1313 fraudem
2144 1248 2261 1313 im-

125 1354 404 1441 pellatur
457 1352 856 1419 auditorium
881 1402 902 1436 ,
957 1375 1317 1443 numquam
1368 1353 1529 1420 illud
1582 1377 1719 1421 non
1773 1354 2023 1419 ratione
2062 1350 2263 1437 ‘facit3

125 1460 288 1524 nihil
329 1477 576 1527 temere
623 1477 690 1525 et
727 1460 1202 1525 inconsiderate
1237 1462 1525 1527 molitur.
1564 1462 1706 1525 Jam
1740 1461 1921 1525 hunc
1950 1482 2261 1549 persona·

131 1580 272 1631 tum
320 1567 705 1633 Ciceronem
757 1590 1137 1655 compares:
1170 1590 1319 1633 raro
1363 1568 1446 1632 ab
1482 1590 1563 1633 eo
1606 1568 1879 1633 affertur
1910 1566 2261 1649 sententia,

130 1670 287 1759 quin
323 1674 577 1762 aliquot
615 1694 804 1737 voces
836 1689 904 1737 te
933 1672 1274 1737 offendant
1302 1673 1602 1756 inutiles;
1642 1696 1790 1738 raro
1820 1673 2007 1739 locus
2040 1672 2259 1761 paullo

129 1779 416 1869 longior,
451 1780 568 1868 qui
609 1800 745 1843 non
781 1779 1032 1867 aliquot
1066 1780 1415 1845 sententias
1457 1780 1693 1845 habeat
1710 1828 1729 1862 ,
1762 1780 1832 1844 in
1868 1780 2107 1868 quibus
2146 1800 2257 1845 ex-

132 1884 538 1949 clamandum
567 1884 650 1949 sit
676 1900 925 1949 attento
956 1884 1238 1950 auditori
1255 1934 1274 1967 ,
1309 1914 1337 1941 a
1354 1886 1534 1949 Heus
1561 1902 1669 1967 tu,
1698 1886 1842 1975 quis
1866 1887 2049 1950 locus
2078 1908 2258 1949 nunc

135 2008 264 2055 erat
293 1992 482 2057 istis?
501 2022 528 2048 ι
564 1990 670 2057 Sic
713 1991 962 2081 ubique
1003 1992 1319 2082 loquitur,
1370 1991 1462 2055 sic
1508 1993 1705 2082 garrit
1748 1993 2053 2079 magister
2100 1991 2253 2071 iste,

135 2096 304 2162 velut
350 2098 642 2179 otiosus3
691 2097 875 2163 nullo
926 2114 1105 2163 certo
1154 2097 1427 2162 consilio
1451 2142 1471 2179 ,
1524 2097 1707 2184 quasi
1756 2096 2001 2185 aliquid
2044 2094 2259 2160 dicere

136 2204 396 2293 cupiens
414 2251 433 2285 ,
477 2219 554 2267 ut
582 2202 828 2292 aliquid
859 2202 1092 2270 dixisse
1123 2202 1455 2286 videatur3
1496 2200 1841 2291 redditque
1875 2202 2065 2291 plane
2096 2199 2257 2265 illud

137 2331 331 2396 genus
365 2310 754 2397 eloquentiae
770 2358 789 2392 ,
821 2309 1004 2399 quod
1033 2311 1116 2375 ab
1148 2312 1435 2375 Auctore
1468 2310 1551 2376 ad
1588 2309 1993 2374 Herennium
2034 2307 2257 2396 appel-

137 2411 294 2479 latur
346 2445 372 2470 ⁸
399 2413 722 2479 fluctuans
775 2432 844 2481 et
893 2415 1305 2481 dissolutum.
1336 2446 1362 2472 ι
1409 2421 1547 2508 Age
1584 2437 1740 2506 ergo
1760 2463 1781 2498 ,
1830 2437 1909 2480 ex
1949 2413 2146 2494 hujus
2181 2413 2259 2478 li-

137 2517 250 2584 bro
269 2521 387 2603 IV,
413 2543 555 2609 cap.
585 2543 622 2586 2
641 2568 660 2602 ,
686 2520 1128 2588 adscribamus
1153 2521 1381 2603 verba3
1414 2521 1495 2586 ad
1519 2521 1926 2611 propositum
1954 2537 2257 2586 nostrum

139 2627 394 2693 mirifice
423 2628 850 2717 pertinentia:
883 2659 908 2685 α
931 2630 1066 2713 Qui
1091 2631 1158 2693 in
1185 2629 1515 2694 mediocre
1537 2653 1745 2720 genus
1767 2630 2079 2695 orationis
2103 2652 2259 2720 pro·

137 2731 276 2798 fecti
306 2749 496 2816 sunt,
529 2735 584 2800 si
621 2735 962 2823 pervenire
993 2757 1070 2800 eo
1107 2756 1242 2800 non
1277 2751 1673 2824 potuerunt,
1708 2753 1993 2800 errantes
2023 2757 2253 2824 perve-

139 2839 318 2904 niunt
369 2839 454 2905 ad
506 2839 764 2905 confine
821 2863 1026 2929 genus
1081 2841 1220 2921 ejus
1275 2842 1529 2929 generis
1556 2889 1573 2922 ‚
1628 2840 1813 2928 quod
1862 2841 2259 2930 appellamus

141 2943 448 3012 fluctuans
501 2963 564 3011 et
607 2945 996 3010 dissolutum
1021 2995 1040 3029 ,
1087 2968 1165 3010 eo
1211 2946 1393 3034 quod
1430 2948 1569 3010 sine
1618 2947 1831 3012 nervis
1872 2963 1939 3010 et
1972 2947 2257 3012 articulis

141 3049 399 3118 fluctuat
431 3053 566 3116 huc
599 3068 661 3116 et
695 3051 850 3116 illuc
869 3099 888 3133 ,
921 3074 1044 3116 nec
1079 3068 1294 3141 potest
1325 3052 1731 3134 confirmare,
1748 3074 1963 3140 neque
1985 3053 2255 3116 viriliter

145 3179 268 3224 sese
325 3157 628 3246 expedire
653 3189 700 3223 υ.
734 3157 813 3222 Id
856 3181 1061 3248 genus
1117 3157 1487 3239 cujusmodi
1545 3157 1627 3220 sit
1646 3207 1664 3233 ‚
1724 3157 1817 3220 ibi
1872 3157 2067 3221 simul
2126 3158 2255 3223 hoc

144 3264 424 3354 exemplo
457 3263 824 3330 ostenditur
852 3289 868 3330 :
905 3297 930 3322 a
953 3265 1124 3339 Socii
1159 3265 1368 3330 nostri
1396 3285 1602 3352 quum
1640 3262 2013 3352 belligerare
2044 3262 2260 3329 nobis-

143 3391 278 3435 cum
307 3370 545 3435 vellent
559 3418 578 3452 ,
612 3371 907 3459 profecto
937 3371 1300 3436 ratiocinati
1332 3385 1549 3436 essent
1576 3370 1769 3433 etiam
1802 3385 1997 3457 atque
2030 3369 2219 3434 etiam
2236 3418 2255 3450 ,

143 3475 290 3564 quid
325 3492 586 3563 possent
621 3477 864 3558 facere,
897 3475 1218 3564 siquidem
1263 3497 1379 3538 sna
1411 3490 1645 3562 sponte
1672 3475 1993 3555 facerent,
2024 3490 2091 3538 et
2120 3495 2256 3537 non

141 3579 442 3646 haberent
485 3581 594 3644 hic
641 3580 968 3662 adjutores
1019 3581 1258 3646 multos
1278 3628 1297 3662 ,
1346 3596 1413 3646 et
1456 3579 1659 3643 malos
1702 3580 2001 3643 homines
2046 3593 2113 3642 et
2146 3601 2261 3642 an-

145 3687 336 3753 daces.
370 3687 598 3752 Solent
626 3688 804 3750 enim
835 3686 950 3752 diu
981 3687 1262 3776 cogitare
1295 3707 1559 3767 omnes,
1594 3685 1707 3773 qui
1742 3707 1973 3774 magna
2000 3685 2259 3774 negotia

143 3795 360 3859 volunt
379 3816 566 3882 agere
583 3795 746 3858 ».De
777 3793 913 3876 his,
949 3816 1092 3882 quoe
1123 3794 1367 3858 multos
1398 3791 1598 3858 hodie
1629 3792 1829 3880 oequis
1860 3790 2127 3856 auribus
2148 3815 2256 3856 ac-

147 3915 428 3988 cepturos
461 3916 662 3988 puto,
703 3899 1120 3965 memorabile
1151 3899 1471 3979 judicium
1508 3898 1888 3981 subjicitur:
1923 3929 1949 3954 κ
1970 3898 2033 3963 N
2036 3921 2122 3962 on
2150 3921 2268 3987 po-

147 4021 260 4070 test
286 4003 656 4083 hujusmodi
699 4027 915 4070 sermo
961 4024 1180 4070 tenere
1219 4022 1537 4072 attentum
1576 4005 1939 4074 auditorem
1968 4028 1985 4070 ε
2018 4001 2255 4070 diffluit
