2594 4537
142 380 457 409 §mmm
461 382 828 410 mm
835 380 2213 413 §mu-mmmmm

541 612 1735 723 ARGUMENTUM.

133 872 180 925 P.
212 869 485 927 Cornelius
526 868 690 929 Sulla
737 874 814 929 A.
855 872 934 929 U.
969 864 1082 941 687
1098 910 1117 941 ,
1173 886 1311 927 cum
1356 872 1419 927 P.
1462 868 1753 927 Autronio
1796 872 1952 929 Paeto
2008 874 2213 933 consul

190 964 488 1044 designatus
515 986 552 1025 a
577 971 646 1025 L.
677 958 982 1043 Torquato
1012 965 1132 1025 filio
1173 965 1301 1043 lege
1340 964 1657 1043 Calpurnia
1694 964 1771 1023 de
1803 964 2024 1027 ambitu
2050 988 2219 1029 accu-

190 1076 320 1121 satus
345 1076 402 1121 et
430 1064 736 1122 consulatu
763 1062 1022 1139 dejectus
1047 1074 1150 1121 est.
1177 1066 1412 1122 Eorum
1427 1063 1559 1121 loco
1586 1067 1657 1121 Δ..
1678 1067 1755 1125 U.
1776 1064 1919 1135 688,
1944 1068 2215 1126 consula-

191 1172 290 1217 tum
313 1173 604 1238 gesseruut
628 1164 696 1219 L.
709 1159 987 1219 Aurelius
1005 1163 1207 1229 Cotta,
1229 1170 1289 1221 et
1314 1163 1383 1218 L.
1408 1159 1662 1219 Manlius
1682 1164 2041 1239 Torquatus,
2064 1163 2217 1223 illius

189 1256 534 1317 adolescentis
561 1270 747 1336 pater.
779 1262 984 1335 Itaque
1013 1257 1132 1317 Cic.
1155 1256 1232 1315 de
1256 1254 1567 1330 Finib.11,
1602 1275 1703 1334 19,
1748 1256 1845 1315 hic
1885 1259 2216 1319 adolescen-

190 1354 320 1413 tulus
339 1354 547 1414 dicitur
572 1356 938 1415 consulatum
949 1358 1014 1414 Ρ.
1039 1354 1216 1415 Sullae
1239 1353 1521 1433 eripuisse
1542 1366 1603 1413 et
1628 1354 1702 1413 ad
1724 1366 1951 1433 patrem
1966 1369 2219 1417 &anstu-

189 1450 314 1509 lisse.
331 1450 475 1511 Tum
502 1453 664 1511 Sulla
691 1452 890 1511 denuo
913 1458 984 1511 A„
1011 1453 1149 1529 691,
1175 1451 1373 1513 Silano
1394 1464 1453 1509 et
1476 1456 1727 1511 Murena
1750 1472 1897 1512 coss.
1922 1468 2221 1514 accusatus

189 1561 260 1607 est
284 1547 354 1607 ab
377 1550 584 1609 eodem
611 1548 914 1627 Torquato
941 1548 1092 1621 filio,
1118 1547 1278 1627 quod
1306 1547 1725 1626 conjurationis
1746 1550 2098 1611 catilinariae
2120 1570 2222 1611 so-

181 1646 284 1704 cius
309 1648 520 1707 fuisset.
561 1650 636 1707 Et
666 1647 942 1726 quoniam
998 1646 1092 1706 bis
1133 1646 1498 1725 conjuratum
1530 1660 1657 1705 erat
1680 1668 1714 1705 a
1743 1648 2025 1723 Catilina,
2066 1652 2229 1709 Hor-

191 1744 375 1803 tensius
403 1759 462 1804 et
489 1746 700 1806 Cicero
726 1749 792 1804 P.
820 1744 1000 1805 Sullae
1027 1744 1429 1803 defensionem
1452 1745 1535 1803 sic
1564 1744 1717 1803 inter
1744 1764 1807 1805 se
1834 1745 2036 1825 partiti
2064 1760 2229 1819 sunt,

189 1852 244 1896 ut
263 1840 352 1900 ille
391 1858 523 1901 eum
553 1861 590 1900 a
622 1841 844 1920 prima,
894 1842 1102 1901 Cicero
1141 1854 1335 1901 autem
1364 1840 1441 1901 ab
1468 1842 1653 1901 altera
1686 1842 2089 1921 conjuratione
2119 1842 2227 1903 ab*

191 1934 342 1996 fuisse
368 1937 808 1997 demonstraret.
1879 2008 1885 2013 ι

254 2038 314 2091 Ῑιι
353 2033 596 2093 exordio
645 2034 850 2093 Cicero
892 2052 954 2092 se
995 2032 1188 2111 ipsum
1228 2032 1491 2093 defendit
1505 2076 1523 2103 ,
1573 2032 1733 2111 quod
1774 2054 2007 2094 causam
2048 2036 2224 2095 Sullae

187 2142 366 2190 oontm
389 2136 752 2210 Torquatum
783 2112 1138 2209 susceperim
1169 2129 1231 2188 id
1260 2128 1423 2207 quod
1452 2143 1753 2190 accusator
1782 2132 1837 2189 ei
1860 2132 2001 2191 vitio
2027 2146 2225 2193 verte-

190 2239 280 2285 rat.
305 2232 434 2288 Non
461 2230 619 2288 enim
645 2248 708 2288 se
735 2228 922 2288 solum
935 2271 954 2301 ,
981 2227 1086 2288 sed
1113 2228 1260 2288 alios
1279 2240 1517 2306 quoque
1539 2226 1887 2288 clarissimos
1915 2228 2075 2288 viros
2102 2229 2227 2309 ejus

186 2342 349 2386 causae
372 2327 563 2387 favere
589 2349 608 2396 ς
637 2326 1015 2387 Hortensium
1041 2345 1162 2384 non
1187 2320 1485 2387 dubitasse
1498 2368 1517 2398 ‚
1544 2325 1687 2403 quin
1716 2325 2086 2386 innocentem
2124 2327 2225 2387 de·

189 2421 454 2497 senderet3
479 2425 730 2483 aliorum
757 2423 930 2482 etiam
945 2465 966 2494 ‚
987 2422 1092 2499 qui
1123 2423 1345 2480 salvum
1374 2423 1593 2482 sunam
1627 2421 1807 2481 velint
1820 2465 1839 2495 ,
1865 2442 2223 2484 summorum

187 2518 422 2580 virorum
437 2521 634 2581 studio
653 2541 722 2581 ac
745 2519 1026 2599 dignitate
1043 2519 1160 2577 hoe
1178 2518 1467 2596 judicium
1484 2517 1787 2580 celebrari.
1816 2524 1933 2580 Eos
1960 2523 2063 2600 qui
2085 2541 2225 2582 vere

190 2617 630 2695 conjuraverint,
673 2637 782 2676 nee
810 2637 846 2676 a
872 2636 964 2684 se,
1007 2635 1117 2676 nec
1144 2615 1220 2674 ab
1254 2617 1382 2676 eliis
1413 2617 1587 2676 fuisse
1610 2609 1899 2682 defensos.
1942 2623 2017 2678 Et
2042 2635 2227 2698 quum

187 2711 314 2772 duas
335 2719 664 2793 Torquatus
693 2712 1120 2790 conjurationes
1141 2713 1505 2771 constituerit
1522 2745 1541 2786 5
1561 2724 1737 2772 unam
1758 2734 1889 2791 quoe
1918 2716 2143 2793 Lepido
2165 2729 2227 2774 et

188 2811 428 2872 Volcatio
453 2832 601 2871 ooss.
627 2812 780 2871 §acta
807 2829 932 2869 esse
969 2809 1214 2882 dicatur,
1241 2809 1480 2870 alteram
1509 2827 1641 2888 qua
1676 2811 1957 2872 Cicerone
1990 2815 2228 2872 consule

191 2905 343 2966 fuerit
362 2951 381 2982 ,
417 2909 698 2969 adversus
724 2907 938 2988 prioris
972 2906 1387 2985 conjurationis
1420 2908 1640 2967 crimen
1678 2910 1899 2968 Sullam
1926 2908 2229 2970 defensum

191 3022 298 3063 esse
324 3005 394 3064 ab
419 3006 760 3079 Hortensio,
819 3005 922 3083 qui
955 3004 1080 3083 ejus
1119 3005 1541 3083 conjurationis
1582 3006 1943 3085 suspiciones
1984 3008 2229 3086 propius

191 3101 534 3176 cognoverit,
561 3112 624 3158 et
647 3099 938 3178 particeps
960 3097 1335 3158 consiliorum
1364 3099 1647 3176 Torquati
1674 3099 1858 3178 patris
1885 3099 2077 3158 fuerit.
2099 3099 2224 3158 Sibi

191 3194 351 3271 igitur
387 3191 488 3258 has
521 3217 647 3258 esse
673 3208 870 3277 partes
895 3195 1226 3276 impositas,
1273 3209 1340 3255 ut
1374 3197 1593 3258 Sullam
1620 3217 1651 3256 a
1684 3197 1923 3256 crimine
1964 3200 2229 3257 maximae

191 3294 586 3368 conjurationis
612 3314 676 3354 se
699 3295 938 3354 consule
962 3289 1126 3352 factae
1153 3292 1465 3366 defendat,
1502 3311 1628 3372 cap.
1660 3303 1781 3364 1-4.
1805 3299 1881 3354 Et
1902 3295 2062 3372 quod
2080 3301 2229 3354 Tor-

197 3405 382 3464 quatus
405 3393 604 3452 mirari
623 3411 687 3451 se
707 3391 966 3462 dixerat,
982 3390 1143 3468 quod
1165 3392 1374 3450 Cicero
1400 3392 1693 3451 Autronio
1723 3391 1994 3466 defuerit,
2013 3391 2229 3452 Sullam

197 3483 472 3560 defendat,
495 3487 756 3550 ostendit
777 3489 1079 3566 utriusque
1097 3507 1331 3546 causam
1353 3506 1593 3568 prorsus
1610 3487 1897 3548 diversam
1924 3508 2069 3560 esse,
2095 3488 2153 3561 5,
2175 3489 2233 3548 6.

197 3582 397 3644 Deinde
425 3586 586 3666 quod
607 3591 940 3662 Torquatus
979 3605 1040 3642 se
1073 3603 1313 3663 regnum
1348 3585 1645 3644 Ciceronis
1678 3587 1829 3644 ferre
1854 3605 2023 3664 posse
2050 3605 2231 3664 nega-

197 3696 372 3756 verat,
413 3705 661 3762 eumque
694 3683 1062 3762 peregrinum
1093 3683 1521 3761 appellaverat,
1554 3683 1761 3742 Cicero
1807 3703 1869 3742 se
1906 3703 2014 3742 nec
2043 3702 2234 3761 regem

197 3795 326 3850 ase,
357 3799 460 3839 nec
489 3781 860 3859 peregrinum
883 3778 1092 3850 docet,
1125 3799 1254 3856 7·9.
1286 3778 1513 3838 Deinde
1539 3779 1729 3857 ipsum
1753 3784 2115 3857 Torquatum
2143 3801 2240 3840 re·-

199 3873 522 3949 prehendit,
565 3875 728 3954 quod
756 3894 1066 3954 suppressa
1094 3893 1240 3934 voce
1265 3890 1327 3934 et
1355 3874 1564 3933 leniter
1590 3874 1665 3933 de
1698 3875 2100 3954 conjuratione
2123 3919 2140 3949 ,
2166 3877 2243 3935 de

197 3971 462 4046 supplicio
485 3977 546 4034 P.
573 3973 806 4032 Lentuli
845 3991 1050 4050 magna
1081 3983 1140 4030 et
1163 3970 1533 4049 queribunda
1558 3991 1703 4030 νοω
1736 3971 2015 4048 dixissen
2060 3991 2241 4052 quum

201 4065 334 4126 nihil
369 4071 534 4147 magis
564 4071 818 4130 alienum
843 4070 918 4128 sit
939 4066 1014 4129 ab
1033 4090 1138 4144 eo,
1164 4069 1266 4150 qui
1295 4069 1540 4130 alterum
1564 4069 1983 4149 conjurationis
2002 4081 2249 4142 accuset,

1954 4193 2009 4236 1.
