2594 4537
304 278 448 364 634
908 277 1187 347 GASP.
1240 275 1842 346 GARATONII

300 401 473 465 illius
504 420 711 465 causae
726 446 747 479 ,
779 397 1177 487 reipublicae,
1204 418 1414 485 quum
1441 394 1762 459 Hannibal
1787 408 2048 481 urgeret
2063 440 2085 473 ,
2119 394 2444 482 urbisque

300 520 537 587 statue,
569 504 813 571 bellum
848 503 1137 567 Siculum
1159 550 1178 585 ,
1206 523 1480 590 spesque
1515 498 1744 588 proedae
1780 520 1914 562 non
1949 499 2174 580 fallax,
2201 522 2444 565 manu·

299 610 421 677 bioe
456 612 739 699 denique
772 610 959 698 ipsae,
990 608 1191 675 fuisse
1222 606 1546 673 videntur.

388 717 449 783 3.
492 718 557 782 N
560 738 689 781 unc
720 714 803 780 ad
830 718 903 781 C.
942 715 1131 780 Marii
1170 727 1671 781 monumentum
1710 708 2085 794 redeamus,
2130 713 2202 775 in
2254 712 2440 801 quod

304 824 563 903 Cicero,
586 822 669 887 de
688 822 971 887 Divinat.
990 824 1053 905 Ι,
1076 820 1191 904 28,
1218 820 1440 885 scribit
1459 844 1528 885 se
1547 815 1779 882 deduci
1805 820 2180 883 somniasse.
2203 820 2442 901 Quum

302 928 577 993 deorum
604 930 979 997 nominane
1008 929 1099 993 ibi
1122 926 1390 1016 quidem
1415 923 1748 1008 adjecerit,
1775 923 2198 1013 Hottingerus
2235 923 2440 989 fidem

300 1033 532 1099 habuit
558 1034 783 1099 eadem
820 1036 1105 1099 narranti
1130 1034 1384 1099 Valerio
1408 1034 1727 1118 Maximo,
1765 1030 1826 1112 1,
1847 1054 1911 1117 7,
1940 1030 2011 1113 ὅς
2041 1031 2153 1095 hic
2179 1048 2440 1107 autem,

301 1171 326 1195 ι
346 1140 418 1203 in
450 1138 587 1204 aede
606 1188 627 1223 ,
667 1141 917 1229 inquit,
957 1141 1131 1205 Iovis
1170 1139 1459 1205 Mariana
1503 1141 1742 1205 SCtum
1781 1138 1863 1205 de
1897 1135 2114 1203 reditu
2159 1138 2304 1217 ejus
2341 1153 2442 1199 est

300 1248 544 1311 factum
566 1278 611 1311 υ.
647 1246 925 1337 Magnus
957 1247 1193 1311 Valerii
1224 1268 1428 1326 error,
1464 1247 1545 1312 ab
1583 1246 1939 1311 editoribus
1965 1267 2100 1309 non
2133 1242 2440 1307 animad-

300 1374 556 1435 versus,
574 1353 691 1441 qui
722 1352 859 1417 duo
886 1354 955 1417 in
981 1345 1300 1434 Sextiana,
1323 1375 1380 1418 c.
1411 1344 1496 1430 524
1519 1368 1585 1417 et
1613 1354 1694 1419 61
1719 1401 1738 1435 ,
1764 1351 2102 1440 perspicue
2125 1348 2440 1413 distincta

298 1457 855 1523 senatusconsulta
888 1456 1258 1523 confuderit
1276 1504 1297 1539 ‚
1325 1459 1774 1546 templumque
1792 1457 1825 1520 J
1827 1456 1966 1521 ovis
1989 1453 2438 1543 Capitolinum

300 1564 375 1629 C.
388 1564 597 1629 Mario
626 1563 1007 1653 imprudens
1030 1560 1440 1652 adscripserit
1455 1610 1475 1645 ,
1497 1564 1774 1627 aliorum
1805 1583 2090 1627 errorem
2115 1558 2438 1641 sublevat,

296 1670 414 1757 qui
460 1667 595 1735 duo
640 1668 913 1735 deorum
947 1668 1330 1733 eorumdem
1375 1670 1618 1757 templa
1661 1690 1798 1733 non
1842 1667 2308 1732 distinxerunt.
2355 1666 2434 1727 In

295 1773 395 1837 his
427 1773 793 1839 Piranesius
806 1822 827 1857 ,
864 1776 967 1841 vel
999 1774 1217 1863 potius
1244 1774 1683 1863 archaeologus
1717 1773 1826 1837 ille
1842 1820 1861 1854 ,
1893 1776 2092 1859 quem
2119 1772 2438 1835 cousule-

292 1880 405 1944 bat
425 1926 445 1961 ,
477 1880 736 1945 duobus
771 1882 1053 1947 Vitruvii
1077 1881 1235 1946 locis
1258 1904 1456 1945 ausus
1481 1880 1674 1945 estin
1699 1878 1852 1943 aedis
1879 1878 2186 1943 Marianae
2207 1876 2436 1941 sedem

291 1984 768 2053 Marcellianam
790 1987 1055 2076 invitam
1085 1985 1542 2051 emendatione
1561 1984 1954 2075 pertrahere.
1983 1985 2069 2049 Hi
2091 2000 2254 2047 sunt
2275 1984 2404 2047 loci
2417 2030 2437 2063 ,

294 2091 533 2177 quibus
586 2092 913 2157 Ciceronis
956 2092 1406 2160 auctoritatem
1445 2091 1756 2173 adjunxi,
1817 2112 2022 2178 quum
2061 2089 2434 2154 Sextianam

293 2195 771 2287 interpretarer.
826 2200 1009 2264 Alter
1042 2198 1139 2263 ΙΙΙ
1164 2244 1183 2280 ,
1234 2208 1306 2280 1',
1350 2194 1528 2286 apud
1571 2195 1873 2263 Schneid.
1902 2218 1979 2259 2:
2012 2225 2040 2249 ιι
2059 2194 2434 2284 Peripteros

298 2300 541 2394 (aedes)
589 2322 809 2370 autem
844 2305 1000 2386 erit,
1048 2327 1194 2393 quae
1236 2303 1437 2368 habet
1477 2304 1546 2366 in
1585 2303 1800 2368 fronte
1845 2318 1914 2366 et
1943 2300 2198 2390 postico
2243 2323 2434 2364 senas

294 2409 701 2476 columnas...
739 2411 1107 2499 habeatque
1158 2409 1674 2474 ambulationem
1726 2408 1896 2472 circa
1949 2407 2176 2472 cellam
2237 2405 2430 2487 aedis,

296 2515 851 2599 quemadmodum
888 2533 987 2580 est
1014 2517 1087 2580 in
1126 2517 1384 2604 porticu
1417 2512 1699 2595 Metelli,
1738 2513 1912 2577 Jovis
1943 2511 2216 2577 Statoris
2263 2512 2430 2576 Her-

294 2619 475 2684 modi
494 2667 513 2700 ,
554 2637 620 2684 et
650 2621 732 2686 ad
763 2623 1052 2686 Mariana
1082 2622 1368 2686 Honoris
1389 2637 1454 2685 et
1472 2619 1746 2684 Virtutis
1767 2619 1908 2685 sine
1925 2619 2178 2708 postico
2209 2617 2432 2706 (ostio)

294 2744 333 2786 a
356 2725 583 2790 Mucio
616 2727 781 2792 facta
796 2757 845 2793 υ.
868 2727 995 2794 Hic
1022 2727 1185 2792 nihil
1208 2708 1382 2791 aliud
1399 2775 1418 2810 ,
1453 2725 1578 2790 nisi
1598 2725 1972 2814 praepositio
2001 2723 2290 2788 tollenda
2306 2773 2325 2807 ,
2355 2738 2428 2786 ut

293 2829 579 2898 Mariana
605 2834 893 2920 porticus
922 2833 1336 2921 intelligatur,
1357 2854 1501 2919 quae
1523 2855 1652 2896 vox
1681 2831 1870 2894 initio
1898 2830 2110 2920 posita
2141 2846 2280 2910 est,
2305 2831 2424 2894 nisi

296 2940 497 3004 mavis
537 2939 739 3004 aedem
777 2938 1132 3028 intelligere
1150 2985 1170 3018 ‚
1222 2938 1326 3002 vel
1376 2937 1570 3002 etiam
1617 2937 1712 3002 ad
1739 2936 1808 3000 in
1847 2935 1986 3000 oede
2025 2951 2420 3000 convertere.

290 3043 602 3131 Her-modi·
628 3045 960 3110 architecti
992 3067 1266 3124 nomen,
1300 3043 1486 3132 quod
1517 3043 1840 3132 ignoravit
1872 3043 2139 3124 Iunius,
2173 3043 2425 3106 Turne·

290 3149 445 3233 bus,
468 3151 736 3216 Advers.
770 3153 888 3233 XI,
920 3175 956 3216 2
975 3200 994 3234 ,
1028 3165 1237 3214 mutat
1262 3149 1332 3213 in
1369 3148 1770 3230 Hermodori,
1795 3171 1950 3212 sane
1979 3147 2420 3235 probabiliter.

291 3254 420 3320 Sed
458 3257 823 3323 Piranesius
868 3279 1003 3322 non
1052 3255 1249 3322 modo
1299 3253 1584 3320 Rodium
1605 3263 1619 3276 “
1635 3255 1824 3343 plane
1869 3253 2154 3341 decepit,
2191 3276 2416 3317 verum

288 3362 483 3426 etiam
502 3363 585 3428 de
615 3365 942 3452 praestanti
962 3361 1342 3429 Schneideri
1360 3363 1674 3427 memoria
1693 3410 1712 3443 ,
1731 3360 2088 3426 admirabili
2121 3359 2416 3424 doctrina

288 3467 441 3549 viri,
476 3469 859 3534 Ciceronem
892 3468 1203 3550 excussit,
1237 3467 1352 3556 qui
1383 3467 1669 3532 Marcelli
1706 3489 1948 3530 nomen
1991 3467 2060 3529 iu
2104 3466 2228 3529 hae
2259 3489 2416 3530 oon-

278 3571 529 3652 jeetura
560 3575 865 3662 ‘posuerit
896 3597 913 3638 z
950 3572 1550 3662 «quemadmodum
1590 3589 1690 3636 est
1723 3573 1792 3636 in
1829 3571 2086 3660 porticu
2129 3571 2412 3636 Metelli:

286 3675 668 3758 hujusmodi
688 3695 769 3742 et
822 3677 990 3744 aedes
1036 3678 1320 3744 Honoris
1364 3693 1432 3742 et
1459 3677 1732 3742 Virtutis
1763 3676 2046 3742 Marcelli
2079 3676 2223 3740 sine
2263 3699 2414 3762 por-

284 3780 425 3844 ticu
451 3807 489 3845 a
522 3784 745 3848 Mucio
780 3786 963 3849 factae
996 3815 1042 3848 ι.
1089 3782 1289 3867 Quod
1319 3783 1628 3846 Her-modi
1667 3805 1906 3850 nomen
1939 3781 2292 3869 expunxit,
2351 3796 2412 3844 et

284 3881 640 3967 luq'usmodi
683 3888 943 3954 duobus
976 3914 1057 3954 ex
1086 3890 1262 3954 libris
1294 3889 1568 3976 arripuit
1586 3938 1605 3972 ,
1660 3890 1815 3953 Jove
1851 3889 2119 3975 quoque
2163 3887 2408 3949 Stator-e

282 3983 569 4066 sublate,
592 4015 789 4077 quem
820 3995 913 4060 illi
942 3996 1063 4084 ipsi
1088 3996 1235 4060 libri
1266 3996 1582 4077 retinent,
1616 3995 1776 4060 nihil
1810 3993 1878 4059 id
1911 4015 2054 4058 mea
2103 4015 2285 4056 nunc
2311 3993 2408 4055 in—
