2594 4537
318 297 361 340 2
379 295 401 338 ι
415 293 461 338 o
911 312 917 322 ·
1098 263 1156 330 Ε
1170 264 1308 332 XC
1327 264 1390 332 U
1403 265 1692 334 RSUS.

318 415 374 456 c.
420 395 501 469 4¹
537 411 553 453 ε
587 416 612 448 ι
642 389 723 450 In
748 385 967 450 litibus
998 383 1387 450 aestimandis
1431 387 1567 450 fere
1595 384 1878 466 judices,
1915 401 2070 467 aut,
2106 385 2292 473 quod
2320 387 2462 452 sibi
2511 411 2528 420 ‘

316 519 505 578 eum,
534 513 729 583 quem
760 489 957 554 semel
980 487 1535 574 condemnarunt,
1564 490 1902 556 inimicum
1924 507 2162 581 putant
2187 513 2370 575 esse,
2401 495 2460 557 si

316 625 445 691 qua
475 601 544 664 in
578 620 727 663 eum
760 597 837 660 lis
868 595 1091 683 capitis
1122 595 1295 660 illata
1325 613 1425 662 cst
1443 644 1462 678 ‚
1493 619 1630 662 non
1666 596 2055 683 admitmnt3
2087 613 2204 663 aut
2219 646 2250 679 ,.
2271 613 2404 664 etc.
2427 629 2459 656 υ

314 709 383 776 Si
414 709 490 772 lis
525 704 747 793 'capitis
777 701 949 766 illata
988 701 1060 765 in
1105 723 1253 766 eum
1276 749 1297 784 ,
1357 705 1472 790 qui
1515 703 2024 792 repetundarum
2060 704 2194 785 jam
2239 705 2462 770 fuerat

316 813 725 892 damnatus,
740 831 783 872 a
811 805 1139 887 judicibus
1168 823 1424 896 poterat
1463 832 1598 874 uon
1645 809 1926 892 admitti,
1961 827 2029 876 et
2065 809 2460 899 plerumque

311 941 448 984 non
482 915 965 997 admittebatur,
1008 935 1146 977 non
1194 936 1451 1003 semper
1483 915 1728 981 crimen
1767 915 1930 982 illud
1971 917 2240 1005 capitale
2273 933 2454 982 erat·
2431 965 2455 1000 ‚

312 1023 781 1114 prosequitur:
816 1021 1101 1108 «Itaque
1128 1035 1198 1083 et
1226 1020 1573 1101 majestatis
1605 1021 1888 1088 absoluti
1918 1038 2077 1087 sunt
2101 1023 2456 1110 pamnlti,

314 1129 555 1219 quibus
593 1126 909 1192 damnatis
954 1123 1038 1189 de
1078 1125 1372 1214 pecuniis
1408 1126 1789 1216 repetundis
1833 1128 1978 1193 lites
2018 1145 2238 1192 essent
2277 1129 2453 1194 asti·

313 1251 513 1300 matae.
534 1263 583 1298 ι.
634 1234 815 1321 Saepe
868 1231 1123 1296 multati
1153 1233 1430 1326 pecunia
1475 1233 1818 1313 majestatis
1833 1281 1854 1314 ‚
1881 1233 2010 1298 hoc
2047 1249 2178 1315 est,
2217 1233 2456 1322 capitis

312 1361 569 1429 poenam
612 1353 971 1403 evaserunt.
1025 1335 1252 1401 Paullo
1290 1352 1444 1426 post
1485 1337 1573 1402 de
1620 1338 1902 1403 Scaevola
1931 1337 2454 1428 repetundarum

313 1445 618 1510 damnato
654 1467 673 1508 ε
716 1475 743 1500 ι
770 1443 966 1508 Omni
1016 1439 1440 1508 contentione
1473 1459 1837 1532 pugnatum
1893 1460 2028 1525 est,
2067 1461 2146 1508 ut
2188 1445 2268 1509 lis
2311 1444 2460 1510 hmc

276 1561 287 1568 '
314 1553 543 1640 capitis
576 1550 1001 1614 aestimaretur
1020 1572 1083 1630 »ς
1110 1564 1364 1638 poterat
1393 1549 1594 1638 igitur
1617 1574 1656 1615 a
1665 1549 2000 1632 judicibus
2025 1550 2458 1616 condemnati

312 1657 537 1746 capitis
572 1656 852 1720 Scaevola
882 1679 897 1718 τ
929 1685 955 1710 α
978 1655 1141 1737 Quoe
1168 1676 1271 1718 res
1294 1655 1352 1720 si
1371 1654 1463 1719 rei
1479 1653 1780 1736 judicatae
1805 1655 2067 1745 pondus
2091 1657 2458 1740 tabuisset„

314 1763 421 1826 ille
446 1777 672 1850 postea
704 1761 807 1824 vel
836 1760 1017 1824 aliis
996 1759 1274 1824 mimicis
1307 1781 1456 1824 reus
1490 1760 1614 1826 bac
1639 1762 1828 1850 lege
1809 1784 1952 1851 ipsa
1975 1764 2182 1828 factus
2213 1779 2388 1828 esset
2407 1794 2458 1826 ιι.

311 1867 433 1931 Hie
452 1865 523 1930 P.
556 1865 905 1954 Septimius
928 1864 1211 1929 Scaevola
1230 1863 1574 1930 damnatus
1601 1881 1698 1931 est
1727 1865 1810 1930 de
1831 1865 2248 1956 repetundis,
2266 1867 2460 1934 Cice·-

308 1994 471 2038 rone
490 1987 655 2036 teste
680 1971 951 2036 Verrina
973 1972 1074 2052 113
1106 1985 1408 2058 potuerat
1441 1971 1504 2036 ei
1537 1971 1615 2036 lis
1637 1973 1866 2036 inferri
1891 1973 2146 2062 rapinis,
2169 1989 2248 2038 ut
2269 1975 2458 2039 omni

313 2077 729 2142 contentione
756 2075 839 2140 ab
866 2091 1240 2138 accusatore
1268 2090 1585 2160 certatum
1615 2093 1754 2140 est:
1779 2074 1896 2142 sed
1926 2077 2004 2140 lis
2031 2078 2258 2165 capitis
2282 2079 2462 2142 illata

314 2183 395 2248 ab
425 2197 793 2247 accusatore
828 2203 964 2246 non
992 2179 1121 2244 fuit
1146 2177 1458 2262 admissa,
1491 2196 1558 2245 et
1582 2182 1857 2271 pecunia
1886 2183 2198 2250 multatus
2229 2182 2461 2248 civita·

314 2308 447 2358 tem
480 2312 619 2357 non
650 2288 897 2369 amisit,
924 2287 1293 2375 mansitque
1323 2288 1588 2369 Romae3
1621 2311 1828 2376 quum
1851 2290 2140 2377 potuerit
2159 2290 2288 2355 alia
2311 2290 2460 2380 lege

312 2397 529 2462 vocari
558 2396 627 2459 in
655 2392 973 2474 judicium
999 2440 1017 2475 ,
1056 2393 1237 2457 exsul
1266 2408 1485 2457 autem
1528 2394 1644 2480 qui
1676 2412 1844 2459 esset
1887 2417 2306 2483 nequaqum
2341 2418 2461 2461 vo·-

318 2504 447 2567 cari
494 2502 566 2564 in
608 2498 927 2581 judicium
965 2513 1203 2588 posset.
1255 2500 1396 2564 Jam
1441 2522 1597 2563 vero
1653 2500 2058 2581 objectorum
2103 2502 2348 2567 solutio
2383 2504 2457 2566 in

316 2620 629 2697 promptu
677 2620 821 2671 est:
866 2628 1016 2669 nam
1066 2622 1133 2671 et
1176 2605 1498 2672 Asconius
1533 2608 1857 2695 geminam
1894 2628 2150 2695 poenam
2197 2609 2458 2675 crimini

314 2708 823 2801 repetundarum
862 2710 1193 2793 attribuit,
1228 2711 1384 2799 quia
1408 2730 1684 2800 utraque
1715 2712 2044 2799 pendebat
2071 2713 2156 2779 ab
2183 2714 2459 2779 arbitrio

310 2816 644 2900 judicum3
686 2832 753 2880 et
791 2816 981 2879 multi
1018 2815 1305 2881 damnati
1343 2836 1424 2881 eo
1463 2819 1732 2882 crimine
1765 2818 2088 2883 exsulasse
2123 2820 2457 2909 leguntur,

317 2922 469 3012 quia
498 2920 574 2985 lis
596 2920 820 3011 capitis
846 2920 915 2983 in
942 2943 1053 2984 eos
1081 2920 1284 3007 illata,
1309 2944 1348 2985 a
1365 2920 1692 3003 judicibus
1725 2920 1936 2986 fuerat
1956 2922 2256 2989 admissa.
2283 2924 2460 2988 1³1-ae-

316 3029 507 3117 cipue
548 3030 622 3093 C.
661 3028 823 3093 Cato
858 3026 1241 3109 consularis,
1286 3028 1395 3093 cui
1429 3029 1507 3093 lis
1549 3028 1854 3097 aestimata
1894 3046 1992 3098 est
2025 3046 2284 3095 tantum
2317 3029 2460 3098 H-S

318 3135 539 3199 XVIII
580 3132 865 3197 millibus
879 3179 898 3213 ,
940 3134 1259 3198 referente
1301 3134 1614 3201 Cicerone
1656 3136 1728 3199 in
1757 3136 2085 3218 Veri-inis,
2126 3137 2198 3201 in
2253 3137 2459 3203 altero

318 3240 429 3304 illo
440 3237 687 3319 judicio
706 3286 724 3321 ,
749 3260 955 3326 quum
979 3236 1063 3301 de
1082 3238 1212 3302 litis
1240 3239 1664 3331 aestimatione
1691 3256 2024 3305 certarunt
2037 3288 2056 3322 ‚
2083 3240 2459 3322 majestatis,

318 3345 446 3409 hoc
470 3359 587 3427 est,
616 3342 836 3433 capitis
865 3340 1335 3409 condemnatus
1358 3360 1475 3425 est,
1492 3342 1785 3437 adeoque
1808 3344 1877 3408 in
1906 3344 2203 3409 exsilium
2228 3346 2460 3433 pulsus

318 3448 400 3515 ab
433 3448 609 3515 iratis
636 3445 963 3529 judicibus
979 3496 998 3524 ,
1036 3447 1149 3535 qui
1183 3448 1322 3528 ejus
1355 3450 1544 3537 culpa
1561 3498 1584 3531 ,
1629 3466 1697 3514 et
1725 3450 1990 3517 amissas
2028 3450 2322 3539 legiones
2339 3498 2360 3533 ,
2395 3466 2462 3515 et

316 3554 705 3620 diminutam
726 3552 925 3615 fiiisse
951 3552 1206 3640 imperii
1233 3553 1632 3633 majestatem
1659 3556 1979 3643 putabant
1993 3604 2013 3639 ,
2035 3555 2210 3621 bello
2231 3571 2458 3621 contm

319 3658 692 3725 Scordiscos
732 3657 1137 3745 improspere
1176 3672 1378 3747 gesto.
1421 3658 1653 3747 Neque
1685 3682 1843 3725 vero
1877 3662 2221 3726 abnuerim
2241 3710 2262 3743 ,
2298 3662 2460 3726 alios

316 3764 632 3855 quosdam
659 3762 947 3829 exsulare
973 3778 1231 3829 coactos
1252 3811 1270 3843 ,
1302 3762 1450 3853 licet
1482 3764 1982 3853 non-damnatos
2003 3768 2264 3859 capitiS‚
2296 3767 2452 3859 quia

312 3870 625 3939 solvendo
677 3892 813 3935 non
864 3885 1050 3937 erant
1072 3918 1095 3951 ,
1141 3886 1218 3937 ut
1262 3868 1612 3943 Gabinium
1631 3920 1652 3953 ,
1700 3896 1780 3946 ac
1825 3874 2266 3957 Dolabellam
2303 3897 2461 3943 nam

314 3978 545 4041 Verres
565 4021 584 4055 ,
632 3974 747 4061 qui
799 3975 1158 4062 septuagies
1212 3976 1699 4041 tantummode
1725 3979 1896 4069 exigi
1939 3980 2159 4060 iussus
2201 3996 2340 4063 est,
2381 4002 2462 4045 ex
