2594 4537
904 252 1441 321 EXCURSUS
1495 254 1582 321 v.
2045 224 2054 249 ”
2155 250 2304 348 639

170 388 257 435 ut
285 369 705 435 dedicationis
748 370 909 434 ratio
959 387 1024 435 et
1066 372 1247 435 locus
1289 373 1356 437 in
1400 373 1626 460 templi
1662 373 1874 437 fronte
1917 374 2304 461 postulabat.

166 479 313 560 Qui
337 500 493 541 vero
528 476 811 565 elogium
832 477 1103 567 Augusti
1132 479 1322 558 jussu
1349 478 1728 569 conscripsit
1745 527 1763 562 ,
1799 478 1936 543 haec
1955 478 2108 543 inde
2131 503 2307 544 sum-

164 584 334 670 psit:
372 583 505 646 DE.
536 580 1020 645 MANVBIEIS.
1041 582 1364 669 (manibiis
1399 586 1730 672 Augustus
1761 584 1898 672 ipse
1921 584 2304 674 scripsisset)

164 688 685 753 CIMBRICEIS.
731 688 863 751 ET.
902 688 1500 755 TEVTONICEIS.
1558 690 1886 755 AEDEM.
1940 690 2305 755 HONORI.

162 796 302 858 ET.
336 793 717 858 VIRTVTI.
748 793 1089 858 VICTOR.
1134 795 1410 860 FECIT.
1456 796 1559 860 Sic
1602 796 1668 859 in
1703 794 1915 883 lapide
1947 796 2051 860 his
2085 798 2304 883 paucis

156 900 353 964 annis
385 902 605 963 Romae
638 899 891 964 detecto
920 902 994 965 L.
1028 900 1388 966 Mummius
1407 950 1426 982 ‚
1467 902 1581 990 qui
1606 901 2000 966 Corinthum
2033 900 2328 983 delevit,·

157 1022 320 1093 post
342 1006 547 1069 multa
568 1006 901 1087 interjecta
918 1054 937 1089 ,
963 1006 1488 1073 IMPERATOR.
1513 1008 1906 1072 DEDIGAT.
1934 1009 2306 1072 Arretinum
2366 1044 2376 1056 ·

158 1115 539 1201 exemplum
589 1112 956 1179 emendavit
996 1132 1171 1180 recte
1210 1114 1480 1197 Gorim,
1527 1115 1828 1203 Inscript.
1863 1114 2080 1180 Etrur.
2119 1132 2162 1181 t.
2198 1116 2265 1179 11
2287 1166 2305 1199 ,

154 1243 228 1307 p.
268 1218 391 1284 252
414 1268 433 1301 ,
470 1241 685 1307 neque
722 1221 939 1284 minus
972 1236 1143 1285 recte
1173 1221 1568 1285 Vitruvianis
1601 1220 1758 1285 loeis
1795 1234 1894 1284 est
1927 1243 2105 1284 usus.
2145 1222 2302 1286 Erat

152 1326 339 1389 enim
374 1324 485 1388 illo
516 1326 587 1389 in
616 1327 911 1414 exemplo
940 1328 1069 1389 ET.
1100 1327 1442 1391 VICTOR.
1477 1326 1697 1414 quasi,
1743 1340 1809 1389 et
1842 1326 1914 1391 V
1907 1326 2164 1391 ictor-icc.
2202 1328 2302 1391 Ex

154 1430 263 1493 his
306 1428 565 1494 tandem
604 1446 904 1519 apparet,
939 1432 1396 1521 inscriptiones
1421 1432 1742 1497 Marianas
1777 1432 2002 1495 Romae
2031 1432 2097 1494 in
2139 1452 2299 1519 ope-

154 1536 343 1601 ribus
380 1536 657 1625 publieis
698 1536 899 1603 fuisse
939 1538 1099 1602 has:
1137 1540 1414 1627 primam
1461 1540 1531 1601 in
1571 1537 1706 1602 aede
1751 1537 1835 1601 ab
1873 1537 2020 1625 ipso
2054 1536 2302 1618 Mario,

154 1640 515 1707 secundam
553 1643 813 1731 publice
857 1643 925 1707 in
952 1644 1269 1733 Capitolio
1286 1692 1308 1727 ,
1341 1668 1418 1709 ex
1454 1668 1584 1734 qua
1625 1644 1894 1709 fortasse
1937 1660 2300 1707 extremum

156 1745 323 1812 illud
346 1766 442 1814 est
460 1797 479 1830 ,
499 1748 790 1814 VESTE.
818 1748 1380 1815 TRIVMPHALI.
1413 1750 1792 1815 CALCEIS.
1817 1748 2297 1814 PATRICEIS.

156 1854 285 1917 nisi
316 1855 534 1942 potius
566 1853 649 1917 ad
682 1854 907 1943 templi
938 1854 1415 1921 'dedicationem
1449 1855 1766 1945 pertinet,
1800 1870 1998 1943 atque
2033 1855 2117 1918 ab
2155 1855 2298 1943 ipso

154 1960 366 2023 Mario
396 1960 523 2025 fuit
552 1984 569 2024 ε
602 1960 857 2025 tertiam
885 1959 968 2023 ab
998 1963 1299 2049 Augusto
1325 1964 1396 2025 in
1419 1983 1650 2049 campo
1672 1962 1906 2025 Martio
1927 1976 2076 2025 ante
2105 1982 2289 2024 mau-

152 2064 409 2129 soleum
426 2113 445 2147 ,
505 2088 650 2154 quae
693 2064 763 2129 in
814 2065 981 2130 illius
1038 2068 1195 2149 foro!
1254 2066 1489 2131 eodem
1525 2066 1821 2155 exemplo
1868 2066 2036 2130 fuit:
2095 2066 2290 2129 aliam

150 2170 439 2258 denique
466 2170 741 2235 similem
768 2171 837 2235 in
866 2174 1013 2235 foro
1032 2172 1315 2253 Trajani.

248 2277 380 2364 (De
420 2277 663 2367 templo
688 2278 975 2343 Honoris
1004 2295 1070 2342 et
1084 2278 1356 2344 Virtutis
1391 2293 1598 2342 exstat
1611 2277 1938 2342 Thorlacii
1962 2278 2279 2360 Prolusio,

150 2385 466 2471 Opuseul.
509 2408 569 2473 p.
611 2409 730 2473 177
764 2407 898 2472 seq.
939 2407 1137 2474 quam
1170 2384 1255 2448 ab
1286 2385 1426 2448 aliis
1454 2401 1712 2448 tantum
1754 2381 2078 2449 laudatam
2113 2383 2283 2465 vidi3

148 2491 241 2553 ita
274 2506 351 2554 ut
386 2491 546 2578 quid
582 2491 735 2557 novi
768 2491 1026 2573 afferat,
1061 2491 1171 2556 hic
1210 2490 1453 2555 referre
1484 2513 1820 2578 nequeam.
1861 2490 1886 2578 )
