2594 4537
514 299 791 368 ORAT.
842 299 976 368 DE
1021 299 1453 368 HARUSP.
1505 283 2092 376 REsronsls.
2244 306 2376 396 451

252 420 630 492 inimicum
677 443 796 491 me
855 442 1141 516 semper
1181 443 1335 491 esse
1382 417 1748 517 professus
1800 447 1961 496 sum
2012 426 2347 504 duobus²
2370 490 2391 522 ,

253 533 386 628 qui
429 555 584 619 me,
639 533 770 630 qui
807 528 1331 627 rempublicam
1352 585 1373 620 ,
1434 555 1664 628 quum
1716 531 2107 611 defendere
2165 542 2389 617 debe-

254 655 461 729 rent,
503 665 786 715 servare
826 654 1170 738 possent;
1227 665 1605 738 quumque
1660 642 1749 714 ad
1808 649 2183 723 consulare
2226 653 2391 727 offi-

256 755 456 824 cium
473 751 648 851 ipsis
668 746 1112 849 insignibus³
1149 749 1341 822 illius
1368 750 1789 850 imperii,ad
1822 779 2058 827 meam
2092 761 2393 836 salutem

257 885 414 932 non
441 861 678 933 solum
713 861 1136 932 auctoritate
1155 914 1176 944 ‚
1207 861 1335 932 sed
1370 862 1583 934 etiam
1620 863 1961 960 precibus
1992 873 2245 943 vestris
2274 899 2398 946 vo-

257 987 642 1060 carentur3
695 973 933 1069 primo
997 972 1490 1068 reliquerunt,
1548 971 1814 1045 deinde
1873 978 2356 1072 prodiderunt
2378 1039 2397 1073 ,

259 1097 636 1181 postremo
679 1096 1318 1182 oppugnaverunt,
1338 1083 1793 1181 praemiisque
1813 1083 2099 1160 nefariae
2124 1096 2400 1189 pactio·-

262 1195 422 1263 nis⁴
465 1191 796 1264 funditus
849 1217 998 1264 una
1043 1217 1208 1264 cum
1248 1191 1622 1292 republica
1661 1217 2091 1293 oppressum
2132 1207 2401 1276 exstin-

261 1317 618 1400 ctumque
675 1302 1108 1389 voluerunt;
1177 1305 1455 1400 quique
1498 1325 1633 1375 suo
1681 1302 1944 1394 ductu,
1987 1321 2061 1380 et
2094 1311 2403 1412 imperio

263 1425 574 1484 cruento
606 1412 771 1500 illo,
812 1425 1036 1509 atque
1069 1409 1401 1502 funeste,
1444 1412 1797 1512 supplicia
1832 1439 2074 1518 neque
2105 1445 2148 1492 a
2178 1425 2405 1497 socio·

261 1547 436 1596 rum
489 1519 905 1595 moenibus⁵
945 1521 1371 1622 prohibere,
1410 1547 1655 1621 neque
1691 1524 2059 1600 hostium⁶
2096 1531 2405 1607 urbibus

265 1631 539 1706 inferre
555 1647 992 1734 potuerunt3
1025 1635 1459 1706 excisionem
1478 1689 1497 1722 ,
1518 1635 2183 1731 inflammationem,
2204 1665 2407 1714 ever-

268 1747 552 1816 sionem
579 1799 601 1834 ,
644 1742 1323 1843 depopulationem,
1368 1747 1771 1818 vastitatem
1815 1771 1975 1818 eam
1997 1804 2017 1837 ,
2070 1775 2200 1823 sua
2241 1776 2411 1825 cum

267 1855 552 1954 praeda,
592 1855 776 1928 meis
816 1853 1161 1926 omnibus
1213 1856 1422 1926 tectis
1471 1867 1691 1951 atque
1748 1859 1935 1956 agris
1984 1860 2411 1935 intulerunt.

269 1970 464 2038 Cum
493 1965 608 2036 his
640 1963 844 2038 fin-iis
873 1980 947 2036 et
989 1962 1306 2053 facibus,
1344 1989 1513 2036 cum
1544 1963 1695 2053 his,
1730 1967 2064 2066 inquam,
2098 1974 2419 2044 exitiosis

271 2075 658 2175 prodigiiS,
695 2099 778 2148 ac
821 2100 1026 2175 paene
1080 2074 1306 2170 hujus
1346 2075 1633 2172 imperii
1686 2077 2011 2174 pestibus
2050 2135 2069 2169 ‚
2136 2081 2415 2154 bellum

271 2187 458 2257 mihi
495 2185 934 2286 inexpiabile
978 2185 1140 2258 dico
1180 2209 1335 2258 esse
1380 2200 1798 2285 susceptum
1840 2215 1855 2256 :
1910 2213 2154 2287 neque
2196 2191 2271 2262 id
2308 2207 2417 2263 ta·—

275 2321 454 2368 men
493 2298 735 2395 ipsum
765 2310 1054 2368 tantum
1077 2350 1098 2385 ,
1147 2286 1507 2394 quantum
1545 2320 1749 2367 meus
1776 2320 1861 2369 ac
1890 2323 2257 2391 meorum,
2290 2302 2420 2375 sed

275 2421 563 2481 tantum
581 2464 602 2499 ,
661 2421 1022 2505 quantum
1079 2417 1356 2479 vestet-⁷
1400 2420 1623 2504 atque
1666 2412 1999 2479 omnium
2054 2408 2421 2485 bonorum

273 2517 496 2591 dolor
519 2517 937 2617 postulavit.

381 2632 508 2701 111.
560 2634 646 2701 In
683 2628 1028 2701 Clodium
1069 2650 1245 2698 vero
1283 2650 1437 2698 non
1486 2642 1595 2701 est
1640 2626 1860 2701 hodie
1902 2652 2152 2700 meum
2193 2630 2424 2727 majus

279 2738 579 2828 odium,
616 2763 839 2837 quam
879 2737 1007 2809 illo
1036 2735 1156 2839 die
1174 2748 1196 2781 ¹
1243 2735 1381 2809 fui‘t
1403 2791 1424 2826 ,
1458 2762 1691 2834 quum
1723 2739 1927 2810 illum
1961 2739 2421 2814 ambustum²

281 2848 834 2946 religiosissimis
868 2846 1193 2945 ignibus,
1245 2849 1552 2944 cognovi
1598 2847 1940 2919 muliebri
1976 2865 2271 2939 ornatu,
2334 2876 2425 2922 ex

365 3109 415 3143 2.
439 3062 652 3143 nascas.
687 3090 986 3144 emunim
1019 3089 1236 3139 onhinffio
1271 3100 1324 3139 et
1480 3089 1760 3139 ostentum
1788 3089 1995 3139 mmm.
2010 3090 2263 3153 Gabinius,
2276 3108 2425 3157 quum

283 3174 480 3226 moni.
1409 3168 1553 3219 vietis
1577 3170 1737 3233 aliqua
1762 3184 1825 3217 ex
1851 3180 1989 3234 parte
2032 3168 2257 3220 hostibus
2293 3188 2433 3222 seus-

365 3254 414 3301 3.
440 3253 567 3317 Ipsis
596 3248 888 3317 insignibus.
923 3252 1035 3299 Suae
1071 3246 1326 3313 dignitatis
1410 3248 1484 3295 tui
1528 3248 1591 3297 de
1632 3248 1851 3313 gruibus
1890 3250 2091 3313 agendis
2131 3251 2429 3317 scripsisset,

291 3332 448 3381 nom,
1409 3328 1653 3391 repulsam
1708 3327 1862 3389 tulit3
1907 3328 2044 3391 quod
2096 3328 2184 3377 uni
2245 3342 2431 3381 tantum

367 3420 419 3467 4.
455 3406 680 3475 Nefariae
712 3405 976 3474 pas-donis.
1021 3406 1250 3471 Acceptis
1289 3420 1327 3453 ι
1412 3405 1699 3470 proconsuli
1729 3406 1965 3469 probrum
1992 3406 2152 3457 fuerat
2175 3408 2406 3461 inustum.
2454 3410 2461 3417 ’

289 3488 477 3541 Clodio
514 3487 816 3555 provinciis,
859 3486 926 3535 ob
963 3484 1214 3551 proditum
1247 3484 1329 3533 Ci-
1488 3502 1515 3545 7
1528 3520 1541 3533 .
1584 3486 1764 3533 Vester.
1804 3488 1971 3549 Quum
2014 3502 2119 3535 non
2167 3490 2327 3539 minus
2382 3492 2433 3540 in

291 3584 546 3620 cuonem,
1416 3578 1568 3627 remp.
1592 3578 1737 3628 quam
1760 3564 1812 3611 in
1835 3578 1912 3612 me
1936 3568 2261 3630 peccaverint.

371 3644 426 3699 5.
451 3643 698 3711 Supplicia
815 3658 852 3691 a
883 3642 1126 3691 sociorum
1159 3640 1331 3705 moent‘-
1487 3644 1577 3691 111.
1603 3658 1648 3693 1.
1676 3644 1767 3692 1110
1786 3643 1883 3693 die.
1912 3644 2119 3693 Causam
2156 3646 2260 3694 odii
2288 3664 2315 3696 a
2338 3651 2437 3715 pri-

295 3729 407 3777 bus.
428 3727 542 3775 Piso
566 3722 908 3773 Maoedoninm
935 3723 1002 3772 its
1027 3722 1331 3771 administra·
1416 3732 1528 3769 vata
1592 3721 1838 3771 simultate
1894 3722 1957 3769 ad
2006 3724 2204 3788 publica
2263 3726 2437 3778 delicta

291 3807 399 3867 vit,
429 3817 488 3855 ut
515 3802 718 3853 Barbari
739 3818 845 3852 esui
877 3803 1098 3867 undique
1129 3802 1332 3851 invade·
1420 3801 1669 3861 transfert,
1693 3817 1793 3866 quo
1834 3798 1989 3861 majus
2025 3803 2207 3852 dicenti
2248 3807 2442 3870 pondus

297 3896 448 3944 rent,
481 3895 532 3933 et
547 3882 1004 3943 Thessalonicenses
1028 3884 1082 3930 in
1109 3882 1218 3946 ipso
1240 3880 1334 3929 im·
1418 3870 1558 3930 insit.
1586 3892 1595 3901 ·

291 3964 430 4033 perii
457 3966 643 4029 gremio
678 3961 921 4027 oppidum
947 3960 1248 4024 relinquere,
1283 3970 1335 4008 et
1496 3976 1547 4010 2.
1586 3960 1894 4009 Ambustum.
1931 3962 2163 4010 Erue-stus
2205 3966 2447 4029 explicat,

291 4042 473 4092 urbem
498 4044 686 4091 munire
707 4050 1013 4106 cogerentur.
1425 4054 1483 4087 ex
1509 4038 1750 4089 sset-fficio
1786 4040 1935 4089 Bone
1970 4040 2087 4089 Deae
2124 4044 2209 4089 vix
2250 4044 2448 4109 impune

2043 4150 2156 4220 29.
