2594 4537
688 533 1826 664 ARGUMENTUM.

185 804 386 872 Quum
413 799 621 860 Cicero
648 799 797 860 urbe
812 800 1269 880 cessisset,quod
1294 801 1510 860 iactum
1531 813 1620 860 est
1643 819 1838 861 mense
1863 802 2072 862 martio
2087 808 2318 864 anm-U.

262 899 407 974 696,
429 917 485 956 a.
520 897 658 957 Chr.
690 897 795 972 58,
835 899 941 958 etsi
970 899 1161 958 statim
1190 903 1253 958 P.
1276 897 1513 958 Clodius
1541 895 1808 958 tribunus
1829 899 1909 978 pl.
1933 900 2184 959 comitiis
2213 900 2322 960 tri-

260 992 427 1054 butis
446 1011 659 1052 novam
680 994 863 1073 legem
884 993 957 1053 de
979 993 1181 1054 exsilio
1200 995 1384 1073 ipsius
1402 1007 1461 1052 et
1475 992 1764 1052 bonorum
1787 993 2182 1074 publicatione
2194 1015 2334 1076 per--

266 1092 515 1164 tulerat,
557 1109 697 1150 mox
728 1092 895 1151 villas
932 1090 1287 1172 diripuerat,
1335 1091 1574 1151 domum
1601 1091 1663 1150 iu
1697 1093 1921 1152 Palatio
1957 1075 2329 1165 incenderat,

264 1207 581 1266 areamque
608 1201 1047 1248 consecraverat
1077 1188 1197 1249 deae
1224 1187 1512 1248 Libertati
1535 1210 1553 1262 ;
1579 1187 1739 1248 haud
1767 1188 2078 1250 defuerunt
2105 1203 2296 1256 tamen
2310 1233 2344 1274 ,s

262 1285 373 1362 qui
400 1284 505 1344 illo
538 1297 799 1364 tempore
824 1298 885 1344 et
908 1283 1115 1346 eodem
1146 1298 1273 1345 toto
1311 1304 1464 1345 anno
1497 1284 1570 1344 ad
1599 1284 1722 1364 ejus
1751 1287 2171 1345 restitutionem
2198 1305 2329 1344 om-

264 1379 443 1438 nibus
467 1379 671 1440 studiis
692 1380 1108 1440 incumberent.
1131 1387 1283 1462 Epp.
1310 1381 1386 1440 ad
1410 1388 1534 1442 Att.
1557 1385 1648 1441 111
1662 1425 1680 1454 ,
1703 1391 1736 1451 Ι.
1753 1425 1772 1456 ,
1803 1394 1914 1441 etc.
1937 1383 2164 1462 priores
2185 1400 2327 1462 epp.

266 1477 330 1535 Ιι.
356 1477 395 1535 Ι.
422 1477 713 1537 Plutarch.
741 1479 801 1536 in
831 1479 953 1538 Cic.
982 1499 1039 1558 p.
1071 1479 1217 1553 8763
1264 1479 1380 1538 Dio
1412 1483 1570 1540 Cass.
1597 1477 1970 1552 xxxvl-11·‚'
1991 1499 2080 1552 17.
2120 1481 2330 1556 ltaque

264 1573 384 1632 kal.
408 1573 539 1652 jun.
570 1574 645 1635 de
670 1595 744 1634 eo
772 1588 963 1634 actum
995 1588 1081 1634 est
1115 1575 1177 1634 iu
1223 1588 1466 1647 senatu,
1507 1576 1798 1636 referente
1834 1573 1968 1634 trib.
2000 1577 2080 1654 pl.
2112 1575 2330 1634 Ninnio

264 1663 607 1746 Quadrato,
642 1673 891 1751 ipsoque
917 1671 1227 1752 adjuvante
1258 1672 1568 1751 Pompeio,
1606 1691 1780 1750 quem
1807 1673 2006 1752 paullo
2035 1686 2167 1731 ante
2195 1672 2332 1730 Clo-

264 1768 403 1829 dius
425 1767 785 1842 offenderat3
832 1783 1007 1847 atque
1028 1768 1147 1846 jam
1178 1780 1302 1828 tum
1327 1769 1381 1827 ei
1407 1767 1628 1828 reditus
1659 1769 1860 1828 fuisset
1890 1767 2188 1843 decretus,
2220 1767 2333 1828 nisi

182 1855 185 1858 ’
264 1866 419 1926 alius
458 1864 593 1924 trib.
630 1866 817 1925 AElins
842 1867 1109 1924 Stalenus
1142 1865 1582 1936 intercessisset,
1615 1883 1685 1923 ac
1711 1865 1975 1924 consules
2005 1871 2070 1924 L.
2101 1866 2235 1925 Piso
2273 1877 2338 1926 et

266 1968 341 2022 A.
369 1961 655 2022 Gabinius
689 1961 945 2020 animum
976 1959 1051 2020 ab
1092 1980 1163 2020 ea
1190 1980 1257 2018 re
1286 1959 1540 2018 alienum
1565 1960 1968 2020 ostendissent.
2014 1965 2129 2020 Pro
2169 1965 2330 2022 Sext.

269 2077 399 2137 cap.
436 2059 531 2115 31.
558 2059 765 2116 Postea
794 2075 947 2134 saepe
978 2067 1209 2114 senatus
1236 2055 1452 2116 frustra
1475 2052 1776 2132 flagitabat
1801 2057 2098 2130 consules,
2137 2070 2208 2116 ut
2229 2075 2332 2116 re-

271 2155 525 2226 ferrent,
552 2151 814 2230 adeoque
857 2149 1189 2210 minabatur
1203 2195 1221 2222 ‚
1264 2149 1606 2230 priusquam
1641 2149 1710 2208 id
1737 2152 2034 2225 fecissent„
2087 2152 2241 2211 nihil·
2270 2173 2332 2213 se

271 2265 539 2313 acturum
554 2270 681 2309 asse
708 2270 723 2308 τ
751 2248 847 2309 isti
860 2267 1007 2309 vero
1020 2259 1354 2308 constanter
1370 2245 1680 2327 negabant,
1697 2247 1969 2328 impediri
1989 2270 2050 2309 se
2075 2247 2332 2311 dicentes

274 2348 469 2411 modii
490 2348 647 2427 lege,
675 2345 843 2425 cujus
875 2346 1067 2425 capite
1091 2344 1348 2425 quodam
1375 2358 1502 2405 erat
1527 2357 1760 2405 cautum
1776 2390 1792 2418 ,
1823 2366 1898 2405 ne
1928 2347 2060 2424 quis
2083 2346 2330 2407 verbum

274 2447 523 2515 faceret,
541 2462 661 2522 quo
676 2444 775 2503 illa
793 2443 885 2503 lex
904 2461 1011 2521 per
1028 2454 1290 2501 senatum
1317 2453 1418 2499 aut
1441 2442 1726 2520 populum
1750 2440 2084 2502 labefactari
2113 2456 2330 2522 posset.

274 2545 429 2623 Epp.
450 2539 527 2601 ad
548 2547 667 2601 Att-
692 2544 777 2600 111
793 2583 811 2612 ‚
852 2540 955 2613 ¹⁵3
993 2540 1055 2597 in
1080 2538 1195 2598 Pis.
1225 2558 1279 2597 c.
1317 2540 1409 2611 ιδ’,
1439 2556 1576 2617 seq.‘
1605 2540 1795 2617 Igitur
1819 2540 2156 2618 aliquandiu
2183 2532 2332 2601 nihil

274 2640 508 2699 efficere
536 2648 855 2717 potuerunt
880 2635 1211 2705 necessarii,
1258 2635 1513 2711 Quintus
1549 2636 1728 2695 frater
1762 2650 1822 2697 et
1855 2640 1923 2697 1..
1946 2630 2079 2701 Piso
2119 2628 2339 2717 gener3

276 2735 425 2795 nihil
438 2732 951 2793 benivolentissimi
963 2743 1021 2792 et
1032 2731 1362 2791 amicissimi
1374 2732 1487 2791 viri
1493 2736 1597 2793 .Ex
1607 2732 1890 2811 quibusP.
1905 2725 2212 2817 Sextiqu
2231 2735 2336 2817 qni

280 2853 433 2894 anno
448 2846 579 2913 post
595 2829 733 2890 trib.
746 2831 828 2910 pl.
847 2831 975 2903 fuit,
984 2848 1177 2889 mense
1188 2842 1334 2908 sept.
1338 2848 1456 2907 Jam
1471 2829 1782 2907 designatis
1792 2830 1962 2891 novis
1976 2822 2332 2903 consulibus,
2345 2821 2352 2825 ⁵

279 2930 353 2989 de
380 2930 659 2990 Cicerone
685 2925 917 2986 duobus
936 2910 1271 2985 nominibus
1289 2924 1440 2985 bene
1456 2924 1820 2999 merehatur}
1841 2930 2113 3006 proximo
2133 2940 2336 3005 autem

280 3046 475 3087 mense
500 3038 631 3085 octo
662 3022 913 3094 tribuni,
936 3021 1243 3097 imminuta
1267 3022 1628 3100 aliquantum
1654 3020 1878 3082 Clodii
1870 3024 2163 3103 potentia,
2195 3045 2334 3085 cau-

280 3144 402 3184 sam
432 3122 691 3183 eamdem
718 3140 887 3201 agere
910 3120 985 3179 de
990 3121 1254 3205 integro.
1270 3132 1602 3199 coeperunt,
1630 3119 1977 3198 suscipiente
2001 3140 2128 3181 eam
2159 3122 2336 3183 etiam

281 3227 344 3282 P.
376 3220 655 3295 Lentulo,
684 3218 761 3283 de
785 3238 972 3298 eaque.
999 3216 1360 3297 rogationem
1386 3216 1460 3283 ad
1483 3217 1769 3296 populum
1793 3218 2334 3297 promulgaverunt.

282 3324 435 3399 Epp.
464 3317 687 3378 adAtt.
710 3320 835 3389 111,
862 3334 940 3375 uo
962 3328 1024 3377 et
1044 3316 1155 3388 ²33
1184 3334 1308 3394 pro
1325 3316 1484 3375 Sext.
1517 3334 1569 3373 c.
1594 3314 1704 3387 32,
1731 3334 1850 3397 seq.
1885 3315 2000 3379 Sed
2027 3318 2218 3383 caruit
2241 3338 2336 3385 res

284 3428 517 3496 sperato
544 3414 720 3487 exitu.
2178 3446 2184 3453 -

360 3511 621 3573 Tandem
644 3512 757 3570 kal.
783 3509 907 3588 jan.
940 3530 1033 3569 an.
1058 3512 1197 3589 697,
1222 3510 1512 3581 referente
1545 3510 1782 3581 consule
1809 3514 1874 3569 P.
1899 3511 2183 3583 Lentulo,
2223 3530 2336 3571 nec

284 3608 649 3689 impediente,
664 3608 789 3687 ejus
815 3608 1036 3686 collega
1078 3614 1154 3683 Q.
1190 3607 1433 3667 Metello
1467 3611 1728 3685 Nepote,
1757 3605 1860 3684 qui
1893 3605 2032 3665 olim
2070 3606 2338 3668 Ciceroni

284 3706 580 3779 inimicus,
608 3724 763 3765 nunc
788 3702 1145 3777 moderatior*
1169 3724 1237 3764 ac
1258 3724 1422 3784 paene
1445 3703 1708 3783 placatus
1731 3715 1888 3775 erat,
1919 3720 2074 3760 nova
2093 3716 2339 3765 conten-

289 3806 443 3865 tione
472 3818 665 3877 actum
698 3815 816 3879 est,
858 3814 925 3861 ut
938 3803 1041 3861 ‚vir
1062 3802 1137 3862 de
1162 3800 1466 3882 republica
1491 3802 1712 3882 optime
1739 3802 1978 3862 meritus
2005 3820 2179 3880 quam
2213 3804 2340 3883 pri-

288 3922 443 3961 mum
468 3900 863 3971 reduceretur.
900 3904 1089 3973 Quam
1118 3900 1193 3959 ad
1227 3919 1350 3967 nem
1379 3906 1446 3960 L.
1477 3905 1651 3963 Cotta
1680 3899 1998 3959 consularis
2023 3901 2182 3960 nulla
2213 3903 2338 3981 lege

286 4018 437 4077 opus
458 4016 589 4057 esse
614 3996 795 4070 dixit,
818 4016 1066 4074 eumque
1092 3994 1171 4055 ab
1196 4016 1316 4056 uno
1351 4011 1551 4059 senatu
1575 3998 1964 4058 revocandum
1993 3999 2347 4061 ornandum-
