2594 4537
437 238 690 308 POST
737 236 1087 305 REDIT.
1141 238 1252 305 IN
1304 235 1520 305 SEN.
1575 236 1986 305 ORATIO.
2138 260 2274 333 277

135 374 288 431 tate
343 374 634 429 coactus
679 358 1048 455 piraticam
1100 358 1256 453 ipse
1308 354 1626 442 fecisset;
1676 379 1757 427 ac
1798 356 2079 426 minore
2113 360 2279 453 qui-

135 468 306 540 dem
356 494 524 541 cum
575 466 990 566 reipublicae
1025 465 1499 555 detrimento,
1545 490 1764 562 quam
1804 462 2053 561 quod⁸
2090 468 2279 535 intra

139 581 415 650 moenia
459 576 775 651 nefarius
817 576 1085 667 hostis,
1130 570 1523 676 praedoque
1566 590 1889 647 versatus
1933 591 2086 647 est:
2124 601 2277 672 quo

141 690 594 785 inspectante
627 713 709 759 ac
743 686 1043 759 sedente
1061 698 1118 775 9,
1154 687 1387 784 legem
1422 685 1761 785 tribunus
1800 685 2027 785 plebis
2070 687 2277 773 tulit,

141 822 230 867 ne
273 798 616 896 auspiciis
670 796 1336 896 obtemperaretur3
1388 820 1483 867 ne
1525 794 2043 867 obnuntiare¹⁰
2096 819 2273 867 con·

143 905 308 977 cilio
330 914 422 996 ¹¹,
460 922 585 978 aut
617 909 962 1007 comitiis;
1000 933 1093 979 ne
1128 908 1268 1004 legi
1303 906 1832 978 intercedere12
1873 907 2159 979 liceret:
2199 920 2281 975 ut

141 1016 251 1087 lex
282 1016 460 1089 AElia
485 1014 547 1061 ¹3
583 1032 656 1089 et
687 1023 740 1088 F
748 1016 974 1089 ufia¹⁴
1015 1043 1108 1090 ne
1147 1014 1587 1107 valerent¹⁵;
1636 1043 1797 1115 quae
1846 1021 2083 1089 nostri
2125 1040 2277 1086 ma-

135 1128 329 1223 jores
365 1128 762 1200 certissima
795 1128 1114 1201 subsidia
1149 1126 1645 1225 reipublicae¹⁶
1686 1144 1941 1199 contra
1978 1127 2279 1199 tribuni-

141 1237 275 1307 tios
321 1236 604 1311 furores
659 1263 814 1311 esse
858 1240 1264 1312 voluerunt.
1314 1238 1665 1337 Idemque
1706 1252 1997 1335 postea,
2041 1262 2271 1335 quum

143 1346 686 1420 innumerabilis
718 1349 1106 1421 multitudo
1150 1350 1518 1422 bonorum
1566 1349 1657 1421 de
1698 1349 2055 1447 Capitolio
2102 1372 2279 1445 sup-

143 1454 306 1551 plex
349 1458 441 1529 ad
492 1484 660 1530 eum
713 1458 1155 1531 sordidatam
1207 1464 1557 1550 venisset,
1603 1484 1983 1558 quumque
2033 1461 2276 1535 adole-

145 1582 421 1641 scentes
467 1568 939 1659 nobilissimi,
984 1572 1377 1669 cunctique
1422 1573 1703 1669 equites
1746 1571 2022 1642 romani
2060 1597 2137 1643 se
2188 1573 2277 1645 ad

145 1676 426 1751 lenonis
484 1676 1034 1778 impurissimi¹8
1083 1680 1309 1779 pedes
1359 1682 1781 1778 abjecissent
1818 1709 1837 1770 ;
1883 1706 2033 1779 quo
2071 1684 2276 1755 vultu

145 1791 592 1860 cincinnatus
615 1814 845 1887 ganeo
874 1815 1024 1861 non
1046 1792 1281 1862 solum
1311 1794 1573 1862 civium
1602 1791 1950 1886 lacrymas
1969 1848 1988 1881 ‚
2021 1817 2272 1864 verum

149 1902 350 1970 etiam
392 1902 638 1998 patriae
675 1923 922 1997 preces
969 1899 1423 1997 repudiavit?
1466 1904 1721 1997 Neque
1763 1924 1853 1971 eo
1885 1916 2278 1973 contentus

213 2151 262 2198 8.
287 2152 452 2208 Forte,
477 2166 650 2213 quum.
668 2152 798 2200 J.v.
827 2154 882 2199 1..
1334 2148 1415 2196 13.
1448 2146 1559 2196 Lex
1582 2146 1737 2195 AElia.
1767 2147 1891 2195 AElin
1920 2147 2005 2196 lex
2030 2150 2093 2197 de
2124 2152 2281 2199 Comi-

212 2245 261 2291 9.
279 2230 586 2293 Inspectanee
596 2245 659 2276 ac
675 2230 885 2278 sedente.
901 2229 1165 2294 Quiescen·
1256 2227 1333 2278 tie's
1353 2245 1373 2277 .·
1392 2228 1455 2278 ad
1476 2228 1757 2278 tribunitios
1773 2228 1959 2278 furore·
1977 2229 2279 2277 coercendos

154 2318 432 2366 te‚tacente.
451 2307 634 2356 Confer
651 2309 702 2356 in
721 2310 820 2359 Pis.
837 2327 898 2373 93
916 2325 1010 2374 pro
1029 2310 1162 2358 Sext.
1253 2307 1349 2358 lata
1374 2321 1449 2358 est
1467 2327 1494 2358 n
1518 2310 1582 2371 Q.
1602 2308 1733 2358 AElio
1748 2309 1971 2358 consule.
1996 2310 2061 2356 En
2084 2320 2279 2358 cautum

158 2405 196 2437 c.
223 2389 314 2446 153
335 2387 399 2434 ad
415 2389 521 2436 Att.
541 2389 645 2448 111,
667 2387 747 2437 15.
1249 2399 1355 2448 eet,
1393 2399 1477 2448 ut,
1516 2389 1710 2452 quoties
1751 2388 1947 2436 comitia
1984 2399 2176 2447 essent,
2215 2389 2279 2437 de

217 2483 295 2516 ιο.
343 2466 667 2516 obnuntiare.
708 2467 809 2530 Qui
849 2468 1026 2518 malam
1059 2484 1162 2518 rem
1241 2467 1372 2516 'caelo
1398 2483 1587 2519 servare
1613 2466 1810 2524 liceret,
1846 2466 2138 2516 obnuntiare
2162 2468 2282 2516 lice·

157 2548 360 2604 nuntint,
389 2545 680 2605 obnuntint3
712 2547 798 2610 qui
831 2546 1010 2595 bonam
1027 2583 1042 2610 ‚
1076 2564 1162 2596 nn·
1249 2557 1352 2606 ret,
1386 2545 1847 2612 obnuntiationique
1884 2548 2055 2596 cedere
2080 2565 2278 2598 necesse

157 2627 344 2674 nuntiat.
382 2625 508 2674 Nam
539 2626 738 2690 proprie
768 2626 1058 2674 obnuntiare
1082 2626 1160 2675 di·
1249 2619 1391 2676 esset.

158 2717 314 2755 cuntur
347 2719 584 2768 augures,
630 2706 716 2768 qui
733 2737 750 2764 ,
787 2720 937 2768 quum
974 2705 1162 2768 aliquid
1328 2715 1407 2764 14.
1432 2705 1519 2754 Al.
1546 2705 1703 2754 Fusio.
1728 2707 1779 2754 J.
1796 2708 1859 2754 V.
1882 2709 1941 2754 L.

159 2783 254 2831 mli
282 2782 460 2832 ominis
490 2798 766 2846 saevumque
795 2782 1030 2830 vidissent
1047 2817 1061 2842 ‚
1085 2784 1161 2830 in·
1323 2785 1409 2834 15.
1432 2785 1509 2832 Ne
1524 2786 1767 2834 valerent.
1787 2784 1989 2834 Clodius
2007 2800 2151 2850 ergo,
2168 2803 2273 2850 quo

161 2862 291 2912 fauet!
327 2863 464 2926 signa
501 2861 698 2910 coniitia
735 2861 935 2909 habenti
971 2863 1161 2910 nuntia·
1246 2873 1419 2928 posset
1452 2862 1689 2911 arbitratu
1716 2878 1806 2910 suo
1822 2896 1838 2921 ,
1864 2863 2273 2927 quandocumque

161 2941 260 2992 hant
273 2977 289 3004 ‚
319 2952 378 2990 nt
404 2941 600 2989 comitia
635 2939 990 2989 dirimerentur.
1027 2943 1160 2990 Nota
1246 2941 1393 2992 vellet
1407 2979 1423 3002 ,
1442 2941 1669 2990 exitiosos
1687 2941 1967 3006 reipublicae
1983 2941 2113 3005 leges
2130 2944 2269 2999 ferm,

163 3034 218 3072 cst
235 3021 433 3072 formula
453 3035 466 3069 :
489 3019 591 3070 alio
611 3021 715 3070 dio.
735 3020 853 3070 Vid.
873 3023 994 3069 Ern-
1015 3020 1156 3071 Clav.
1247 3021 1446 3070 sustulit
1496 3020 1711 3083 auspicia
1739 3054 1755 3079 ,
1805 3019 2227 3070 obnuntiationem
2255 3054 2271 3081 ‚

220 3118 296 3150 ιι.
322 3099 552 3150 Concilio.
587 3099 857 3149 Concilium
881 3110 954 3148 eet
980 3100 1157 3148 concio
1244 3099 1668 3157 intercessionem,
1702 3099 1737 3146 i.
1770 3115 1813 3145 e.
1842 3097 1995 3160 legem
2026 3097 2199 3148 AEliam
2222 3111 2271 3146 et

164 3181 341 3246 populi,
373 3189 544 3228 vocata
567 3179 633 3226 ad
664 3180 818 3242 legem
842 3178 1160 3244 promulgari·
1245 3177 1435 3226 Fufium
1449 3211 1465 3236 ‚
1490 3193 1598 3241 quae
1624 3177 1713 3224 tria
1742 3175 1847 3222 haec
1880 3174 2235 3226 confirmabant
2251 3213 2269 3237 ‚

166 3257 256 3310 dnm
281 3271 330 3309 et
357 3258 652 3308 recitandam
677 3267 789 3306 aute
814 3258 1029 3306 comitia.
1061 3259 1154 3308 Go-
1243 3275 1307 3306 ne
1328 3257 1615 3326 perniciosis
1639 3255 1827 3320 legibus
1844 3255 2062 3320 improbi
2086 3255 2271 3304 tribuni

167 3339 280 3388 mitia
311 3348 470 3387 autem
500 3347 614 3386 sunt
641 3348 912 3386 conventus
939 3335 1157 3385 universi
1243 3337 1315 3402 pl.
1342 3338 1465 3400 reip.
1494 3351 1671 3384 nocere
1698 3345 1912 3399 possent.

165 3418 312 3484 populi
333 3417 398 3465 ad
425 3416 676 3466 ferundum
705 3416 766 3464 de
789 3416 952 3481 eliqua
977 3431 1030 3464 re
1053 3415 1154 3464 euf—
1322 3417 1403 3464 16.
1438 3413 1665 3464 Subsidia
1700 3412 1991 3477 reipublicae.
2038 3417 2098 3462 In
2132 3417 2269 3463 Piso-

167 3494 358 3564 fragium.
1245 3496 1390 3544 niam
1413 3494 1545 3556 leges
1572 3493 1678 3541 illae
1700 3493 1913 3557 appellet
1942 3513 1967 3538 ιι
1985 3507 2267 3558 propugna-

223 3575 615 3624 reducem-edere.
626 3575 793 3638 Quum
805 3574 884 3622 lex
897 3572 1158 3637 serebatur,
1243 3574 1352 3622 culn
1376 3588 1635 3636 murosque
1657 3571 2022 3635 mnquillitetis
2044 3581 2091 3617 et
2114 3571 2202 3618 otii
2218 3592 2264 3620 ι».

170 3653 323 3703 tribuni
377 3653 534 3718 plebis
580 3663 809 3719 poterant
858 3652 1158 3702 intercedere
1322 3669 1341 3699 ι
1356 3669 1400 3714 7.
1422 3651 1637 3716 Supplex
1652 3651 1727 3698 ad
1742 3665 1851 3696 eum
1866 3647 2143 3696 sordidata.
2168 3650 2268 3698 Ho-

169 3729 238 3796 legi
250 3767 266 3794 ,
283 3743 562 3796 vetereque,
582 3747 646 3780 ne
673 3733 980 3797 perferretur,
1002 3731 1154 3780 verbo
1243 3732 1431 3779 minum
1458 3731 1587 3778 enim
1606 3728 1781 3792 viginti
1806 3725 1959 3774 millia
1976 3737 2157 3774 vestem
2175 3744 2265 3792 pro

171 3807 236 3858 illo
253 3811 444 3860 solemni
468 3823 603 3860 mlo.
619 3809 755 3859 Tulit
781 3827 897 3875 ergo
917 3810 1122 3859 Clodius
1137 3842 1154 3869 ,
1241 3809 1396 3858 salute
1406 3807 1927 3858 Ciceroniemutarunt.
1938 3804 2020 3858 Ad
2034 3804 2268 3868 Quirine,

173 3898 212 3934 nt
238 3891 426 3938 tribuno
457 3889 590 3955 pleb.
622 3889 776 3954 legem
803 3889 976 3938 ferenti
1011 3905 1155 3938 nuno
1245 3904 1354 3954 cap.
1379 3887 1427 3936 3.

177 3963 467 4018 intercederet.
1320 3969 1403 4016 18.
1428 3966 1510 4016 Al.
1536 3963 2055 4030 impudicissimi-,LK
2078 3967 2134 4015 1..
