2594 4537
580 254 974 324 ORATIO
1023 256 1228 323 PRO
1269 256 1585 327 DOMO
1636 258 1858 329 SUA.
2141 260 2279 333 383

93 388 296 445 sent
324 427 348 460 ‚
399 370 1010 471 proscriptionem
1067 400 1220 447 non
1265 373 1497 447 dicam
1540 380 1617 447 in
1662 402 1781 451 me
1800 430 1823 466 ,
1874 380 1971 450 ita
2015 378 2106 453 de
2150 408 2281 455 sua

95 486 368 555 salute
421 486 727 573 merito,
783 484 910 556 sed
963 488 1266 557 omnino
1314 487 1391 557 in
1440 486 1593 587 ullo
1642 489 1793 561 cive
1842 491 2277 589 comproba·-

99 594 448 665 viment?

213 709 386 790 An,
449 706 510 775 si
567 728 702 801 ego
761 728 1074 802 praesens
1126 703 1423 779 fuissem
1446 760 1467 794 ‚
1525 722 1804 784 veteres
1866 711 2005 783 illae
2052 716 2275 812 copiae

96 815 686 909 conjuratorum
707 868 728 901 ‚
769 816 1026 913 tuique
1071 814 1335 913 perditi
1381 817 1642 890 milites
1685 834 1909 917 atque
1942 836 2279 919 egentes,

97 940 188 995 et
223 950 430 996 nova
455 927 610 995 viss>
637 924 1351 1003 sceleratissimorum
1378 928 1763 1005 consulum
1794 935 2087 1029 corpori
2112 958 2277 1010 meo

101 1035 676 1134 pepercissent?
723 1037 854 1135 qui
904 1060 1134 1134 quum
1180 1062 1435 1109 eorum
1488 1040 1821 1113 omnium
1872 1042 2277 1119 crudelitati

97 1148 537 1244 scelerique
588 1150 998 1233 cessissem,
1055 1174 1150 1221 ne
1197 1148 1461 1225 absens
1513 1146 1811 1247 quidem
1854 1150 2054 1233 luctu
2109 1179 2277 1227 meo

103 1272 418 1329 mentes
454 1258 744 1329 illorum
781 1260 1036 1333 satiare
1071 1260 1301 1357 potui.

223 1372 500 1439 XXIII.
561 1369 759 1459 Quid
798 1371 993 1441 enim
1032 1394 1164 1443 vos
1202 1394 1393 1443 uxor
1436 1394 1595 1449 mea
1638 1372 1894 1449 misera
1930 1374 2281 1459 violarat?

103 1502 356 1573 quam
391 1480 802 1567 vexavistis‚
838 1480 1283 1577 raptavistis‚
1322 1482 1525 1557 omui
1558 1479 1982 1563 crudelitate
2020 1482 2279 1569 lacera-

105 1589 368 1659 vistis:
396 1587 581 1686 quid
603 1612 768 1661 mea
791 1588 984 1663 filia?
1011 1590 1222 1687 cujus
1243 1590 1457 1666 fletus
1483 1591 1811 1673 assiduus,
1832 1644 1856 1680 ‚
1884 1593 2279 1692 sordesque

111 1697 476 1797 lugubres
533 1697 744 1770 vobis
805 1714 1012 1773 erant
1058 1700 1441 1794 jucundae3
1486 1718 1891 1777 ceterorum
1944 1706 2276 1785 omnium

113 1822 410 1880 mentes
437 1862 458 1895 ‚
521 1808 924 1906 oculosque
985 1808 1379 1883 flectebant
1417 1837 1435 1883 ε
1491 1812 1672 1908 quid
1719 1837 1987 1911 parvus
2039 1813 2279 1890 filius?

113 1943 388 2015 quem,
431 1918 782 2016 quamdiu
819 1916 1062 2007 abfui,
1106 1944 1326 1992 nemo
1370 1923 1509 1993 nisi
1546 1922 2063 2020 lacrymantem
2098 1953 2276 1999 con·

115 2028 552 2126 fectamque
595 2029 814 2117 vidit,
863 2030 1040 2128 quid
1089 2027 1393 2117 fecerat,
1444 2031 1650 2128 quod
1686 2058 1855 2111 eum
1892 2038 2107 2107 toties
2147 2062 2279 2136 per

117 2138 422 2211 insidias
471 2139 878 2213 interficere
926 2140 1310 2213 voluistis?
1362 2140 1556 2231 Quid
1599 2140 1821 2215 frater
1854 2147 2109 2217 meus?
2148 2149 2279 2243 qui

116 2275 362 2350 quum
397 2251 774 2350 aliquanto
809 2266 980 2351 post
1019 2275 1262 2324 meum
1300 2252 1695 2330 discessum
1729 2279 1819 2332 ex
1841 2263 1864 2298 ¹
1905 2258 2277 2353 provincia

115 2365 486 2449 venisset,
527 2381 791 2460 ‘neque
847 2360 988 2434 sibi
1051 2361 1479 2451 vivendum,
1538 2365 1677 2436 nisi
1728 2389 1869 2438 me·
1894 2368 2275 2454 restitum,

119 2487 462 2571 putaret,
505 2479 738 2570 quum
792 2475 947 2570 ejus
997 2497 1307 2562 moeror,
1358 2474 1656 2572 squalor
1702 2474 2149 2562 incredibilis
2203 2493 2277 2551 et

119 2583 532 2667 inauditus,
569 2582 918 2656 omnibus
958 2583 1391 2656 mortalibus
1421 2585 1845 2660 miserabilis
1879 2585 2275 2678 videretur,

119 2695 417 2791 quoties
451 2720 541 2766 ex
579 2709 821 2768 vestro
869 2693 1062 2768 ferro
1107 2721 1190 2767 ac
1233 2695 1571 2768 manibus
1616 2712 1723 2768 est
1766 2698 2096 2797 elapsus?
2133 2700 2275 2772 Sed

119 2803 304 2901 quid
355 2829 488 2902 ego
541 2820 850 2878 vestram
911 2805 1411 2878 crudelitatem
1462 2831 1815 2904 expromo
1831 2814 1887 2896 ²,
1935 2833 2153 2904 quam
2197 2813 2273 2881 in

119 2915 368 3012 ipsum
423 2939 539 2985 me
583 2939 668 2986 ac
713 2937 916 2986 meos
961 2914 1437 2988 adhibuistis:
1482 2921 1613 3014 qui
1662 2915 2096 3014 parietibuS‚
2146 2922 2275 3016 qui

121 3026 372 3110 tectis,
440 3029 570 3122 qui
637 3025 997 3098 columnis
1067 3051 1150 3098 ac
1213 3024 1541 3125 postibus
1604 3031 1783 3097 meis
1845 3026 2273 3100 horrificum

119 3133 499 3231 quoddam
541 3148 618 3206 et
658 3135 1053 3222 nefarium,
1100 3141 1303 3208 omni
1349 3136 1718 3209 imbutum
1776 3137 1950 3209 odio
1995 3137 2272 3210 bellum

123 3243 514 3316 intulistis?
562 3270 714 3317 non
765 3247 960 3318 enim
1015 3260 1088 3318 te
1144 3247 1482 3336 arbitror,
1530 3270 1762 3344 quum
1812 3262 1980 3346 post
2026 3273 2272 3319 meum

117 3353 516 3426 discessum
539 3409 560 3444 ,
607 3357 940 3428 omnium
990 3355 1468 3456 locupletium
1516 3356 1843 3430 fortunas
1871 3412 1891 3447 ‚
1941 3361 2271 3432 omnium

191 3611 244 3658 9.
265 3597 332 3642 Et
353 3611 481 3643 nova
500 3594 592 3644 vis.
622 3595 673 3644 Si
690 3599 862 3645 Roma
880 3609 1154 3644 commora-
1235 3569 1244 3577 ·
1312 3597 1512 3645 xxm.
1553 3611 1597 3644 τ.
1641 3597 1757 3643 Post
1803 3589 1962 3644 metim
2008 3597 2273 3646 discessum

119 3685 199 3721 tus
231 3690 418 3736 essem,
457 3690 574 3722 num
603 3684 740 3723 tatus
761 3674 991 3724 vixissem
1019 3691 1048 3723 a
1077 3686 1157 3724 tot
1241 3691 1310 3723 ex
1336 3673 1611 3738 provincia.
1663 3675 1739 3721 Ex
1776 3675 1889 3722 Asia
1933 3677 1985 3724 in
2035 3693 2129 3741 qua
2178 3693 2271 3740 pro

117 3755 420 3814 conjuratis,
445 3753 507 3802 ab
537 3754 630 3801 illi·
667 3755 810 3802 novis
832 3755 1005 3803 turmis
1029 3771 1152 3819 quaa
1241 3764 1459 3820 praetore
1483 3755 1653 3804 fuerat.

119 3833 450 3882 scelestissimi
475 3833 697 3883 eonsules
719 3845 1152 3901 comparaverunt,
1314 3850 1363 3883 2.
1403 3836 1623 3881 Vestram
1644 3831 1982 3881 crudelitatem
2018 3851 2270 3900 expromo.

120 3931 274 3978 quum
321 3913 542 3962 noudum
601 3931 772 3964 eorum
824 3914 922 3964 sint
987 3915 1157 3964 satiata
1243 3915 1434 3963 Ernest.
1486 3913 1747 3977 legendum
1794 3911 1999 3976 putabat
2051 3931 2268 3966 vestram

119 3994 232 4042 odia
272 4009 383 4042 meo
410 3994 586 4042 exsilio
613 4013 668 4043 ac
689 3995 845 4044 luctu.
1247 3993 1585 4042 crudelitatem
1611 3993 1868 4060 exprobro·
1888 3993 1935 4042 J.
1951 3995 2013 4042 V.
2036 3995 2095 4048 L.
